1890 3204
319 183 433 242 550
890 199 1184 243 ssnLLiALm·

314 306 559 359 pugnatione
589 302 801 354 occubuit,
835 310 1051 344 coronatus
1079 317 1163 343 non
1182 303 1285 356 fuit,
1312 302 1537 356 imperator
1564 317 1587 346 a
1614 276 1750 354 nostro

314 362 468 400 censeri
491 374 574 400 non
592 359 775 400 videtur·
801 359 1024 399 Iohannem
1047 360 1156 398 enim
1169 358 1473 411 Palaeologum,
1487 351 1685 403 Manuelis
1701 362 1750 403 F.

314 414 625 468 Palaeologinae
641 415 714 454 stu
715 428 775 467 pis
797 414 982 452 ultimum
1001 413 1101 452 infra
1118 413 1305 466 appellat,
1328 421 1368 453 et
1380 414 1690 457 Constantinum
1702 410 1751 458 il·-

251 464 254 468 *
313 468 391 512 lius
419 470 583 508 fratrem
602 469 806 521 despotam
834 467 1088 507 solummodo
1111 475 1228 508 vocat
1246 497 1258 519 ,
1280 476 1488 521 postquam
1509 476 1670 509 mortuo
1682 469 1750 511 Ιὸ-
1773 468 1775 470 ’

312 523 478 564 hanne
468 538 553 576 ipse
569 537 633 563 res
650 522 811 576 imperii
829 523 944 575 Cpoli
962 522 1268 563 administravit.
1297 522 1469 562 Michael
1483 523 1751 588 Palaeologo..

312 593 404 618 rum
419 580 594 643 primus,
625 584 669 616 ut
689 591 751 616 res
769 578 924 630 imperii
940 577 1201 617 administrar
1193 585 1240 618 ἐἰ
1259 579 1424 641 eiusque
1442 579 1686 622 auctoritate
1703 586 1751 624 et

312 633 500 686 auspiciis
528 639 788 686 gererentur,
823 646 1021 672 coronam
1040 634 1216 686 suscepit
1241 633 1419 682 interim,
1438 646 1529 671 cum
1549 633 1751 686 legitimus

310 687 384 726 hei
387 702 429 727 es
455 701 536 726 non
562 694 845 738 coronaretur,
876 687 986 741 quod
1013 701 1084 741 per
1115 695 1283 727 aetatem
1306 686 1504 740 puerilem
1530 687 1650 728 rebus
1681 703 1751 743 ge-

310 740 448 782 rendis
476 744 653 806 ineptus
677 749 790 783 esset.
827 755 954 795 eaque
983 742 1150 782 solemni
1189 743 1433 782 caerimonia
1466 743 1626 795 impelii
1658 757 1746 784 non

310 803 469 836 tantum
509 796 706 850 insignia,
748 797 815 836 sed
857 804 896 836 et
922 795 1139 850 legitimam
1175 803 1416 851 potestatem
1444 797 1639 837 traditam
1663 810 1751 838 esse

309 851 441 890 videri
472 857 615 903 potest.
654 858 692 890 et
722 851 774 891 ad
802 858 960 916 tempus
983 853 1104 891 etiam
1127 852 1292 892 concedi
1320 851 1523 905 potuisse,
1551 851 1750 905 siquidem

308 907 540 960 patriarcha
569 907 764 946 Aisenius
782 935 794 955 ,
827 909 896 960 qui
936 907 1176 947 Michaelem
1202 909 1443 954 coronavit,
1472 907 1688 969 impeiium
1713 907 1751 947 ei

309 961 549 1000 continuum
576 975 656 1000 non
686 963 897 1001 concessit.
923 958 1031 1014 πλὴν
1068 963 1139 1026 (ait
1168 963 1370 1029 Gr'egoras
1394 961 1467 1001 lib.
1496 961 1536 1012 4)
1567 954 1644 1000 οὗκ
1673 955 1751 1001 αὖ·

309 1016 371 1079 τῷ
397 1029 444 1067 γε
479 1015 650 1068 διηνεκῆ
674 1011 760 1078 τὴν
802 1011 1170 1082 αυτοκρατορικῆν
1200 1012 1336 1069 α’ρχὴν
1368 1013 1629 1081 χαρίζεται,
1659 1014 1751 1055 ἄλλ’

309 1066 366 1115 ὠς
394 1070 478 1109 τῶν
509 1064 766 1134 πραγμάτων
812 1069 927 1136 τέωςζ
962 1065 1275 1134 ἀναγκαζόντων
1319 1067 1487 1119 δι’ρικεῖν
1517 1066 1659 1116 αὐτὸς
1671 1063 1751 1110 αὖ·

307 1121 406 1175 τήν,
434 1121 587 1191 μέχρις
616 1120 668 1163 ἀν
693 1124 736 1170 ἐς
767 1118 888 1187 ηβην
904 1121 927 1163 ὅ
953 1122 1122 1189 γνήσιος
1148 1125 1221 1177 τῆς
1247 1122 1467 1192 βασιλὲζας
1493 1121 1750 1176 κληρονόμος

309 1177 422 1227 ὁμοῦ
459 1179 532 1218 καί
573 1175 768 1243 διάδοχος
795 1173 964 1241 φθάσῃ·
1021 1177 1111 1219 τότε
1139 1179 1186 1220 δὲ
1214 1176 1343 1219 αὐτὸν
1369 1174 1513 1218 ἑκόντα
1535 1192 1750 1244 παραχω-

309 1235 399 1283 ρεῖν
430 1231 586 1298 (ἐκείνῳ
615 1228 731 1287 μόνω
774 1247 858 1272 των
887 1246 932 1272 τε
952 1232 1327 1297 αὕτοκρατορικῶν
1352 1229 1518 1287 θρόνων
1544 1230 1616 1272 καί
1644 1229 1751 1272 πάν-

307 1300 392 1326 των
419 1282 510 1336 ἅμα
556 1287 785 1337 βασιλικων
825 1284 1061 1338 συμβόλων.
1103 1298 1379 1328 ὐεηιηιιαιηεη
1412 1297 1645 1342 perpetuum
1669 1288 1749 1342 ipsi

308 1355 518 1395 wipertum
545 1356 626 1381 non
653 1344 870 1392 concessit,
903 1342 979 1381 sed
1000 1352 1042 1382 ut
1082 1345 1303 1398 tantisper,
1332 1343 1446 1382 rebus
1476 1344 1532 1382 ica
1544 1343 1642 1398 flag
1644 1343 1752 1381 itan-

308 1396 438 1445 tibns,
473 1398 686 1450 imperium
726 1397 1048 1446 administraret,
1091 1398 1189 1436 dum
1226 1399 1420 1451 legitimus
1455 1398 1566 1436 heres
1605 1397 1751 1438 adole.

307 1451 485 1490 scenitae
512 1464 636 1490 annos
672 1451 834 1505 adeptus
860 1452 902 1490 'in
930 1453 1096 1505 imperio
1122 1454 1246 1491 etlam
1271 1452 1513 1491 succederet.-
1542 1460 1624 1491 tum
1651 1450 1752 1490 solio

308 1505 572 1558 imperatorio
609 1518 661 1544 ac
685 1507 926 1544 ornamentis
968 1506 1034 1544 illi
1058 1507 1138 1544 soli
1160 1515 1293 1559 sponte
1325 1505 1498 1546 cederet.
1526 1520 1573 1545 ex
1601 1506 1751 1545 Canta-

310 1572 461 1597 cuzeno
491 1559 597 1598 idem
624 1565 783 1598 constat
807 1560 878 1601 lib.
910 1560 932 1598 3
963 1574 1051 1612 cap.
1079 1560 1144 1603 36.
1180 1575 1272 1599 nam
1301 1568 1346 1599 ut
1372 1562 1654 1600 auctoritatem
1686 1561 1751 1599 Io-

308 1613 452 1652 hannis
496 1614 725 1667 Palaeologi
753 1615 1036 1654 Cantacuzeno
1075 1623 1329 1677 opponerent
1354 1616 1472 1658 Anna
1515 1614 1752 1678 imperatrix

309 1675 549 1721 senatusque
579 1668 846 1721 Cpolitanus,
874 1669 987 1708 illum
1015 1670 1208 1709 coronari
1235 1676 1456 1719 efflarunt,
1490 1677 1536 1708 ut
1563 1671 1648 1709 eius
1678 1683 1751 1708 au-

309 1722 447 1775 spiciis
476 1737 523 1762 ac
565 1723 810 1762 auctoritate
849 1722 1028 1778 legitima
1057 1738 1123 1763 res
1151 1726 1236 1778 geri
1265 1730 1444 1778 possent.
1473 1731 1515 1762 at
1546 1724 1612 1762 ubi
1642 1729 1752 1763 certa

309 1784 369 1815 est
397 1777 438 1814 in
466 1777 636 1831 imperio
665 1779 888 1828 successio,
918 1779 1052 1817 statim
1082 1792 1130 1817 ac
1158 1779 1343 1818 decessor
1362 1779 1489 1826 obiit,
1519 1777 1660 1818 heredi
1689 1778 1751 1818 ius

309 1845 358 1870 ac
398 1833 540 1871 titulus
579 1832 791 1885 regiaeque
817 1833 1030 1872 maiestatis
1073 1832 1243 1886 insignia
1271 1834 1446 1883 cedunt3
1475 1846 1549 1871 nec
1579 1832 1646 1872 illa
1672 1846 1752 1872 un-

310 1887 449 1925 ctione
489 1893 559 1925 aut
603 1888 869 1926 coronatione
907 1901 1008 1941 opus
1044 1887 1190 1938 habet,
1222 1894 1270 1928 ut
1297 1902 1434 1941 legem
1461 1894 1590 1940 agat,
1614 1901 1752 1927 rerum

310 1954 466 1981 summa
507 1941 714 1996 potiatur,
758 1942 922 1996 eiusque
970 1944 1158 1996 auspiciis
1206 1957 1254 1983 ac
1294 1945 1460 1983 nomine
1499 1948 1644 1982 cuncta
1680 1956 1751 1996 ge-

309 2002 470 2034 rantur.

422 2050 475 2090 P.
510 2051 577 2104 39,
611 2064 673 2095 12.
728 2049 775 2090 ἐκ
812 2049 976 2103 Σηστοῦ
1006 2047 1111 2102 πρὸς
1137 2044 1347 2105 Ἄβυδον]
1416 2052 1553 2090 Ducas
1581 2051 1752 2095 invertit

310 2104 433 2145 situm
462 2106 659 2148 locorum.
715 2105 843 2144 Turni
872 2119 978 2144 emm
1012 2119 1058 2144 ex
1084 2107 1180 2145 Asia
1207 2106 1249 2144 in
1268 2107 1480 2159 Europam
1506 2104 1753 2148 traiicientes

310 2159 354 2207 ἐξ
382 2156 578 2209 Ἀβύδου
620 2156 725 2210 πρὸς
755 2155 914 2212 Σηστὸν
955 2159 1233 2200 vehebantur:
1287 2160 1457 2214 Abydus
1495 2161 1602 2199 enim
1630 2161 1753 2200 Asiae

308 2214 451 2262 littori,
482 2215 619 2254 Sestus
646 2215 795 2278 Europ
788 2228 863 2254 ieo
892 2214 1059 2254 adiacet.

421 2269 634 2321 P.59,15.
660 2265 754 2309 τότε
771 2283 842 2308 και
836 2265 1091 2319 Σουλειμάν
1105 2262 1166 2316 εἷς
1182 2268 1266 2308 τῶν
1280 2265 1384 2308 υἱῶν
1397 2267 1471 2308 τοῦ
1483 2265 1647 2321 Ὀρχὰν]
1675 2269 1750 2309 Vi·
1803 2267 1809 2273 ’

311 2321 464 2362 dendus
489 2324 792 2363 Cantacuzenus
820 2323 943 2373 1ἱ1).4
972 2338 1057 2376 cap.
1079 2338 1149 2374 ιο,
1173 2324 1243 2377 qui
1269 2322 1539 2363 Suleimanem
1552 2323 1752 2367 Orchenis

310 2375 439 2416 filium
474 2379 516 2416 in
547 2378 623 2418 hac
651 2393 724 2431 exp
727 2378 909 2418 editione
949 2378 1182 2418 occubuisse
1209 2392 1289 2417 non
1315 2378 1464 2422 refert,
1492 2378 1749 2441 eiusdemque

311 2429 407 2470 libii
436 2445 521 2484 cap.
554 2434 606 2473 38
640 2434 756 2472 illum
785 2432 1015 2495 Callipolim
1054 2440 1192 2472 terrae
1221 2440 1330 2472 motu
1358 2446 1538 2471 eversam
1567 2432 1617 2470 de
1642 2434 1748 2472 inte-

310 2499 388 2537 gro
424 2487 651 2526 aedificasse
691 2495 731 2527 et
765 2487 987 2527 munivisse
1020 2495 1173 2527 narrat.
1242 2487 1512 2527 Leunclavius
1555 2480 1750 2527 historiae

310 2540 631 2580 Musulmanicae
658 2541 727 2581 lib.
754 2544 810 2592 4,
837 2542 880 2580 in
908 2556 992 2595 quo
1022 2557 1088 2581 res
1114 2543 1164 2582 ab
1194 2542 1388 2581 Orcbane
1418 2548 1546 2595 gestas
1571 2544 1747 2594 exponit,

310 2594 423 2635 nulla
458 2610 626 2648 proisus
660 2597 869 2637 mentione
897 2596 1007 2636 facta
1043 2597 1224 2637 foederis
1248 2599 1356 2635 inter
1382 2596 1542 2634 Annam
1572 2596 1749 2649 impera-

309 2650 453 2688 tricem
485 2657 523 2688 et
551 2650 783 2691 Orchanem
822 2644 960 2691 sociati
981 2681 991 2699 ‚
1036 2659 1103 2691 aut
1130 2656 1247 2690 etiam
1277 2650 1478 2689 affinitatis
1507 2651 1611 2689 inter
1639 2650 1749 2690 hunc

311 2711 353 2744 et
383 2705 707 2747 Cantacuzenum
751 2713 1013 2756 contractae,
1052 2721 1116 2745 ies
1146 2708 1374 2745 ‘lſtrurcmum
1402 2705 1587 2757 auspiciis
1616 2712 1749 2757 gestas

311 2759 566 2801 solummodo
606 2768 772 2809 narrat,
809 2761 1129 2816 Suleimanisquc
1166 2763 1206 2800 in
1247 2761 1545 2805 Chersonesum
1584 2759 1748 2814 expedi-
