1878 3204
276 161 314 213 6
769 177 931 217 mmm
978 174 1236 215 cAm'rnM.

273 290 420 314 scenam
442 277 621 314 adversm
633 277 810 311 Mor-azam
822 274 1003 323 producit.
1027 286 1143 310 mores
1156 274 1305 321 quidam
1320 275 1519 320 Turcorum
1531 271 1720 322 canditati·-

275 335 346 361 tur.
403 326 457 369 2⁴.
483 324 689 359 Demetrius
705 324 925 358 Leontarius
951 321 1181 367 Mustapham
1206 329 1242 355 et
1263 321 1435 355 Cineitem
1461 321 1503 354 in
1523 319 1721 356 Thraciam

274 372 435 412 traiicit,
446 371 489 406 de
500 369 722 415 recipiendis
733 371 879 416 aliquot
892 368 1041 402 urbibus
1056 379 1133 401 cum
1146 367 1192 402 iis
1209 375 1348 414 pactus.
1366 365 1581 412 Mustaphas
1602 366 1722 412 Calli-

270 418 385 464 polim
413 425 600 463 oppugnat
618 423 652 449 et
665 415 715 448 ad
722 415 956 453 deditionem,
982 425 1077 461 quae
1096 422 1219 448 secuta
1239 422 1305 454 est,
1330 413 1519 448 sollicitat.
1543 424 1614 446 arx
1626 413 1723 447 inte·-

275 465 346 499 rim
360 464 402 497 in
417 463 501 510 fide
513 471 597 501 stat.
615 474 722 507 quam
734 468 919 507 oppugnat
932 460 1162 494 Leontarius.
1184 461 1347 493 Morates
1362 459 1580 505 Mustaphae
1597 458 1716 493 rebel-

275 511 376 544 lione
410 511 558 556 cognita
584 509 786 543 Baiazitem
823 508 989 547 bassam,
1025 514 1251 541 caeterorum
1290 507 1496 540 vezirorum
1520 505 1723 540 sententiae

274 557 542 602 obtemperans,
567 555 749 589 exercitui
770 553 946 598 praeficit
970 559 1005 585 et
1028 560 1158 586 contra
1182 551 1413 598 Mustapham
1437 551 1560 586 mittit.
1606 551 1722 585 Baia-

270 604 367 646 ,zites
390 601 646 649 deficientibus
671 601 712 633 in
731 612 877 645 pugnae
906 599 1017 632 initio
1037 597 1088 632 ad
1115 599 1346 644 Mustapham
1370 598 1552 633 exercitus
1573 598 1635 632 sui
1658 595 1726 631 dn·

275 648 378 683 cibus
404 649 600 695 copiisque.
628 645 971 692 et.ipse‚permittere
989 656 1026 678 se
1043 645 1183 679 victori
1196 652 1346 679 coactus
1365 653 1442 688 est,·
1469 645 1570 678 iussu
1593 641 1725 678 deinde

278 695 434 729 Cineitis
455 702 565 740 caput
587 693 624 728 ei
647 701 881 738 amputatum.
928 690 1143 737 Mustaphas
1165 689 1442 736 Adrianopolim
1460 689 1723 736 proficiscitur.

278 741 475 786 Callipolis
509 740 708 774 Leontario
742 750 779 773 se
817 737 936 778 dedit,
972 749 1080 783 quam
1104 749 1184 772 cum
1212 748 1258 771 ex
1275 737 1394 783 pactis
1420 737 1637 783 imperatori
1657 746 1722 770 ac-

275 788 449 833 quisitam
478 784 666 833 praesidio
679 785 840 832 firmare
867 792 1006 828 parat,
1044 794 1069 817 a
1098 783 1240 818 Cineite
1262 781 1478 829 impeditur,
1507 781 1724 830 delususquc

278 834 419 878 Cpolim
446 832 554 867 redit.
604 833 658 865 25.
678 831 832 866 Manuel
849 832 1048 875 imperator
1065 840 1146 864 cum
1163 830 1307 863 Morate
1320 827 1459 874 foedus
1481 834 1643 874 pangere
1665 839 1726 863 co-

275 880 382 925 gitat.
431 876 648 923 Mustaphas
675 889 733 911 res
757 889 842 910 suas
866 876 1079 916 constituit,
1103 876 1180 910 otio
1197 873 1330 910 deinde
1349 883 1383 908 et
1409 875 1588 920 ignaviae
1611 881 1724 908 totum

276 938 315 960 se
339 924 414 959 dat.
463 925 627 958 Morates
649 921 693 957 de
720 921 974 969 recuperando
1007 922 1160 968 imperio
1188 921 1285 956 serio
1309 921 1454 966 agitat,
1481 920 1725 955 Abrahamum

277 973 421 1005 bassam
444 969 496 1003 ad
519 970 728 1004 Manuelem
758 969 938 1007 destinat,
968 968 1035 1016 qui
1059 980 1098 1002 re
1123 967 1262 1014 insecta
1286 966 1462 1001 discessit.
1486 967 1661 1001 aluminis
1683 967 1726 1001 in

275 1016 436 1052 Phocide
458 1015 649 1062 conjectio.
697 1015 867 1050 Phocaea
895 1027 996 1050 nova
1020 1011 1194 1054 condita,
1220 1014 1266 1048 ab
1285 1013 1432 1048 Andrea
1452 1019 1487 1047 et
1507 1010 1640 1047 Iacobo
1656 1011 1727 1046 Ca-

276 1065 398 1098 taneis
417 1063 642 1109 gubernata,
660 1061 716 1107 slt
735 1062 867 1096 Tur-cis
889 1062 1101 1096 tributaria.
1149 1060 1332 1095 Iohannes
1349 1058 1520 1093 Adon-nus
1539 1058 1726 1093 Phocaeae

275 1119 401 1145 rector
429 1107 668 1144 Mahometem
704 1116 740 1142 et
764 1107 896 1142 deinde
922 1109 1102 1141 Moralem
1127 1105 1233 1147 adit,
1262 1114 1298 1140 et
1318 1105 1403 1141 huic
1423 1116 1492 1151 per
1516 1106 1663 1139 litteras
1685 1105 1727 1139 in

276 1169 320 1191 eo
351 1156 540 1203 copiisque
568 1153 804 1188 traiiciendis
836 1166 983 1200 operam
1022 1165 1123 1187 suam
1155 1152 1364 1203 pollicetur.
1423 1151 1642 1198 Mustaphas
1678 1148 1731 1184 ad

278 1205 450 1237 nuntium
482 1202 662 1234 transitus
688 1201 847 1234 Moratis
876 1202 916 1234 in
941 1201 1131 1245 Europam
1156 1198 1206 1253 fit
1227 1199 1391 1232 moestus.
1417 1208 1495 1231 eum
1521 1198 1729 1245 alloquitur

280 1249 441 1283 Cineites
465 1255 500 1281 et
533 1246 724 1291 obiurgat,
752 1245 950 1293 suadetque
985 1254 1025 1278 ut
1043 1246 1085 1279 in
1099 1247 1221 1279 Asiam
1238 1251 1431 1278 transeant
1443 1257 1457 1288 ‚·
1483 1245 1630 1278 interim
1650 1243 1728 1289 ipse

278 1294 323 1329 de
349 1292 548 1328 deserendo
566 1291 763 1338 Mustapha
786 1303 903 1325 secum
927 1293 1057 1338 agitat.
1105 1291 1321 1336 Mustaphas
1347 1291 1584 1335 Lampsacum
1606 1289 1727 1328 venit,

277 1349 313 1377 et
331 1338 532 1385 Lopadium
549 1350 664 1385 usque
699 1337 955 1383 progreditur,
980 1339 1083 1371 cuius
1110 1345 1253 1381 pontem
1270 1338 1376 1382 prior
1390 1343 1544 1382 occupat
1565 1335 1727 1370 disrum—

277 1389 404 1434 pitque
434 1387 609 1420 Morates.
666 1385 721 1418 26.
753 1385 953 1419 Consilium
977 1386 1105 1417 ineunt
1131 1384 1291 1417 Moratis
1318 1383 1439 1417 veziri
1465 1382 1510 1416 de
1541 1379 1729 1425 perdendo

277 1431 500 1478 Mustapha,
538 1440 574 1466 et
606 1431 786 1465 Gineitem
815 1443 883 1476 per
911 1432 1085 1465 Hamzam
1112 1430 1191 1464 eius
1211 1429 1375 1475 fratrem
1406 1427 1458 1462 ad
1488 1427 1728 1474 defectionem

277 1479 495 1514 sollicitant.
522 1479 682 1511 Hamzae
705 1485 739 1511 et
765 1477 921 1512 Cineitis
944 1477 1143 1523 colloquia.
1194 1477 1354 1510 Cineites
1378 1474 1608 1521 Mustapham
1627 1474 1730 1508 dese-

279 1527 333 1560 rit
351 1525 445 1559 etin
467 1524 611 1558 Ioniam
630 1524 746 1570 fitgit.
794 1523 1027 1568 Mustapham
1056 1523 1226 1557 Homuris
1250 1522 1368 1564 silium
1407 1533 1452 1555 est
1471 1522 1578 1556 Atine
1598 1522 1729 1554 oriun-

264 1571 363 1606 “dum
383 1572 476 1605 bello
491 1572 584 1616 petit
596 1577 631 1603 et
650 1571 690 1603 in
706 1581 831 1616 pugna
852 1568 1041 1616 interficit.
1093 1580 1147 1612 27.
1162 1569 1215 1602 De
1233 1568 1389 1602 Cineitis
1402 1569 1502 1614 fitaa
1525 1568 1631 1602 varii
1651 1578 1730 1600 ser-

280 1630 424 1658 mones,
447 1628 524 1663 qua
541 1617 693 1661 cognita
727 1616 943 1662 Mustaphas
959 1616 1095 1661 sugam
1126 1615 1282 1661 capessit
1308 1622 1342 1647 et
1366 1615 1407 1647 in
1430 1614 1626 1648 Thraciam
1645 1621 1730 1647 tra-

281 1665 375 1699 iicit.
422 1662 596 1697 Adur-nus
627 1664 808 1696 Moratem
831 1663 978 1708 eiusque
1008 1663 1132 1706 copias
1152 1673 1197 1694 es:
1216 1662 1303 1694 Asia
1334 1661 1375 1693 in
1394 1660 1582 1704 Europam
1605 1667 1729 1693 trans—

270 1711 355 1757 fert
367 1723 381 1753 ,-
405 1708 754 1756 quemMustaphas,
780 1707 824 1742 id
842 1720 886 1742 ne
896 1708 1046 1754 faciat,
1070 1709 1217 1753 'si-nstra
1237 1707 1426 1752 promissis
1451 1707 1582 1752 amplis
1599 1713 1728 1740 tentat.

281 1758 448 1790 Mor-ates
470 1766 550 1788 cum
568 1755 684 1800 copiis
707 1755 749 1787 in
774 1762 910 1788 terram
936 1754 1119 1798 expositus
1144 1753 1400 1798 Mustaphaeos
1422 1754 1462 1785 in
1473 1753 1607 1798 fugam
1638 1763 1725 1785 ver-

282 1803 352 1842 tit,
389 1801 597 1846 Callipolim
628 1801 780 1844 recipit,
813 1809 848 1833 et
873 1799 1152 1846 Adrianopolim
1179 1800 1280 1846 petit.
1340 1798 1558 1845 Mustaphas
1581 1806 1729 1843 captus,

282 1857 319 1882 et
338 1849 379 1882 in
396 1848 496 1881 urbis
517 1847 598 1881 loco
613 1847 760 1892 publico
783 1847 917 1894 laqueo
950 1857 1143 1892 suspensus
1177 1858 1223 1880 ac
1239 1845 1521 1890 strangulatus„
1568 1848 1623 1880 28.
1647 1845 1730 1878 Mo-

281 1904 380 1928 rates
404 1894 542 1937 Cpolim
563 1904 776 1938 oppugnare
801 1892 1041 1939 aggreditur,
1069 1890 1234 1926 Iohanne
1263 1892 1480 1936 imperatore
1500 1891 1544 1926 ob
1572 1892 1731 1924 Manue-

279 1941 328 1974 lis
348 1947 565 1974 senectutem
592 1947 628 1974 et
654 1938 796 1972 morbos
824 1950 883 1973 res
905 1938 1052 1984 imperii
1076 1936 1370 1972 administrante.
1420 1938 1546 1971 eor-ax
1577 1934 1734 1971 neolo-

275 1998 343 2032 gus
366 1984 592 2031 proditionis
604 1997 688 2019 reus
711 1983 928 2028 damnatur3
954 1986 1059 2018 cuius
1079 1992 1228 2017 mortem
1239 1984 1370 2018 ulcisci
1388 1984 1537 2028 cupiens
1555 1984 1732 2022 Morates,

278 2032 496 2066 Michaelem
521 2032 653 2075 Pyllim
681 2030 725 2064 ob
742 2029 904 2065 delatum
924 2031 1095 2065 Coracem
1118 2039 1232 2075 morte
1255 2030 1403 2077 afficere
1422 2038 1616 2075 properat;
1643 2029 1732 2071 Pyl-

277 2079 332 2112 les
357 2078 535 2111 Christum
573 2086 612 2111 et
631 2076 750 2124 fidem
771 2077 879 2122 impie
906 2075 1123 2122 abnegando
1140 2077 1260 2110 vitam
1288 2085 1421 2111 servat.
1470 2075 1626 2110 Manuel
1647 2076 1732 2109 Mu-

278 2123 445 2167 stapham
486 2133 697 2157 octuennem
731 2135 908 2168 puerum,
946 2124 1106 2157 Moratis
1121 2123 1307 2168 fratrem,
1348 2131 1479 2156 contra
1521 2121 1618 2155 hunc
1652 2132 1731 2154 sus-

279 2171 394 2209 citat,
427 2177 462 2204 et
481 2171 601 2202 statim
626 2170 794 2203 moritur.
842 2169 1056 2215 Mustaphas
1085 2169 1245 2203 Nicaeae
1270 2177 1397 2213 captus
1419 2181 1442 2201 a
1453 2167 1584 2213 fratre
1605 2174 1732 2200 stran-

278 2217 441 2261 gulatur.
490 2217 655 2250 Morates
685 2216 911 2250 Thessaliam
937 2224 973 2249 et
992 2216 1275 2260 Peloponnesum
1303 2213 1459 2247 invadit.
1509 2213 1646 2247 Cineiti
1663 2225 1732 2259 per

279 2262 405 2295 bassas
430 2273 515 2295 suos
538 2262 669 2296 bellum
689 2263 803 2306 infert
827 2270 861 2297 et
886 2261 1056 2301 debellat,
1079 2260 1297 2308 tandemque
1317 2261 1421 2294 illum
1443 2268 1628 2306 totumque
1652 2260 1732 2294 eius

276 2320 392 2353 genus
421 2309 675 2341 internecione
705 2307 811 2342 delet.
885 2321 940 2351 29.
966 2306 1147 2341 Iohannes
1172 2318 1298 2347 pacem
1329 2318 1407 2340 cum
1423 2307 1568 2340 Morate
1598 2306 1731 2339 initam

277 2354 460 2388 observat.
519 2356 685 2388 Morates
702 2367 780 2388 cum
798 2355 884 2388 aliis
904 2354 1132 2399 principibus
1148 2364 1275 2398 pacem
1296 2351 1434 2398 firmat,
1461 2364 1484 2385 a
1506 2364 1580 2399 qua
1603 2352 1733 2386 Veneti

274 2400 319 2435 ob
347 2409 560 2445 occupatam
574 2400 868 2434 Thessalonicam
893 2401 1044 2435 exclusi.
1063 2406 1269 2433 narrantur
1289 2398 1407 2432 obiter
1431 2409 1562 2432 causae
1578 2406 1731 2443 propter

275 2458 368 2493 quas
390 2447 650 2480 Thessalonica
674 2447 714 2479 in
737 2448 951 2481 Venetorum
970 2453 1178 2491 potestatem
1198 2446 1353 2479 venerit.
1379 2443 1643 2478 Thessalonica
1664 2445 1730 2477 ob-

278 2504 376 2526 sessa
400 2501 435 2526 et
456 2505 476 2526 a
503 2494 647 2525 Mor-ate
670 2502 879 2537 expugnata
897 2501 932 2527 et
945 2491 1101 2538 direpta,
1127 2499 1160 2524 et
1181 2491 1273 2524 novi
1293 2491 1438 2524 incolae
1462 2492 1504 2524 in
1518 2502 1598 2524 eam
1615 2491 1727 2524 missi.

280 2538 410 2573 Veneti
431 2540 599 2573 tristiora
623 2537 903 2580 reformidantes
934 2551 1012 2573 cum
1035 2539 1178 2572 Morate
1194 2549 1321 2582 pacem
1345 2538 1484 2571 ineu'nt.
1510 2536 1729 2572 Walachiaae

274 2586 463 2630 principes
487 2596 522 2617 se
548 2585 706 2618 invicem
737 2585 870 2618 throno
892 2586 994 2628 regio
1011 2583 1229 2627 deturbant3
1255 2583 1457 2618 Draculius
1473 2583 1560 2616 aliis
1578 2583 1730 2629 interfe-

279 2632 347 2665 ctis
379 2639 540 2675 superest
564 2630 782 2665 Walaclziae
811 2630 991 2664 Vaivoda.
1047 2629 1097 2664 Ob
1122 2640 1250 2676 equum
1271 2629 1344 2662 sibi
1377 2641 1400 2663 a
1429 2630 1637 2663 Caramano
1664 2640 1731 2662 ne-

277 2685 403 2722 gatum
419 2701 429 2715 ,
455 2678 491 2710 ei
513 2678 677 2710 Mor-ates
702 2677 832 2710 bellum
858 2678 996 2719 insert.-
1019 2685 1055 2710 et
1075 2677 1172 2709 inter
1195 2683 1385 2721 utrumque
1412 2687 1488 2720 pax
1509 2675 1623 2721 paulo
1647 2682 1728 2719 post

277 2723 475 2756 stabilitur.
524 2725 578 2757 30.
605 2725 770 2757 Servium
804 2735 826 2755 a
852 2724 1008 2767 Geor-gio
1030 2721 1133 2756 Vulci
1149 2722 1239 2768 silio
1265 2723 1429 2755 Mor-ates
1448 2721 1588 2764 repetit.
1615 2721 1729 2754 Geor-

275 2770 359 2815 gius
375 2769 502 2816 filiam
532 2781 632 2803 suam
663 2771 698 2805 ci
725 2777 871 2815 nuptum
901 2768 986 2810 dat,
1031 2779 1202 2804 concessa
1238 2768 1278 2802 in
1304 2766 1422 2804 dotem
1439 2768 1590 2803 Serviae
1610 2775 1726 2813 parte.
