1890 3204
542 174 618 217 An
658 174 777 218 cn».
817 175 980 218 xxxn.
1021 175 1222 218 NOTAE.
1498 155 1612 213 603

85 291 93 300 ⁴
154 283 195 321 ei
225 276 265 319 in
292 278 499 318 Au'striam
535 279 781 327 transierat,
828 293 938 319 anno
967 275 1151 333 sequenti
1185 278 1283 329 1441
1332 291 1394 316 res
1419 278 1619 320 humanas

153 333 352 388 reliquit,
389 347 520 388 quare
547 334 670 388 gestis
700 348 808 374 anno
842 334 945 387 1445
974 336 1166 375 interesse
1192 336 1273 374 non
1298 333 1448 387 potuit.

265 388 320 430 P.
355 389 455 442 218,
491 400 552 442 17.
617 382 670 438 ἧν
695 386 775 442 γάρ
803 385 1138 442 πρωτοστρὰτωρ
1166 386 1190 428 ὅ
1223 382 1400 442 Ἰάγγος]
1458 389 1616 429 Verum

151 450 218 485 est
242 442 415 487 laneum
464 457 537 484 seu
565 444 793 485 Iohannem
820 446 1085 487 Hunni-adem
1106 444 1355 500 praefectum
1382 443 1617 498 generalem

153 497 420 554 Hungaricae
447 498 615 540 militiae
643 499 775 540 fuisse.

263 553 319 596 Ρ.
345 555 458 608 218,
491 569 552 610 ¹7·
623 553 647 592 ὁ
688 555 734 595 δε
774 552 1052 609 τοποτηρητὴς
1078 549 1132 610 ἦν
1158 553 1182 595 ὅ
1211 552 1292 610 ῥὴξ
1322 554 1405 595 τῶν
1433 552 1616 610 Σάξων]

154 608 248 650 Hoc
284 609 443 652 falsum.
511 609 721 651 Ladislaus
760 611 869 651 enim
907 610 1097 652 Polonus
1133 626 1206 652 rex
1245 611 1323 651 fuit
1350 611 1614 665 Hungariae,

150 678 324 719 eamque
350 667 466 721 regio
494 667 678 717 nomine,
705 680 790 707 non
819 667 978 706 tutorio
1009 674 1080 706 aut
1107 667 1259 708 vicario
1286 668 1406 719 rexit3
1437 681 1515 707 nec
1538 681 1617 706 un-

83 747 86 750 ·
149 733 276 775 quam
314 719 551 771 Saxonum,
589 723 660 775 qui
693 722 772 762 hoc
802 721 892 762 loco
920 736 1002 775 pro
1032 722 1203 763 Polonis
1243 737 1267 762 a
1296 723 1416 762 Duca
1445 736 1616 763 sumun-

151 781 238 825 tur,
270 789 342 817 rex
365 776 458 825 fult,
488 777 560 817 sed
580 777 765 818 Casimiri
790 777 992 818 Poloniae
1023 780 1129 832 regis
1156 779 1291 819 frater.
1320 777 1520 818 videndus
1537 779 1615 818 Lt-

150 830 261 873 uncl.
303 831 374 872 lib.
426 831 475 885 14
515 833 568 872 de
606 833 692 874 istis
735 831 920 874 motibus
959 833 1117 875 bellicis
1153 841 1197 875 et
1238 849 1337 889 pace
1371 848 1467 873 cum
1495 833 1618 874 Hun-

150 886 261 942 garis
286 885 516 943 'furcisque
548 889 664 928 inita.
1151 903 1154 908 ·

265 940 318 982 P.
351 958 448 999 219.
483 957 518 987 1.
595 941 616 984 ὃ
651 943 698 984 δὲ
721 941 882 996 Ἰιὶγγος
912 942 988 982 οὐκ
1016 935 1158 994 α’)’μοσε
1187 942 1340 998 λέγων]
1401 943 1618 984 Cum-istis

152 1009 240 1038 uon
268 996 375 1039 bene
411 1001 666 1040 conveniunt
705 1013 812 1054 quae
840 1000 963 1039 huius
1002 999 1144 1053 capitis
1171 998 1293 1039 initio
1325 999 1427 1039 dixit
1455 1000 1592 1039 Ducas
1605 1031 1619 1050 ,

157 1052 299 1093 omnia
328 1053 483 1095 scilicet
510 1055 551 1094 in
582 1055 793 1108 Hungaria
831 1069 906 1109 per
931 1054 1116 1109 reginam
1145 1062 1186 1093 et
1214 1054 1477 1094 Hunniadem
1508 1063 1619 1108 gesta

149 1106 276 1150 fuisse
303 1113 345 1150 et
372 1110 631 1164 gubernata:
682 1111 748 1151 hic
775 1124 871 1150 vero
905 1125 982 1164 per
1024 1124 1246 1164 proregem
1276 1117 1316 1149 et
1341 1110 1450 1165 regis
1477 1110 1619 1149 adole-

150 1163 300 1205 scentis
336 1171 528 1206 tutorem.
557 1168 744 1220 quamvis
770 1180 872 1206 vero
899 1167 1037 1205 Ducas
1063 1179 1127 1206 res
1161 1166 1397 1220 ilungariae
1425 1179 1619 1220 persona-

148 1233 328 1275 rumque
348 1222 582 1276 principum
611 1229 761 1262 statum
791 1223 1014 1275 ignoraret,
1043 1235 1106 1261 res
1134 1222 1240 1261 inter
1254 1223 1416 1261 ‘l'urcos
1440 1227 1483 1261 et
1499 1222 1619 1260 Hun-

150 1288 272 1330 garos
321 1284 451 1331 gestas
491 1277 644 1331 optime
683 1284 921 1332 persecutus
958 1283 1031 1319 est.
1081 1276 1132 1317 de
1171 1278 1258 1316 istis
1285 1276 1401 1317 bellis
1436 1275 1620 1316 adeundi

150 1330 355 1372 Laonicus
372 1331 482 1428 gihb.
503 1330 542 1374 '6
567 1339 609 1373 et
634 1347 658 1388 7
682 1363 695 1386 ,
727 1332 999 1374 Leunclavius
1027 1331 1101 1372 lib.
1140 1331 1206 1385 14,
1239 1340 1280 1372 et
1307 1332 1514 1374 Phranzes
1545 1331 1615 1372 lib.

150 1399 190 1432 2.
221 1400 268 1427 ca
299 1416 310 1427 .
351 1400 365 1428 1
403 1416 414 1428 .

302 1473 315 1486 .
346 1455 443 1499 219,
471 1443 513 1495 4.
581 1440 687 1483 κατὰ
725 1441 801 1482 τοῦ
838 1441 1086 1496 Καραμάν]
1160 1443 1369 1483 Laonicus
1406 1443 1476 1483 lib.
1521 1442 1548 1483 6
1577 1449 1618 1481 et

151 1496 324 1538 Lenncl.
359 1497 431 1540 lib.
467 1497 516 1552 14
562 1496 682 1539 huius
731 1511 897 1553 quoque
925 1497 1043 1548 belli,
1075 1505 1166 1552 post
1193 1506 1327 1538 motus
1357 1499 1618 1553 Hungaricos

148 1551 398 1608 Serviosque
423 1557 698 1608 compositos,
730 1553 946 1594 historiam
976 1561 1136 1597 narrat.

171 1616 201 1704 ᾖ
261 1609 314 1650 Ρ.
343 1622 455 1665 219,
492 1623 554 1666 19.
621 1607 864 1664 Λάρανδα]
932 1609 1046 1650 Urbs
1079 1609 1314 1664 Lycaoniae
1357 1608 1435 1649 sub
1480 1607 1616 1649 leonii

152 1669 171 1704 t
202 1677 322 1705 ron‘o.

261 1719 312 1761 Ρ.
342 1733 434 1771 220,
462 1721 502 1771 4.
559 1719 769 1772 χειμῶνος
797 1718 844 1760 δὲ
872 1712 1090 1774 ἄρξαντος]
1161 1719 1439 1760 Leunclavius
1470 1719 1615 1759 Aladi-

148 1774 213 1814 nis
241 1780 421 1815 mortem
446 1788 492 1814 ex
526 1775 709 1815 historiis
744 1775 933 1814 Turcicis
974 1789 1084 1814 anno
1115 1774 1197 1827 846
1230 1783 1269 1815 et
1297 1789 1346 1814 ex
1380 1774 1616 1814 Annalibus

147 1843 259 1870 anno
286 1829 367 1884 847
397 1831 614 1884 contigisse
641 1830 811 1881 statuit,
841 1837 938 1870 ante
964 1831 1122 1871 bellum
1147 1845 1171 1869 a
1217 1830 1405 1870 Iohanne
1449 1831 1616 1871 Hunni-

147 1885 227 1926 ade
253 1891 294 1925 et
316 1885 494 1940 Georgio
523 1887 695 1939 despota
723 1886 867 1926 Tui-cis
896 1885 1068 1926 illatum.
1102 1886 1241 1926 Ducas
1274 1900 1372 1926 vero
1403 1893 1496 1938 post
1523 1884 1614 1925 bel-
1628 1893 1662 1931 P.
1680 1893 1743 1928 261

147 1939 236 1980 lum
263 1940 368 1981 illud
397 1941 630 1981 confectum
658 1955 883 1996 pacemque
912 1955 1006 1982 cum
1020 1942 1223 1995 Hungaris
1250 1949 1291 1982 et
1320 1942 1473 1982 Serviis
1503 1955 1616 1982 com-

149 1996 328 2050 positam
358 1997 505 2037 tradit.

257 2051 308 2092 P.
338 2065 436 2103 220,
469 2066 538 2092 21.
604 2052 649 2102 ἐξ
683 2052 869 2103 Αἰγαίου
909 2046 1148 2106 πελάγους]
1206 2052 1479 2092 Leunclavius
1506 2051 1615 2092 idem

146 2112 265 2202 110131
292 2107 366 2148 lib.
399 2107 460 2160 14.
488 2115 529 2148 et
553 2110 594 2148 in
624 2108 853 2149 Annalibus
882 2108 1070 2148 Turcicis
1086 2106 1255 2147 classem
1284 2109 1482 2148 Italorum
1510 2108 1612 2148 fuis-

146 2176 190 2202 se
249 2163 331 2203 icit.

259 2217 310 2257 P.
342 2232 451 2270 221,
492 2234 529 2274 7.
586 2213 791 2271 Βύγλας]
867 2217 998 2257 Forte
1046 2218 1112 2258 hic
1154 2218 1414 2273 intelligenda
1444 2219 1543 2258 urbs
1570 2219 1613 2259 in

145 2272 344 2327 Odrysis,
395 2288 501 2328 quae
529 2270 740 2319 Βούκελος
767 2271 1026 2326 appellatur,
1057 2274 1133 2313 sub
1161 2273 1427 2328 metropolita
1458 2274 1614 2314 Adria-—

146 2329 341 2381 nopoleos
370 2328 492 2369 Aemi
522 2331 683 2369 montis.
711 2328 868 2381 Bilgiur
894 2329 1043 2369 Turcis
1074 2329 1309 2383 appellatur
1332 2360 1344 2382 ,
1379 2336 1427 2370 ut
1458 2344 1503 2370 ex
1535 2344 1614 2370 vo-

143 2382 393 2424 cabulorum
420 2385 630 2425 elementis
659 2383 877 2437 probabile
905 2384 965 2423 fit.

254 2440 311 2480 P.
345 2455 443 2492 221,
473 2455 512 2496 9.
571 2438 643 2479 καί
673 2438 720 2493 τῇ
748 2435 924 2493 ἐπιούσῃ
955 2438 1222 2490 συνάψαντες
1250 2438 1449 2494 πόλεμον]
1504 2441 1610 2480 Νον.

149 2507 214 2533 10.
243 2507 285 2534 a.
319 2495 449 2547 1444,
482 2498 584 2550 Heg-
613 2495 697 2544 848
719 2524 729 2541 ,
759 2496 831 2548 qui
860 2496 999 2548 coepit
1039 2510 1088 2550 19
1118 2496 1252 2548 April.
1281 2496 1348 2535 die
1380 2497 1609 2536 Dominica.

143 2547 250 2589 Nov.
289 2564 336 2590 10
369 2557 462 2591 erat
489 2551 627 2605 Regeb
656 2550 722 2589 vel
754 2550 907 2603 Regiab
941 2551 1090 2590 mensis
1121 2552 1208 2592 dies
1240 2565 1310 2605 29,
1346 2551 1444 2590 feria
1473 2553 1512 2592 3.

251 2606 435 2658 Ρ.’221,
459 2607 519 2646 13.
579 2604 601 2645 ὁ
637 2605 683 2646 δὲ
708 2599 864 2657 ’[άγγος
893 2601 1094 2660 ἐκώλυεν]
1154 2606 1270 2647 Idem
1297 2607 1506 2647 Phranzcs
1535 2607 1609 2650 lib„

142 2671 167 2698 2
192 2674 281 2714 cap.
319 2660 366 2702 18
394 2662 536 2701 tradit.
569 2662 771 2702 Laonicus
801 2661 870 2703 lib.
902 2676 941 2714 7.
961 2661 1261 2713 Wladislaum,
1291 2670 1337 2701 ut
1364 2670 1495 2702 castra
1517 2666 1612 2703 Mo·-

143 2714 244 2755 ratis
275 2718 586 2771 aggrederetur,
618 2733 641 2758 a
674 2715 921 2772 quibusdam
950 2717 1172 2771 impulsum
1200 2720 1271 2773 qui
1299 2718 1510 2760 nunniadi
1542 2719 1607 2759 in-

140 2769 334 2813 videbant
355 2803 368 2826 ,
398 2773 554 2814 scribit.
