1904 3198
311 166 395 222 66
637 184 835 229 -DUCAE
872 185 1162 228 menaeus
1198 185 1422 228 NEPo’ns

317 287 379 335 εἰς
405 284 504 336 τούς
531 286 743 336 ἐναντίους
769 284 963 341 ἔδραμεν.
1019 284 1059 327 οἱ
1086 286 1133 328 δὲ
1161 288 1236 328 τοῦ
1249 286 1423 343 Σαρχὰν
1451 280 1754 330 uacuatos-ra

316 348 443 404 ὅμοια
473 350 685 407 ἔπραττον.
742 351 895 406 ὅμοίως
922 350 997 394 καὶ
1020 351 1059 393 οἱ
1086 353 1162 393 τοῦ
1185 351 1418 407 Μανταχία
1436 353 1512 395 καί
1534 355 1611 395 τοῦ
1637 353 1758 409 Κορ-

314 415 431 470 μιάν,
451 415 625 472 δρῶντες
645 417 744 468 τούς
769 416 973 474 ἡγεμόνας
991 417 1129 460 αὐτῶν
1146 416 1370 472 κράζοντας
1384 417 1459 461 καὶ
1467 419 1758 474 σημειοῦντας,

317 484 379 531 εἰς
409 478 566 532 αὐτούς
590 481 773 532 ἅπαντες
799 483 977 538 ἔφευγον
1005 484 1077 524 καί
1100 482 1205 539 πρὸς
1223 482 1321 533 τούς
1349 480 1759 538 ὖπεναντίουςὲχῶ-

318 563 432 604 ρουν.
489 546 512 590 ὁ
559 551 606 591 δὲ
634 547 862 603 Παγιαζὴτ
898 548 956 596 ὥς
984 546 1145 597 κολοιὸς
1188 551 1274 591 κατ’
1303 545 1442 604 ὀλίγον
1469 549 1694 602 ἐψιλοῦτο,
1735 546 1797 592 ὅ5

316 613 447 670 χορὸς
472 615 518 656 δὲ
545 616 627 657 τῶν
655 616 835 656 ,Σκυθῶν
861 614 1097 664 ἐκυκλοῦτο,
1126 614 1198 656 καί
1221 620 1383 671 σφαῖρα
1411 614 1469 665 ὥς
1500 609 1597 671 ἄρτι
1626 615 1761 668 ἐγένε-

317 695 379 724 το.
434 678 537 722 ἰδών
567 682 614 723 δὲ
642 682 858 735 Στέφανος
882 677 903 721 ὅ
931 680 1007 720 τοῦ
1033 679 1243 735 Λαζάρου
1271 679 1366 730 υἱὸς
1392 681 1464 724 καί
1489 680 1763 736 γυναικαδελ-

319 743 402 801 φὸς
428 747 504 787 τοῦ
531 745 777 799 Παγιαζήτ,
809 744 872 786 ἔτι
901 744 1041 787 συνών
1061 740 1174 804 αὐτῷ
1202 744 1283 787 σύν
1311 745 1662 801 πεντακισχιλίοις
1688 745 1763 788 ἄν·

320 808 448 867 δράσι
479 813 652 864 Σέρβοις
682 806 940 866 δορυφόροις
966 813 1039 852 καί
1065 810 1124 866 μὴ
1157 813 1298 867 φέρων
1324 809 1400 866 τήν
1425 805 1554 866 ἧτταν
1565 841 1587 866 ,,
1612 811 1765 867 ἀρεϊκῷ

205 883 240 917 Ρ.
258 883 305 921 36
317 879 444 934 θυμῷ
471 875 576 932 πρὸς
604 874 701 925 τούς
730 874 902 925 Σκύθας
930 881 1086 930 χωρεῖ,
1129 875 1355 931 στήσαντες
1381 874 1435 918 τοὶ
1469 876 1631 933 δόρατα
1653 877 1765 919 -ποίν-
1781 893 1830 919 10

315 959 370 985 τα
398 939 505 984 κατά
541 940 763 997 πρόσωπον
792 943 877 984 ’τῶν
905 942 1095 984 Σκυθῶν.
1168 941 1206 984 οἱ
1234 943 1281 983 δὲ
1312 939 1476 984 Σκύθαι
1503 942 1659 992 ἰδόντες
1687 940 1766 996 τὴν

314 1007 472 1059 τόλμαν
500 1005 638 1061 πλήρη
667 1008 825 1060 θυμοῦ,
863 1006 1104 1057 α’νοίξαντες
1131 1005 1273 1062 θύραν
1299 1005 1459 1049 ἔδωκαν
1485 1006 1630 1056 αὐτοῖς
1657 1007 1767 1057 διέξ-

315 1072 422 1114 οδον.
473 1070 509 1112 οὶ
550 1072 596 1114 δὲ
626 1070 792 1114 ,Σκύθαι
824 1072 1043 1124 ἐξόπισθεν
1071 1071 1245 1126 ἔβαλλον
1269 1074 1412 1126 βέλεσι
1438 1071 1538 1121 τούς
1554 1072 1767 1128 στρατιώ-

314 1153 392 1186 τας
420 1139 464 1179 ἐν
502 1143 589 1187 τοῖς
618 1137 832 1187 ὀπισθίοις
874 1140 956 1181 τῶν
985 1140 1147 1181 ἵππων·
1212 1136 1312 1188 τούς
1347 1138 1429 1194 γὰρ
1457 1138 1658 1193 ἐπιβάτας
1691 1139 1768 1179 υύκ

314 1199 432 1256 εἶχον
462 1198 667 1257 ἀδικῆσαί
690 1219 731 1245 τι
762 1206 1130 1259 περιφραγμένους
1159 1198 1278 1252 ὄντας
1319 1205 1468 1257 μέλανι
1494 1202 1668 1261 σιδήρῳ.
1728 1199 1767 1244 οἱ
1785 1206 1833 1248 ¹5

315 1268 364 1310 δὲ
393 1270 546 1322 Σέρβοι
574 1267 702 1311 πάλιν
731 1269 1138 1325 ἑπαναστραφέντες,
1169 1268 1242 1311 καί
1266 1267 1394 1312 πάλιν
1409 1269 1553 1325 θύραν
1579 1269 1768 1319 α’νοίξαν-

315 1347 381 1382 τες
423 1331 463 1374 οἱ
504 1331 671 1375 Σκύθαι
707 1330 870 1387 ἔδωκαν
909 1335 1050 1384 αὐτοῖς
1088 1333 1274 1387 εἴσοδον,
1314 1333 1422 1390 πλὴν
1447 1335 1491 1385 ἐξ
1519 1336 1769 1390 α’μφοτέρων

314 1399 398 1441 τῶν
423 1401 566 1453 μερῶν
594 1397 740 1441 ἔπεσον
768 1399 844 1440 οὔκ
872 1399 1018 1454 ὀλίγοι.
1076 1401 1310 1455 πλησιάσας
1341 1402 1387 1441 δὲ
1418 1399 1442 1440 ὅ
1468 1401 1680 1456 Στέφανος
1708 1401 1769 1458 τῷ

317 1462 568 1519 Παγιαζὴτ,
599 1465 672 1506 καί
705 1464 832 1506 εἰπών
861 1466 920 1513 εἷς
947 1464 991 1507 τὸ
1043 1461 1116 1514 οὖς
1144 1464 1264 1507 ἱκανοὶ
1295 1463 1493 1520 ῥήματα,
1526 1461 1602 1507 οῦκ
1627 1465 1770 1520 ἐποίη-

318 1545 391 1572 σεν
418 1529 550 1572 αὐτὸν
576 1531 812 1585 καταπειθῆ
839 1532 917 1572 τοῦ
953 1531 1216 1587 ἂποὸρᾶσαι·
1273 1525 1355 1586 ἤδη
1382 1528 1464 1586 γάρ
1492 1527 1768 1585 περιεκύκλω-
1780 1545 1835 1573 20

279 1610 402 1643 Βσαν
432 1594 563 1637 αύτὸν
595 1593 713 1644 κύνες
734 1599 902 1649 πολλοί,
941 1597 1087 1652 ταῦροι
1124 1596 1263 1645 πίονες
1290 1598 1514 1652 περιέσχον
1543 1595 1688 1638 αὐτόν.
1746 1593 1768 1636 ὅ

321 1662 369 1702 δὲ
397 1662 609 1716 Στέφανος
636 1659 746 1716 ὁρῶν
770 1659 822 1703 τά
846 1659 1048 1715 γενόμενα
1069 1662 1142 1705 καί
1159 1662 1405 1718 προβλέπων
1435 1661 1488 1704 τοὶ
1515 1663 1606 1715 μετ’
1632 1659 1770 1715 ὀλίγον

319 1722 526 1780 ἐσόμενα,
572 1724 672 1776 τούς
718 1728 853 1777 ἰδίὀυς
881 1726 1023 1782 λαβών
1050 1728 1123 1770 καί
1147 1726 1221 1771 τὸν
1249 1729 1414 1783 πρῶτον
1443 1724 1538 1769 υἱὸν
1562 1728 1642 1768 τοῦ
1668 1729 1770 1769 Πα-

323 1872 444 1905 effusis
470 1870 622 1906 habenis
646 1873 853 1919 vexilloque
889 1878 993 1919 rapto
1019 1885 1099 1908 cum
1122 1875 1328 1920 quingentis
1346 1875 1491 1908 armatis
1515 1874 1699 1921 equitibus
1725 1874 1772 1909 ad

322 1919 471 1962 Scythas
495 1920 707 1963 transfugit3
744 1931 835 1965 quos
869 1921 985 1954 secuti
1025 1927 1111 1954 sunt
1149 1922 1338 1955 Sarchanis
1369 1921 1530 1962 subditi,
1555 1932 1598 1955 ac
1619 1921 1771 1967 perinde

321 1965 552 1999 Mantachiae
595 1972 631 1999 et
656 1967 856 2008 Carmiani,
882 1978 902 2000 a
926 1968 1151 2013 principibus
1186 1969 1259 2003 suis
1283 1969 1438 2002 clamore
1463 1979 1504 2000 ac
1527 1973 1628 2012 gestu
1653 1979 1773 2001 accer-

326 2012 400 2045 siti.
427 2012 473 2045 ad
498 2013 619 2046 hostes
645 2013 756 2057 igitur
779 2024 903 2047 omnes
923 2019 1133 2056 transeunt,
1160 2020 1197 2048 et
1221 2020 1393 2060 tanquam
1417 2014 1563 2048 fabulae
1588 2015 1772 2059 graculus,

323 2059 502 2093 Baiazites
544 2060 676 2093 sensim
715 2061 902 2105 spoliatur.
951 2061 1163 2105 Scytharum
1188 2062 1334 2096 interim
1361 2061 1559 2095 multitudo
1585 2062 1624 2095 in
1648 2061 1772 2094 orbem

326 2105 471 2150 disponi
509 2106 755 2152 circulumque
795 2107 917 2141 statim
958 2108 1185 2141 concludere.
1220 2108 1320 2155 quod
1359 2120 1438 2142 cum
1462 2107 1774 2142 animadvertisset

326 2152 529 2196 Stephanus
557 2153 679 2186 Lazari
704 2154 822 2195 filius,
846 2154 1014 2188 Baiazitis
1039 2156 1218 2196 sororius,
1252 2157 1315 2200 qui
1341 2156 1380 2188 in
1403 2155 1473 2188 hoc
1496 2155 1636 2200 praelio
1663 2154 1772 2199 quin-

327 2210 398 2243 que
423 2199 538 2231 millia
563 2199 786 2234 hastatorum
811 2201 1014 2235 Serviorum
1038 2201 1218 2243 ducebat,
1241 2202 1337 2235 vinci
1363 2213 1400 2235 se
1423 2211 1496 2234 non
1523 2201 1653 2242 ferens,
1679 2212 1772 2234 mar-

326 2245 408 2278 tiali
438 2245 557 2278 animo
595 2247 632 2278 in
659 2247 806 2291 Scythas
842 2247 955 2282 hastis
987 2249 1025 2281 in
1051 2259 1174 2281 eorum
1199 2259 1262 2281 ora
1284 2249 1394 2282 versis
1418 2247 1689 2292 impressionem
1718 2247 1772 2280 fa·-

328 2292 387 2324 cit.
415 2292 515 2324 cuius
550 2293 737 2327 audaciam
761 2295 1014 2340 furentemque
1040 2294 1214 2340 impetum
1236 2294 1401 2328 videntes
1424 2294 1573 2327 minime
1590 2293 1773 2327 sustinue-

328 2343 424 2379 runt,
450 2339 513 2370 sed
537 2341 706 2385 utrinque
734 2341 903 2375 cedentes
928 2343 1063 2376 exitum
1099 2342 1132 2374 ei
1157 2342 1407 2386 patefecerunt
1429 2340 1602 2384 Scythae3
1629 2340 1692 2386 qui
1716 2346 1773 2374 te·-

328 2385 373 2417 lis
399 2396 439 2417 ac
466 2386 604 2428 sagittis
624 2387 661 2419 in
688 2398 862 2431 equorum
886 2389 1085 2434 posteriora
1108 2388 1237 2429 missis,
1262 2400 1341 2421 cum
1365 2388 1488 2421 ferreis
1511 2387 1632 2421 loricis
1659 2397 1773 2420 arma-

328 2436 384 2464 tos
425 2437 585 2465 vectores
622 2434 833 2478 nequirent,
869 2446 980 2480 equos
1003 2436 1246 2469 vulnerarunt.
1282 2440 1320 2468 at
1344 2434 1457 2468 Servii
1481 2433 1582 2467 flexis
1608 2434 1710 2480 equis
1734 2433 1773 2467 in

329 2478 451 2511 hostes
475 2479 605 2511 iterum
630 2480 763 2514 invecti
786 2482 879 2514 viam
897 2482 1016 2516 denuo
1034 2482 1115 2524 sibi,
1141 2481 1280 2526 Scythis
1306 2481 1517 2515 cedentibus
1543 2486 1580 2514 et
1604 2480 1648 2513 ab
1674 2485 1772 2513 utra-

331 2535 403 2569 que
435 2531 537 2569 parte
565 2526 687 2559 multis
713 2527 947 2570 cadentibus,
984 2534 1211 2574 aperuerunt.
1235 2528 1384 2562 accessit
1406 2527 1540 2560 deinde
1568 2526 1771 2572 Stephanus

331 2571 380 2603 ad
402 2572 595 2605 Baiazitem
611 2598 620 2613 ,
655 2574 882 2619 multumque
907 2586 1104 2609 sermonem
1131 2576 1169 2608 in
1197 2586 1319 2608 aurern
1348 2575 1381 2607 ei
1402 2575 1509 2615 fecit,
1537 2573 1601 2607 sed
1624 2585 1773 2618 persua-

333 2617 418 2650 dere
456 2619 585 2663 nequit
623 2625 663 2653 ut
692 2620 810 2663 fugam
848 2623 1014 2666 arripiat:
1050 2623 1149 2655 illum
1178 2622 1271 2655 enirn
1301 2622 1370 2654 iam
1394 2621 1644 2655 concluserant
1666 2631 1771 2653 canes

332 2665 460 2705 multi,
497 2666 592 2698 tauri
616 2667 766 2711 pingues
791 2668 1000 2702 ambiebant
1023 2669 1162 2715 (psalm.
1188 2681 1243 2709 αι,
1275 2669 1340 2714 13.)
1369 2667 1559 2701 attendens
1586 2678 1666 2711 ergo
1693 2666 1772 2699 Ste-

332 2710 474 2756 phanus
499 2712 545 2744 ad
569 2723 611 2745 ea
633 2724 725 2757 quae
751 2715 988 2758 gerebantur,
1035 2717 1241 2760 exitumque
1269 2715 1398 2759 praelii
1421 2715 1614 2748 instantem
1631 2712 1773 2758 praevi-

335 2757 443 2799 d⁰¹²32
469 2759 588 2805 copias
613 2770 694 2807 suas
721 2766 757 2794 et
779 2762 1055 2808 primogenitum
1079 2763 1244 2796 Baiazitis
1280 2762 1396 2795 filium
1419 2761 1684 2795 Musulmanum
1707 2759 1773 2793 ab-
