1916 3210
0 660 5 671 v
0 623 7 635 2.
0 594 6 614 u
0 388 10 570 v-m-:uw-rv-qr—
0 365 3 377 -
0 282 8 354 ——v-vv
0 239 10 275 ιτ-

440 165 651 211 rrAmcE
700 169 1036 211 munimime
1073 167 1328 223 menno,
1500 149 1538 217 4
1550 169 1566 206 ι
1580 149 1615 208 3

162 275 264 325 nait,
294 284 373 325 con
399 269 429 320 li
448 270 508 312 soi
534 269 712 325 sequaci,
744 276 787 310 et
813 270 964 311 mando
988 270 1018 311 li
1046 265 1464 325 a-Constantinopoli.
1493 271 1618 312 Erna-

164 329 262 380 ουρ)
292 325 526 383 irnperador
557 325 712 372 mando
746 327 923 367 Mustasa
956 341 980 368 a
1010 325 1165 368 l’insola
1196 328 1248 368 de
1277 327 1509 372 stanin-nino,
1538 342 1618 368 con

160 383 307 426 ordine
336 383 390 424 ali
418 382 479 424 soi
511 380 586 422 che
611 380 720 421 fosse
747 381 825 422 ben
853 382 1064 436 guardato.
1120 382 1269 424 Zenait
1297 389 1532 424 veramente
1559 383 1623 424 ri·-

158 446 284 480 tenne
304 453 339 481 a
364 437 716 491 Constantinopoli
760 439 827 478 nel
854 440 1102 479 monasterio
1128 439 1179 479 de
1204 438 1523 480 Pamacharisto.
1581 438 1621 480 A

159 494 339 536 Mustafa
367 493 514 534 forono
543 493 731 533 ordinate
759 494 796 532 le
823 491 948 546 spese,
976 501 1016 534 et
1045 509 1118 548 pei·
1137 509 1210 535 sua
1238 496 1479 549 compagnia
1505 501 1621 534 tren-

160 557 204 590 ta
231 549 377 592 zovani
408 549 481 590 tali
511 549 623 603 quali
653 548 682 588 li
716 548 756 587 fo
788 549 993 590 Ixicamet.
1066 551 1102 589 A
1131 550 1276 591 Zenait
1303 550 1335 590 li
1365 551 1405 589 fn
1434 550 1622 604 deputati

159 605 261 647 dexe
299 606 444 647 zovani
492 604 534 644 in
573 618 647 644 sua
685 604 940 659 compagnia.
1004 604 1266 647 Mechemeth
1291 605 1492 647 mandava
1522 607 1621 660 ogni

161 674 274 702 anno
321 675 346 702 a
388 659 651 714 l’imperador
700 658 752 699 de
790 660 1148 715 Constantinopoli
1192 661 1244 702 de
1287 660 1316 702 li
1362 661 1425 702 soi
1466 661 1620 701 theson-i

160 716 283 772 aspiri
309 722 495 758 trecento
525 716 654 767 milia,
687 728 763 755 con
793 724 935 769 questa
974 717 1213 757 conditione
1239 717 1316 758 che
1340 731 1424 757 non
1451 717 1623 758 dovesse

160 773 241 813 mai
274 771 424 812 liberar
453 771 629 812 Mustafa
658 771 739 810 fine
768 770 838 811 alli
866 771 999 811 ultimi
1029 773 1193 812 termini
1220 772 1313 814 dela
1339 772 1421 812 vita
1452 773 1503 812 de
1529 775 1622 813 Me-

159 825 376 880 chemeth3
418 835 458 868 et
505 828 567 867 ala
596 842 670 868 sua
719 833 849 866 morte
879 828 936 868 lui
983 828 1149 868 elezeria
1179 827 1259 869 deli
1289 828 1352 868 soi
1381 829 1518 883 quello
1544 828 1624 868 che

159 884 231 938 pin
264 890 350 924 atto
385 882 426 923 al
464 882 612 939 ducato
651 882 678 922 li
706 882 882 935 pax-era,
927 884 964 924 el
996 883 1120 939 quale
1149 897 1226 923 con
1257 882 1538 938 l’imperadore
1577 884 1622 924 di

162 939 291 981 Greci
314 937 440 980 habia
482 953 507 978 a
545 939 786 979 continuare
824 938 863 978 la
905 953 1002 993 pace
1031 946 1073 980 et
1117 939 1299 979 amicizia
1326 948 1514 994 paterna*
1563 939 1623 979 Le

158 996 282 1048 quale
308 995 582 1036 conventione
607 1008 684 1048 per
710 995 951 1034 sacramenti
980 1001 1022 1036 et
1048 996 1247 1049 scripture
1274 996 1403 1035 molto
1430 994 1622 1036 sollemni

161 1051 348 1104 firmate,
375 1048 406 1091 li
435 1049 703 1090 ambaxadori
741 1048 792 1089 de
824 1049 1179 1106 Constantinopoli
1206 1052 1374 1105 partire.
1430 1051 1494 1090 Da
1523 1050 1623 1104 quel

90 1135 97 1142 ·
159 1113 327 1161 tempo:
361 1105 620 1147 Mechemeth
662 1104 1065 1147 secretissimamente
1095 1106 1280 1147 cominzb
1313 1120 1336 1146 a
1369 1105 1625 1147 dissimulare

161 1168 204 1203 et
227 1161 440 1203 nutricare
468 1161 591 1202 hodio
622 1165 766 1201 contro
796 1158 836 1200 la
865 1161 945 1200 cita
974 1161 1210 1216 imperiale,
1249 1168 1289 1202 et
1317 1161 1449 1202 anche
1476 1169 1623 1203 contra

161 1215 192 1258 li
222 1217 393 1258 Valachi
420 1231 492 1272 per
516 1231 643 1257 caxon
671 1214 778 1256 della
808 1214 1099 1257 sublevatione
1127 1218 1179 1258 de
1203 1217 1393 1258 Mustafa.
1424 1219 1468 1258 ln
1504 1218 1623 1272 quel-

161 1274 190 1313 li
218 1274 332 1313 zorni
360 1273 402 1313 fo
430 1271 604 1313 exaltato
633 1285 715 1311 uno
743 1270 866 1311 homo
895 1271 992 1312 delli
1026 1274 1149 1326 primi
1199 1272 1305 1313 della
1333 1272 1411 1312 cita
1440 1273 1492 1312 de
1522 1273 1706 1316 Phi-m

161 1327 368 1383 ladelphia
388 1357 402 1380 ,
451 1341 526 1382 per
561 1327 693 1382 patria
733 1325 983 1377 Christiano,
1027 1342 1094 1367 ma
1123 1342 1194 1382 per
1220 1329 1257 1367 le
1284 1341 1440 1381 opere,
1470 1328 1553 1368 vita
1583 1335 1625 1369 et
1709 1328 1711 1330 ’

161 1385 338 1424 costumi
377 1382 447 1438 pin
487 1385 613 1438 impio
653 1389 694 1423 et
722 1382 794 1436 pin
834 1382 997 1423 infidele
1042 1381 1118 1424 che
1146 1382 1319 1426 Turchi.
1395 1384 1551 1435 Questo
1580 1383 1624 1425 in

162 1438 300 1494 quella
325 1439 479 1495 grande
514 1439 658 1479 vestita
685 1437 737 1478 de
765 1437 963 1491 Tartari,
994 1451 1111 1479 come
1137 1438 1277 1494 quello
1305 1438 1381 1478 che
1412 1453 1490 1479 con
1521 1439 1626 1479 adu-

160 1493 316 1542 latione
345 1502 386 1536 et
412 1494 615 1535 delatione
643 1492 744 1534 falze
774 1508 942 1534 cercava
972 1493 1080 1534 farze
1109 1494 1268 1549 grande
1294 1508 1461 1548 api-esso
1481 1496 1627 1536 Demir

158 1549 426 1606 imperadore
470 1564 549 1590 con
567 1591 571 1595 ,
589 1549 629 1590 la
668 1548 906 1604 perditione
945 1548 1028 1590 deli
1056 1550 1227 1605 proximi
1262 1550 1348 1602 soi,
1379 1557 1559 1591 metteva
1586 1549 1628 1592 le

163 1605 288 1662 taglie
314 1606 386 1647 alli
416 1605 479 1646 soi
506 1604 765 1660 compatrioti
809 1604 1032 1646 Christiani
1077 1619 1243 1647 mazore
1273 1605 1350 1647 che
1377 1619 1460 1645 non
1489 1620 1559 1646 era
1586 1607 1627 1648 la

162 1661 389 1716 possibilita
416 1661 506 1702 loro
537 1660 589 1702 de
617 1659 747 1715 poder
769 1674 942 1715 pagare3
973 1668 1014 1701 et
1042 1663 1265 1702 excruciati
1289 1675 1361 1716 per
1393 1662 1507 1702 molti
1537 1668 1627 1703 tor-

162 1718 316 1768 menti,
350 1732 432 1758 non
465 1718 662 1770 possendo
688 1731 814 1771 pagar
843 1717 883 1756 la
911 1724 1000 1756 taxa
1031 1718 1228 1771 imposta,
1258 1717 1286 1757 li
1315 1715 1482 1757 barbari
1510 1732 1626 1759 come

163 1773 330 1814 animali
367 1773 407 1813 al
452 1772 544 1812 foco
577 1773 606 1813 li
636 1772 765 1813 faciva
791 1772 982 1812 bruxare.
1013 1773 1168 1824 Questo
1194 1773 1318 1813 homo
1347 1772 1390 1812 fo
1419 1787 1500 1812 una
1523 1788 1625 1827 per..

163 1829 317 1869 niciosa
346 1834 463 1883 peste
491 1827 571 1868 alla
596 1829 729 1882 patria
758 1834 799 1867 et
841 1827 909 1867 alli
940 1827 1107 1867 citadini
1139 1829 1215 1868 soi.
1272 1827 1421 1868 Partiti
1452 1828 1480 1868 li
1509 1830 1626 1870 Persi

165 1884 218 1924 de
232 1885 346 1934 Asia,
375 1885 431 1923 lui
460 1883 571 1936 parti
601 1883 652 1923 de
666 1882 966 1936 Philadelphia‚
996 1889 1037 1922 et
1058 1897 1189 1923 venne
1218 1885 1624 1938 aConstantinopoli.

164 1939 222 1980 Et
250 1939 529 1980 conversando
563 1939 605 1978 in
646 1937 687 1978 la
717 1944 834 1978 corte
864 1938 971 1978 dello
1001 1939 1292 1991 imperadore,
1324 1940 1365 1978 in
1394 1953 1495 1992 poco
1521 1947 1628 1980 tem-

164 2009 219 2049 po
247 2008 291 2035 se
319 1994 538 2035 demesticb
567 2008 643 2033 con
672 1995 686 2033 i
716 1992 843 2033 nobili
871 1992 934 2032 del
963 1993 1118 2047 palazo.
1147 1994 1231 2033 Per
1259 1994 1298 2033 la
1327 1995 1554 2048 fvequentia
1583 1995 1629 2037 di

165 2051 335 2091 messazi
365 2057 405 2090 et
447 2049 692 2090 ambasiarie
719 2048 1008 2099 Turchesche,
1053 2049 1131 2088 che
1160 2051 1200 2088 in
1244 2049 1370 2103 quelli
1400 2052 1523 2103 tempi
1553 2065 1637 2099 ve·-

167 2106 320 2146 nivano
361 2107 414 2146 da
442 2105 699 2146 Mechemeth
732 2103 1064 2158 al’imperadore,
1112 2111 1256 2158 questo
1287 2105 1410 2144 homo
1440 2107 1624 2148 cominzb

166 2162 219 2202 ad
253 2163 438 2202 inserirse
456 2176 528 2216 per
546 2160 808 2210 Turcimano,
838 2166 880 2199 et
909 2159 947 2200 le
976 2159 1114 2214 parole
1134 2160 1390 2200 Tui-chescbe
1419 2162 1626 2215 interpre-

165 2224 261 2257 tava
294 2219 335 2258 in
367 2217 504 2272 lingua
536 2218 668 2256 Greca
688 2246 699 2264 ‚
730 2215 878 2269 perche
908 2229 976 2255 era
1005 2215 1108 2255 bene
1138 2215 1336 2255 instructo
1371 2217 1412 2255 in
1443 2213 1550 2256 l'una
1583 2225 1624 2259 et

167 2271 298 2314 l’altra
335 2273 484 2328 lingua.
553 2273 820 2313 Chiamavase
861 2270 898 2310 el
935 2271 1167 2325 Theologo,
1210 2286 1235 2311 0
1262 2270 1365 2311 ch'el
1407 2271 1511 2313 fosse
1539 2275 1624 2315 cosi

166 2329 368 2369 chiamato
398 2344 475 2383 per
517 2328 555 2368 la
582 2327 750 2368 sottilim
780 2325 845 2366 del
878 2341 951 2366 suo
998 2326 1169 2380 inzegno
1187 2357 1197 2374 ‚
1231 2341 1256 2366 o
1284 2342 1366 2380 pur
1395 2327 1470 2368 che
1496 2329 1625 2371 molte

168 2383 280 2425 volte
309 2384 347 2424 el
377 2400 497 2425 nome
529 2385 636 2424 bono
666 2398 740 2438 per
767 2382 805 2422 el
842 2384 1050 2422 contrario
1081 2397 1214 2422 venne
1241 2383 1413 2437 imposto
1443 2383 1482 2423 al
1517 2385 1624 2425 liuo-

166 2455 235 2479 mo
263 2443 436 2493 captivo.
515 2442 670 2490 Questo
702 2438 920 2490 Theologo
961 2440 1002 2477 in
1048 2444 1154 2477 tutte
1185 2437 1224 2477 le
1252 2453 1346 2479 cose
1373 2439 1624 2493 del'impe1·io

167 2509 248 2536 con
280 2496 436 2536 Turchi
465 2498 610 2540 veniva
649 2502 822 2548 operato
871 2494 1089 2548 inpricipio
1122 2507 1235 2533 come
1267 2494 1519 2548 interprete3
1549 2496 1623 2537 da·-

167 2553 234 2604 poi
274 2551 493 2592 crescendo
535 2566 608 2591 sua
646 2549 907 2596 conditione,
958 2551 1105 2589 veniva
1134 2549 1325 2590 mandato
1354 2550 1625 2593 ambaxadore

168 2605 505 2661 dal'imperadore
547 2609 586 2647 al
614 2606 747 2646 duc'ha
777 2603 1034 2644 Meehemeth
1076 2612 1115 2644 et
1149 2621 1172 2645 a
1198 2605 1380 2646 Paiasith
1414 2610 1623 2661 mesagi03

168 2676 246 2701 con
279 2662 309 2702 li
367 2663 450 2702 uali
477 2669 591 2703 tanto
625 2676 668 2701 se
700 2661 938 2701 desmesticb
957 2691 969 2711 ,
996 2675 1046 2700 or
1074 2675 1153 2700 con
1185 2659 1316 2708 l'uno,
1349 2676 1399 2702 or
1429 2677 1506 2702 con
1536 2663 1623 2703 l'al-

169 2724 238 2758 tro
265 2717 318 2758 de
338 2678 446 2758 (ilicti
486 2717 645 2772 signori
692 2731 715 2756 a
762 2716 901 2756 tavola
944 2716 1198 2769 magnitudo,
1244 2716 1320 2757 che
1347 2718 1454 2757 oltra
1485 2718 1522 2757 la
1548 2733 1623 2758 sua
1640 2723 1703 2760 123

171 2773 452 2817 commissione
492 2773 597 2816 delle
638 2787 731 2814 cose
776 2779 930 2813 secrete
957 2770 1063 2813 della
1089 2771 1168 2813 cita
1196 2779 1236 2812 et
1264 2771 1328 2813 del
1361 2774 1499 2828 palazo
1527 2788 1624 2828 par-
