1916 3210
476 161 687 207 numm-2
725 151 1060 205 mnarum
1098 159 1352 206 menam.
1521 144 1636 213 445

188 266 310 322 piena
331 264 386 310 de
413 264 569 309 theseri
589 264 630 304 fo
642 262 849 318 publicata
868 270 909 306 et
929 263 1113 310 bruma.
1141 264 1275 306 Morat
1293 262 1400 305 della
1429 272 1562 306 morte
1589 266 1643 306 de

187 314 408 378 {theologo
440 319 624 363 Coracho
650 319 755 359 ‘sena
785 322 938 373 grande
964 322 1234 376 displicentia,
1262 328 1304 361 et
1331 322 1642 362 maximamente

135 412 137 414 .
187 377 274 420 che*
292 393 372 434 per
398 378 436 419 la
459 377 584 418 bocca
611 375 664 416 de
695 375 811 414 molti
838 376 880 415 fo
899 377 1106 430 divulgato
1121 375 1198 417 che
1226 375 1332 416 della
1351 383 1487 416 morte
1501 377 1641 417 Theo..

187 433 285 489 logo
329 446 400 475 era
443 439 550 473 stato
585 443 736 472 caxone
778 432 951 472 Michael
998 432 1108 475 Pilis.
1181 431 1340 484 Questo
1370 432 1543 472 Michael
1572 447 1641 473 era

187 487 446 540 Christiano,
489 502 560 543 per
601 481 906 541 patria‘Greco
945 488 996 528 da
1027 487 1220 541 Epheso,
1264 487 1315 528 de
1344 495 1464 542 gente
1489 488 1644 531 nobile.

189 542 339 587 Viviva
365 545 408 585 in
438 551 551 584 corte
577 541 643 582 del
673 540 805 582 dncha
833 544 970 583 Morat
1001 543 1053 584 de
1085 543 1123 582 lo
1148 543 1337 584 exercitio
1368 543 1434 584 del
1461 545 1642 584 scrivere

184 598 332 641 lettere
355 598 560 640 Arahiehe
601 605 642 638 et
670 598 828 639 Latine.
883 598 938 639 Et
979 598 1148 639 essendo
1178 598 1219 638 in
1250 599 1345 654 quel
1374 606 1514 653 tempo
1542 599 1642 640 Pilis

182 654 248 696 eol
279 661 478 710 tyranno,
509 654 545 694 la
574 653 681 694 fama
713 667 754 693 se
781 667 922 706 sparse
960 655 1036 696 che
1064 655 1193 695 havea
1221 655 1374 710 scripto
1400 654 1482 696 allo
1510 655 1642 710 impe-

183 709 334 753 radore
365 709 444 751 che
471 708 685 761 Theologo
729 709 887 750 Coraco
928 711 1066 751 voliva
1114 709 1244 751 tradir
1280 711 1318 750 la
1346 710 1454 759 cita,
1497 718 1539 751 et
1562 726 1641 765 per

185 771 333 822 questo
367 765 508 806 adviso
545 764 596 805 de
629 765 729 805 Pilis
758 765 916 804 Coraco
956 766 995 806 fo
1027 773 1178 806 morto.
1251 765 1351 806 Pilis
1378 766 1573 821 adunque
1599 769 1638 807 al

180 835 321 864 remor
347 821 451 861 della
483 820 729 861 mulitudine
755 820 798 860 so
824 833 942 874 preso
975 827 1017 861 et
1042 820 1322 862 crudelmente
1353 829 1635 874 tormentat03

179 883 225 919 et
251 884 483 918 constructa
513 890 595 917 una
622 875 778 930 grande
804 875 894 929 pira
914 877 965 917 de
994 877 1161 917 carboni
1190 875 1368 927 inl‘ocati,
1402 877 1444 917 fo
1472 884 1715 930 menat0187

179 933 220 974 al
245 933 336 974 foco
369 947 449 987 per
477 931 586 972 darli
614 938 744 972 morte
773 932 946 972 crudele.
1016 933 1071 973 Et
1098 932 1335 972 dimandato
1353 962 1365 982 ‚
1397 932 1467 972 s’el
1497 932 1638 974 voliva

179 1000 352 1044 renegar
379 988 419 1028 la
450 987 539 1028 fede
570 987 803 1042 evangelica
833 987 1094 1038 Christiana,
1136 987 1164 1027 li
1191 987 1296 1028 saria
1322 987 1479 1028 salvata
1507 989 1545 1029 la
1577 991 1640 1030 vi-

177 1051 254 1097 ta3
283 1043 522 1084 altramente
555 1043 649 1097 que'l
699 1042 788 1082 foco
819 1041 988 1083 ardente
1027 1045 1281 1084 consumaria
1311 1044 1348 1083 el
1377 1057 1452 1084 suo
1482 1057 1635 1099 corpo:

179 1097 220 1140 el
248 1101 396 1140 misero
433 1098 591 1138 infelice
609 1128 622 1148 ,
667 1098 744 1139 che
782 1111 943 1152 sempre
987 1112 1058 1139 era
1085 1105 1192 1139 stato
1222 1105 1458 1152 peccatore,
1488 1100 1636 1152 elesse‚

178 1168 254 1210 per
277 1154 433 1197 salvare
455 1153 492 1194 el
522 1167 647 1208 corpo
670 1183 682 1204 ‚
727 1153 900 1208 perdere
943 1152 1117 1194 l'anima.
1175 1155 1340 1208 Renegb
1369 1154 1405 1194 el
1437 1168 1533 1195 vero
1563 1156 1634 1197 dio

178 1217 222 1251 et
251 1209 292 1251 la
323 1224 420 1252 vera
460 1209 577 1259 fede,
619 1215 662 1249 et
690 1209 733 1250 fo
762 1208 1015 1249 circumciso.
1073 1210 1128 1250 Et
1156 1209 1290 1263 poeho
1321 1217 1462 1264 tempo
1493 1210 1598 1251 visse
1620 1242 1633 1260 ‚

178 1265 323 1321 poiche
348 1266 389 1310 in
432 1265 566 1320 quella
595 1263 685 1305 fede
714 1264 927 1318 reprobata
972 1264 1091 1305 mori.
1149 1266 1211 1305 Lo
1247 1264 1484 1318 imperador
1509 1267 1637 1307 Ema-

177 1321 289 1372 nuel,
325 1320 403 1362 che
430 1334 501 1360 era
517 1319 664 1360 vechio
690 1327 730 1360 et
759 1320 948 1367 infermo‚
982 1327 1022 1360 et
1051 1319 1215 1360 l'animo
1245 1320 1290 1359 e'l
1319 1335 1393 1360 cor
1420 1335 1495 1360 suo
1527 1336 1634 1362 sem-

175 1391 252 1432 pre
280 1377 409 1419 havea
436 1376 596 1416 elevato
625 1374 703 1415 alla
734 1375 1008 1415 misericordia
1039 1375 1090 1415 de
1108 1376 1199 1426 dio,
1227 1374 1336 1415 dalla
1366 1376 1506 1416 divina
1535 1391 1637 1431 pro-

175 1432 358 1473 videntia
379 1431 422 1472 fo
448 1429 623 1471 salvato.
678 1431 742 1470 De
775 1430 803 1470 li
842 1429 910 1470 doi
940 1429 1079 1484 figlioli
1121 1431 1173 1470 de
1200 1430 1457 1471 Meohemeth
1488 1432 1635 1472 fratelli

174 1487 227 1530 de
267 1489 440 1539 Morat,
483 1486 593 1526 l'uno
643 1486 684 1526 fo
728 1486 924 1526 suffocato
964 1485 1143 1526 secundo
1173 1487 1211 1527 la
1242 1500 1388 1528 usanza
1418 1486 1470 1528 de
1498 1488 1634 1543 quella

174 1542 404 1585 inhumana
430 1543 707 1596 generatione.
743 1542 901 1582 L'altro
932 1549 1168 1582 veramente
1189 1572 1202 1594 ,
1231 1542 1268 1582 el
1297 1543 1418 1598 qnale
1445 1558 1488 1584 se
1521 1544 1634 1584 chia-

174 1612 295 1639 mava
336 1597 510 1640 Mustafa
529 1626 541 1646 ‚
585 1596 782 1637 mon-endo
821 1596 858 1637 el
893 1604 1039 1651 patre,
1081 1597 1135 1638 da
1181 1612 1266 1638 uno
1309 1598 1350 1638 di
1376 1600 1436 1639 soi
1462 1599 1633 1652 baroni,

129 1659 132 1662 ’
172 1655 380 1695 chiamato
413 1652 552 1694 Helios
579 1653 676 1692 Siar
705 1660 849 1707 aptar‚
900 1653 942 1693 so
984 1653 1170 1694 involato
1208 1661 1248 1694 et
1290 1661 1461 1707 portato
1507 1656 1551 1694 in
1597 1656 1636 1696 le

174 1717 293 1765 parte
321 1708 430 1751 della
458 1707 617 1748 Natolia
644 1722 762 1748 verso
792 1708 1049 1762 Pamplonia.
1119 1709 1240 1750 Onde
1267 1709 1360 1750 Siar
1389 1718 1508 1764 aptar
1534 1711 1635 1751 scri·
1684 1724 1690 1731 ⁴

171 1779 247 1819 pse
273 1766 341 1806 alo
379 1764 638 1820 imperadore
681 1763 827 1804 lettere
856 1763 984 1804 molto
1025 1771 1206 1812 secrete,
1256 1764 1334 1804 che
1366 1764 1391 1804 li
1425 1766 1636 1807 mandasse

173 1821 340 1862 thesoro
370 1834 444 1875 per
470 1833 635 1860 menare
662 1818 701 1860 el
727 1826 846 1873 putto
878 1819 917 1859 in
939 1820 1099 1859 Prusia.
1157 1820 1218 1859 Lo
1251 1819 1489 1874 imperador
1516 1835 1634 1862 man-

175 1875 232 1916 db
260 1890 335 1917 oro
371 1882 416 1916 et
452 1880 621 1915 arzento
660 1880 701 1914 et
729 1888 803 1928 per
831 1888 972 1914 menar
1022 1874 1060 1914 el
1095 1881 1217 1928 putto
1249 1874 1289 1914 in
1319 1876 1463 1916 Prusia
1489 1884 1529 1917 et
1558 1891 1634 1931 per

173 1945 398 1987 congregar
426 1930 618 1971 exercito.
648 1929 697 1970 ln
726 1935 873 1983 questo
900 1936 1038 1982 tempo
1057 1931 1193 1970 Morat
1221 1930 1432 1972 attendiva
1466 1946 1489 1971 a
1517 1946 1632 1972 corn..

172 1987 312 2027 hatter
339 1984 710 2038 Constantinopoli.
778 1985 833 2024 Et
876 1985 1044 2025 essendo
1073 1985 1204 2025 molto
1228 1985 1386 2026 intento
1412 1987 1494 2026 allo
1522 2002 1632 2028 asse-

174 2041 244 2083 dio
274 2042 380 2083 della
409 2043 516 2090 cita,
558 2054 682 2094 sopra
731 2054 853 2079 zonze
879 2054 964 2080 uno
994 2040 1036 2079 di
1065 2040 1187 2080 celeri
1220 2042 1452 2091 corredori,
1488 2043 1631 2083 nunti-

172 2097 311 2138 andoli
341 2112 459 2138 come
488 2097 524 2136 el
556 2094 733 2136 Mustafa
764 2110 837 2135 suo
869 2094 1032 2136 fratello
1064 2109 1131 2135 era
1166 2095 1318 2135 intrato
1347 2097 1386 2136 in
1417 2097 1562 2138 Prusia
1589 2107 1710 2143 et188

172 2167 242 2194 era
269 2160 377 2194 stato
410 2157 625 2205 acceptato
656 2150 763 2191 dalla
794 2151 950 2200 citade‚
985 2151 1022 2190 la
1052 2151 1174 2204 quale
1206 2151 1333 2191 havea
1367 2153 1559 2193 laudato=
1590 2162 1641 2195 et·

171 2208 277 2248 bene
314 2209 431 2249 decto
466 2207 606 2261 quello
650 2221 765 2247 come
794 2206 948 2259 ducha3
987 2212 1029 2246 et
1056 2221 1172 2246 come
1197 2207 1266 2260 poi
1296 2221 1364 2247 era
1394 2211 1546 2264 partito
1577 2210 1630 2251 da

171 2264 321 2304 Prusia
347 2278 423 2304 con
452 2264 543 2303 Siar
571 2268 690 2316 aptar
718 2262 828 2302 Elies
855 2276 927 2317 per
954 2261 1083 2301 andar
1114 2263 1152 2301 in
1184 2261 1367 2307 Niehiea,
1428 2264 1628 2306 Havendo

171 2329 312 2374 queste
343 2333 435 2360 cose
459 2318 584 2358 aldite
616 2319 751 2358 Morat
777 2332 850 2357 con
884 2317 923 2358 la
952 2325 1086 2357 mente
1114 2318 1296 2367 intento,
1329 2333 1448 2359 come
1477 2321 1519 2360 lo
1551 2322 1630 2360 im-

175 2376 358 2430 perador
390 2374 443 2416 de
463 2374 606 2414 Romei
633 2373 687 2413 ha
715 2380 881 2413 trovato
910 2388 963 2412 un
991 2372 1094 2412 altro
1122 2373 1299 2413 Mustafa
1328 2388 1403 2427 per
1432 2375 1535 2415 darli
1570 2377 1630 2417 fa-

172 2431 292 2471 stidio
313 2461 325 2478 ‚
369 2429 476 2471 lasso
505 2429 543 2469 el
573 2428 825 2469 combattere
853 2427 1240 2482 Constantinopoli,
1278 2430 1430 2471 mando
1461 2431 1628 2472 indetro

170 2484 199 2525 li
225 2486 443 2526 strumenti
472 2485 633 2536 bellici,
667 2484 836 2524 licentii)
867 2486 908 2524 lu
938 2486 1115 2523 exercito
1140 2498 1386 2537 numeroso,
1414 2492 1457 2526 et
1489 2486 1527 2526 la
1555 2501 1630 2527 sua

170 2555 343 2595 persona
363 2541 482 2582 torno
502 2542 541 2580 in
560 2540 852 2594 Andrinopuli.
883 2541 945 2579 Lo
977 2539 1208 2592 imperador
1225 2541 1426 2582 Emanuel
1456 2542 1630 2583 habian-

171 2596 228 2637 do
257 2599 301 2638 za
330 2597 467 2637 vicino
497 2596 668 2637 l’ultimo
696 2609 818 2635 zorno
847 2595 898 2635 de
925 2609 998 2635 sua
1028 2596 1108 2634 vita
1129 2625 1141 2645 ,
1171 2602 1210 2635 et
1238 2597 1407 2636 essendo
1437 2598 1629 2638 decorato

171 2651 223 2692 de
250 2653 344 2705 ogni
390 2652 556 2693 virtude
604 2659 643 2691 et
671 2653 775 2691 visso
805 2665 966 2703 sempre
995 2650 1351 2693 castissimamente
1380 2654 1446 2693 col
1478 2653 1630 2694 timore

171 2706 224 2746 de
248 2709 322 2748 *dio
353 2714 394 2748 et
419 2708 574 2762 grande
602 2708 799 2761 sapientia
828 2714 870 2747 et
890 2706 1078 2760 integrita
1099 2721 1206 2745 circa
1234 2706 1272 2747 le
1294 2723 1385 2748 cose
1413 2708 1478 2748 del
1509 2724 1629 2748 mun-

172 2761 228 2803 do
259 2771 300 2805 et
339 2763 595 2819 del’imperio
611 2792 624 2817 ‚
670 2762 840 2804 essendo
877 2776 950 2818 per
993 2761 1033 2804 la
1072 2762 1261 2805 vechieza
1305 2774 1456 2806 venuto
1482 2765 1627 2806 seccho
