1916 3210
439 151 654 197 muer,
700 125 1043 195 mmnrnssm'
1083 150 1337 194 monnio.
1508 131 1623 199 433

171 255 397 297 massae-za
431 269 453 295 a
484 255 635 296 diversi
673 254 805 308 opifici
831 258 872 294 et
904 255 1211 295 maximnmentc
1240 268 1264 293 a
1294 253 1468 294 tinctori.
1500 255 1625 296 Tutte

169 311 373 367 ndnnqiie
396 311 433 352 le
461 324 590 360 nave,
633 309 710 349 che
741 324 877 349 vanno
905 311 998 350 dale
1033 316 1150 364 parte
1181 308 1394 350 Orientale
1419 309 1483 349 ale
1508 308 1627 364 perte

174 368 377 423 Enipei-ic,
406 365 628 406 attendono
659 378 822 404 carcare
851 365 903 404 de
927 371 1037 405 sotto
1077 365 1129 405 de
1160 371 1304 419 questo
1333 364 1469 405 alume
1486 395 1498 416 ‚
1534 380 1626 405 car·

127 469 132 471 ‚
171 423 257 464 cho
289 436 366 478 per
394 421 507 462 ‘tutte
534 422 569 461 le
590 422 808 474 provincie
849 419 1054 460 vendibile
1089 427 1129 460 et
1155 421 1207 460 de
1233 434 1315 460 non
1339 420 1497 475 piccolo
1526 435 1627 474 gua-

173 477 326 542 dugno.
381 477 446 518 Da
470 483 611 531 questa
633 482 855 530 montagna
884 490 958 530 per
986 490 1079 515 ussu
1098 475 1150 516 dc
1173 478 1324 516 tentori
1358 483 1398 516 et
1425 476 1516 516 altri
1534 478 1627 530 opi-

166 532 554 598 fici-exportaveno
594 530 646 571 de
672 538 815 585 questa
843 546 979 572 merce
1009 532 1134 571 alumi
1163 530 1204 571 in
1229 531 1435 582 Francia,
1466 531 1508 570 in
1537 532 1627 571 An-

171 586 285 643 giia,
316 601 359 628 m
389 587 638 637 Germania,
667 586 710 626 in
737 586 883 637 ltalia,
913 587 954 626 in
989 586 1178 640 Ispania,
1210 588 1252 627 in
1274 586 1457 634 Arabia,
1486 588 1526 627 in
1550 588 1628 641 Sy·

169 643 267 696 vie,
284 642 469 684 ’et·eltri
520 642 563 682 in
608 641 713 683 altre
738 642 952 696 provintie
979 642 1046 682 del
1074 642 1246 683 mondo.
1303 642 1376 683 Nel
1407 648 1548 697 tempo
1576 643 1628 682 de

170 698 378 740 Michaele
408 696 659 750 Paleologo‚
705 697 743 738 el
772 697 869 752 qual
897 697 940 737 fo
977 697 1108 752 primo
1137 696 1179 738 di
1212 696 1421 752 Paleologi
1450 697 1628 751 impera.

3 791 14 794 .,
175 753 296 806 dore,
322 767 507 794 vennero
539 753 675 793 alcuni
701 753 838 792 Latini
864 753 972 792 dalle
1001 760 1122 807 parte
1153 752 1205 792 de
1221 754 1434 803 ponente,
1462 761 1501 794 et
1528 762 1633 794 con'-

0 814 13 855 F·
173 808 350 850 dusseno
391 814 535 864 questa
563 814 784 862 montagna
812 807 925 848 dallo
957 805 1217 862 imperadore
1245 822 1318 863 per
1348 816 1460 848 certo
1489 816 1632 863 tempo

170 871 225 905 ⁴et:
249 878 326 919 per
354 878 439 904 uno
473 871 590 904 certo
629 870 867 904 convenuto
908 865 1105 903 annum-io
1124 864 1234 904 fitto.
1293 866 1340 903 In
1371 864 1465 918 quel
1493 871 1634 918 tempo

167 919 195 959 -i
232 919 392 960 Turchi
428 920 644 960 andavano
682 919 916 959 insidiando
961 927 999 958 et
1025 919 1297 959 discorrendo
1330 917 1517 973 leqparte
1543 919 1636 959 dela

177 974 301 1016 Lidia
341 981 383 1015 et
421 975 474 1015 de
502 974 600 1015 Asia
632 974 757 1015 infine
794 975 845 1014 ad
874 975 1061 1015 Sordeon
1104 982 1143 1015 et
1173 974 1428 1027 Manghesia.
1459 976 1529 1029 poi
1559 976 1636 1016 che

170 1029 208 1070 -li
237 1030 373 1071 Latini
393 1061 404 1078 .
448 1029 525 1070 che
558 1030 745 1070 haveano
774 1030 879 1070 tolta
922 1029 962 1069 la
990 1036 1215 1084 montagna
1246 1030 1294 1069 ad
1326 1029 1464 1070 affictu
1486 1060 1498 1081 ,
1526 1030 1635 1071 inte·-

177 1099 285 1126 sono
325 1086 366 1126 le
398 1085 633 1126 incorsione
674 1086 724 1125 de
751 1085 906 1125 Tun-chi
942 1085 1130 1125 hebbeno
1172 1099 1257 1125 non
1286 1085 1443 1138 piccola
1474 1098 1631 1139 paura,

179 1148 222 1182 et
261 1140 553 1182 cominzarono
591 1155 616 1181 a
665 1141 866 1180 fabricare
905 1155 990 1179 uno
1029 1139 1190 1193 piccolo
1235 1140 1430 1188 castello,
1479 1149 1634 1195 quanto

178 1196 285 1237 fosse
313 1196 526 1237 bastevole
563 1210 641 1249 per
694 1196 732 1236 la
774 1196 839 1235 lor
876 1195 1064 1234 custodia
1098 1201 1140 1235 et
1183 1195 1234 1235 de
1273 1195 1381 1236 circa
1412 1195 1660 1250 cinquantex

178 1251 427 1292 mercenarii
458 1251 704 1292 conductitii
737 1250 812 1290 alle
841 1265 965 1303 opere
985 1251 1037 1290 dc
1067 1250 1097 1290 li
1127 1249 1269 1290 alumi.
1328 1251 1378 1291 Li
1406 1253 1529 1292 Greci
1559 1253 1637 1294 che

178 1307 431 1347 hebitnvano
476 1306 490 1345 i
536 1307 645 1347 lochi
688 1306 849 1346 finitimi
895 1305 960 1345 nel
1001 1319 1148 1359 eampo
1195 1306 1247 1346 de
1273 1307 1552 1356 Menomen0‚
1583 1308 1636 1348 de

178 1362 417 1417 “enghesia
458 1368 500 1401 et
540 1361 592 1401 de
619 1361 838 1416 Nympheo
858 1389 872 1413 ,
915 1374 1208 1412 convennerO,
1239 1367 1278 1401 et
1305 1368 1533 1402 trovarono
1560 1363 1637 1404 che

178 1416 209 1458 li
239 1417 375 1459 Latini
400 1417 590 1457 haveano
620 1417 851 1457 cominzato
880 1430 903 1455 a
932 1417 1137 1456 fabricare
1163 1431 1244 1456 una
1271 1417 1444 1458 forteza.
1519 1419 1636 1459 Con-

177 1472 352 1514 ferendo
390 1472 585 1526 adunque
625 1479 667 1513 et
710 1471 981 1514 consultando
1020 1486 1142 1526 sopra
1188 1471 1333 1526 questa
1364 1488 1486 1520 cosa,
1516 1473 1638 1514 final-

177 1535 319 1570 mente
344 1543 388 1570 se
431 1541 730 1577 convennero,
772 1527 1072 1582 promettendo
1109 1527 1139 1567 li
1185 1529 1311 1570 Greci
1354 1528 1638 1570 circumvicini

178 1583 234 1624 ali
265 1584 403 1625 Latini
434 1582 619 1623 adiutare
643 1597 725 1624 non
753 1583 976 1624 solamente
1002 1583 1054 1623 ad
1083 1584 1290 1624 fabricare
1319 1598 1404 1625 uno
1441 1586 1636 1639 castello,
1655 1593 1718 1630 162

178 1653 250 1679 ma·
273 1652 316 1680 se
341 1638 381 1680 le
408 1652 502 1679 cose
529 1639 805 1679 succederano
832 1652 952 1679 come
977 1653 1231 1693 sperwano,
1263 1654 1286 1679 a
1314 1641 1399 1680 fare
1424 1644 1511 1680 'una
1538 1643 1641 1682 cita-

180 1690 235 1737 (le
272 1708 350 1750 per
386 1692 617 1735 salvatione
659 1701 700 1734 et
726 1693 984 1735 habitatione
1012 1695 1064 1734 de
1094 1700 1202 1735 tutte
1230 1694 1302 1735 doi
1332 1696 1370 1735 le
1398 1703 1526 1750 parte.
1583 1699 1640 1739 Et

180 1757 328 1805 questo
365 1750 410 1790 fo
440 1749 478 1790 el
511 1749 720 1803 principio
760 1750 869 1790 della
893 1764 1003 1790 nova
1031 1750 1188 1790 F‘ochia
1215 1751 1403 1791 edificata
1434 1752 1486 1791 da
1516 1754 1639 1793 Greci

179 1811 223 1846 et
265 1806 319 1845 da
348 1803 485 1845 Latini
511 1804 612 1845 dieti
639 1805 690 1844 de
716 1819 865 1859 sopra,
913 1812 1033 1858 posta
1064 1806 1129 1845 nel
1159 1805 1232 1846 lito
1257 1807 1324 1846 del
1355 1821 1494 1858 mare,
1523 1822 1546 1847 a
1570 1808 1639 1862 pie

178 1860 232 1900 de
259 1858 300 1900 la
325 1866 544 1914 montagna
574 1861 615 1899 in
646 1861 840 1954 opposito
867 1859 973 1900 della
1002 1861 1169 1900 Natolia
1194 1876 1313 1901 verso
1341 1861 1482 1912 l'Asia‚
1518 1878 1638 1903 verso

180 1914 358 1956 Oriente
381 1922 527 1956 contra
553 1913 669 1955 l'inso
688 1930 711 1954 a
737 1915 790 1955 de
819 1916 951 1955 Lesbo
970 1944 983 1965 ,
1013 1929 1133 1955 verso
1164 1917 1462 1970 Septentrione
1491 1925 1639 1959 contra

181 1970 219 2010 el
250 1970 366 2025 golfo
403 1971 455 2010 de
482 1969 583 2010 Elea
631 1977 673 2010 et
699 1970 751 2010 de
778 1970 1020 2010 Mesembria
1050 1978 1091 2010 et
1118 1970 1158 2010 lo
1184 1971 1295 2025 golfo
1325 1972 1377 2012 de
1405 1974 1532 2014 Ionia.
1591 1976 1639 2014 Li

182 2025 426 2067 Latiniche
450 2024 704 2066 edificat-ono
731 2033 873 2080 questa
898 2027 1002 2075 citia,
1039 2026 1189 2066 forono
1226 2027 1430 2076 Geuuesi3
1475 2030 1639 2069 Andrea

180 2087 224 2121 et
265 2083 429 2131 lacomo
471 2080 523 2121 de
561 2081 749 2122 Catonia.
821 2081 1052 2136 Togliando
1083 2081 1121 2122 el
1149 2096 1347 2137 cognomc
1371 2083 1462 2123 dela
1494 2085 1639 2125 vechia

179 2136 217 2177 F
219 2137 363 2185 ochia,
408 2136 569 2177 chiamo
606 2143 747 2191 questa
786 2135 824 2175 la
852 2137 1006 2177 Fochia
1043 2151 1166 2178 nova.
1245 2139 1290 2178 In
1326 2146 1468 2193 questo
1500 2147 1638 2194 tempo

179 2191 364 2232 Sarchan
392 2191 588 2248 principe
633 2193 683 2232 de
711 2191 831 2231 Lidia
860 2191 990 2233 havea
1028 2199 1234 2247 occupato
1261 2195 1415 2246 grande
1444 2203 1559 2247 parte
1585 2199 1638 2236 de

182 2247 298 2288 Asia.
326 2247 355 2288 li
390 2248 548 2288 Turchi
594 2249 820 2288 con-ivano
867 2248 948 2287 fine
992 2248 1070 2288 alle
1100 2255 1223 2302 porte
1269 2249 1372 2289 della
1419 2265 1527 2290 nova
1557 2251 1637 2292 ciffi

181 2302 287 2343 delle
311 2303 470 2343 Fochie
488 2332 500 2351 ‚
533 2303 723 2343 robando
754 2311 795 2343 et
823 2303 1044 2343 amazando
1084 2304 1114 2343 li
1139 2304 1290 2358 poveri
1318 2305 1452 2345 Greci.
1513 2307 1637 2347 Onde

182 2358 211 2398 li
238 2359 358 2399 Greci
404 2365 447 2399 et
477 2359 613 2398 Latini
644 2359 749 2399 della
792 2373 901 2398 nova
935 2359 1118 2410 Fochia,
1159 2360 1233 2413 pii1
1259 2360 1311 2400 da
1339 2362 1532 2402 necessita
1561 2363 1637 2403 che

181 2413 235 2453 da
264 2414 433 2453 volunth
461 2415 679 2454 constrecti
699 2444 708 2462 ‚
739 2429 782 2454 se
810 2429 1063 2469 composeno
1102 2428 1178 2454 con
1207 2416 1388 2456 sarchan
1412 2447 1423 2467 ‚
1453 2425 1635 2471 promet-

181 2468 337 2509 tendoli
376 2483 455 2510 con
500 2469 794 2510 sacramentale
824 2471 1065 2523 promission
1101 2471 1207 2510 darli
1243 2472 1338 2526 ogni
1386 2487 1498 2513 anno
1529 2475 1634 2528 aspri

182 2524 330 2565 minuti
358 2525 410 2564 de
450 2533 614 2565 arzento
651 2525 985 2580 quindecimum,
1017 2525 1093 2565 che
1123 2527 1317 2580 vagliono
1346 2528 1463 2569 d'oro
1496 2531 1633 2568 nunni..
1653 2544 1715 2576 ,53

184 2579 286 2619 sima
329 2580 629 2635 zinquece11t03
672 2588 712 2621 et
749 2595 866 2620 senza
907 2581 1131 2622 offensione
1160 2582 1268 2622 l'una
1294 2591 1334 2623 et
1363 2583 1490 2624 l‘altra
1518 2594 1636 2637 parte

186 2634 395 2676 vivesseno
425 2638 466 2675 in
499 2651 626 2690 pace,
674 2644 713 2676 et
748 2637 821 2675 che
853 2636 978 2691 quelli
1006 2636 1113 2676 dalle
1142 2652 1248 2679 nove
1276 2640 1429 2679 Fochie
1464 2642 1635 2694 podesse

183 2703 328 2730 versat
367 2691 434 2731 nel
468 2707 587 2745 paese
628 2691 679 2731 de
706 2692 891 2731 Sal-chan
932 2707 1050 2733 come
1077 2693 1219 2744 amici,
1252 2703 1292 2735 ct
1320 2695 1348 2734 li
1375 2697 1528 2736 Tui-chi
1556 2711 1636 2750 po-

186 2745 356 2787 desseno
383 2755 661 2788 securamente
688 2749 842 2788 intrare
874 2755 914 2789 et
943 2749 1080 2790 uscire
1108 2750 1150 2790 in
1179 2749 1216 2790 le
1242 2750 1398 2792 Fochie
1427 2767 1543 2794 senza
1576 2752 1636 2791 al-

328 2824 464 2859 Ducae.
1344 2829 1387 2868 28
