1884 3216
313 159 424 227 244
654 177 838 222 nucAE
874 175 1160 221 MianEms
1199 178 1422 221 NEPOTis

313 278 441 329 αυτὸς
471 278 548 334 τὴν
582 281 720 335 κοινὴν
759 282 985 338 α’γγαρείαν
1011 281 1056 321 ἐν
1083 281 1141 337 τῷ
1165 278 1340 339 κάστρῳ.
1396 279 1470 322 καί
1493 276 1546 335 δὴ
1578 281 1751 335 πλησίον

187 343 220 377 Ρ
240 343 299 389 ¹37
313 343 518 406 πεζεύσας
546 349 622 389 τοῦ
646 346 808 402 πύργου
836 347 914 386 τοῦ
951 346 1171 398 λεγομένου
1201 343 1445 399 Ἐπιβάτας,
1472 340 1757 394 ἀπολύσαντες

310 411 412 461 τοὺς
438 413 590 461 ι’ππους
619 413 691 454 καί
716 411 768 454 τοὶ
796 409 1037 465 σκευοφόρα
1066 404 1152 461 ζῶα
1179 410 1224 452 ἐν
1248 415 1333 461 τοῖς
1351 415 1523 466 καρποῖς
1547 412 1650 455 τῶν
1653 407 1755 453 Ῥω-

308 475 447 530 μαίων
483 477 740 532 ἐλυμήναντο
779 475 876 524 τοὺς
924 475 1115 529 στάχυας
1153 475 1226 518 καὶ
1267 475 1343 532 τὴν
1385 472 1514 531 αλλην
1554 475 1757 518 παντοίαν

306 541 450 597 χλόην.
505 538 565 591 εἷς
595 544 641 584 δὲ
670 543 754 583 τῶν
777 541 998 593 Ῥωμαίων
1035 539 1148 595 δρῶν
1173 538 1246 596 τὴν
1283 544 1504 597 γενομένην
1532 541 1685 600 ζημίαν
1711 541 1793 584 ἕν5

309 614 398 659 τοῖς
427 607 674 656 πολυκόποις
699 602 835 648 αὐτοῦ
872 603 1158 661 γεωργήμασιν
1189 606 1362 662 δραμών
1389 606 1534 659 ἐδίωξε
1559 604 1659 656 τούς
1685 607 1759 649 ἳπ-

309 689 415 723 πους
444 675 490 715 ἐκ
517 672 591 715 τοῦ
624 672 772 726 α’γροῦ.
829 667 889 720 εἷς
920 673 967 713 δὲ
992 674 1073 714 τῶν
1103 670 1345 727 ἱππηλατεῖν
1377 674 1557 728 Τοῦρκος
1585 670 1759 728 φθάσας

309 741 427 780 παίει
457 735 527 779 τὸν
546 731 768 790 Ῥωμαῖον.
800 732 924 784 ἄλλος
957 738 1003 778 δὲ
1024 736 1250 792 προσγενὴς
1276 739 1354 779 τοῦ
1375 740 1607 794 τυφθέντος
1634 734 1760 793 ἔδρα-

310 818 364 856 με
381 834 393 855 ,
424 804 498 844 καί
521 805 611 854 μετ’
641 797 774 844 αὖτὸν
800 803 963 856 ἕτερος,
1000 802 1152 854 ὁμοίως
1178 803 1252 843 καί
1277 801 1316 844 οἱ
1348 804 1525 857 Τοῦρκοι
1553 801 1756 860 ξιφήρεις.

310 868 622 921 συμπλακέντες
651 861 727 908 οὖν
746 865 940 922 α’λλήλοις
969 865 1212 922 ἐσφάγησαν
1239 868 1284 909 ἐκ
1309 869 1390 910 τῶν
1425 867 1618 924 Τούρκων
1645 865 1761 922 ὅμοι’·
1778 886 1824 912 xo

315 949 372 983 ως
403 935 476 974 καί
513 933 559 974 ἐκ
599 934 684 973 ταῖν
717 931 949 985 Ῥωμαίων.
1003 931 1093 975 τότε
1123 930 1144 973 ὃ
1179 930 1401 987 Καγιάπεγ
1434 929 1569 990 (οὕτω
1595 932 1676 991 γάρ
1707 929 1761 989 ἦν

316 999 430 1057 αὐτῷ
475 993 626 1054 ὄνομα)
666 999 736 1040 ἐπὶ
775 995 852 1052 τὴν
880 993 1032 1052 αὔριον
1063 997 1235 1054 φθάσας
1263 1000 1322 1047 εἰς
1349 997 1424 1041 τὸν
1451 997 1660 1055 ἡγεμόνα,
1690 1002 1764 1043 καὶ

278 1062 611 1144 Βπροσκυνὴσας
638 1061 766 1104 αύτὸν
816 1062 923 1105 κατὰ
952 1062 1000 1105 ’τὸ
1044 1061 1167 1115 ἔθος,
1199 1063 1421 1143 ἀπηγγειλε
1447 1061 1586 1108 πάντα
1611 1064 1663 1108 τὰ
1694 1081 1763 1120 γε·

315 1127 470 1183 νόμενα
519 1131 564 1171 ἐν
614 1135 704 1179 ταῖς
740 1128 1003 1183 Ἐπιβάταις
1070 1129 1144 1171 καί
1179 1128 1307 1179 αυτὸς
1338 1128 1395 1185 μή
1426 1129 1591 1186 δεηθεὶς
1617 1126 1764 1186 ἑτέρας

317 1195 511 1249 ἀγγελίας
553 1190 582 1249 ἢ
621 1194 950 1251 παραστάσεως,
1000 1192 1239 1250 προστάξας
1284 1196 1401 1254 αύτῶ
1441 1197 1499 1253 τῷ
1538 1195 1764 1252 Καγιάπεγ
1781 1199 1828 1240 15

316 1262 394 1303 τοῦ
426 1260 623 1302 ἀπελθεῖν
654 1261 699 1302 ἐν
725 1262 891 1317 σπουδῇ
916 1259 996 1302 σύν
1022 1266 1110 1309 τοῖς
1129 1262 1265 1302 αὐτοῦ
1283 1277 1558 1342 στρατιωταις
1585 1277 1656 1304 και
1683 1279 1765 1304 πα-

317 1325 441 1377 τάξαι
467 1324 638 1374 τούτους
663 1326 708 1367 ἐν
726 1329 918 1383 μαχαίρα
947 1324 1103 1375 πάντας
1129 1329 1206 1367 τοῦ
1232 1329 1392 1383 χωρίου
1413 1327 1586 1371 ἐκει’.·νου
1641 1322 1663 1368 ὃ
1693 1330 1766 1370 καί

316 1393 481 1446 γέγονεν
497 1408 507 1417 ·
539 1389 677 1433 ἐλθών
694 1389 775 1446 γάρ
794 1393 992 1447 ἐξαίφνης
1009 1393 1143 1446 πρωΐ,
1164 1391 1236 1433 καί
1264 1391 1303 1434 οἱ
1340 1383 1517 1447 γεωργοὶ
1530 1389 1764 1443 ἐξελθόντες

318 1459 380 1505 εἰς
409 1455 507 1505 τούς
534 1455 690 1512 α’γρούς
717 1458 792 1498 τοῦ
821 1458 1021 1511 θερίζειν,
1053 1455 1365 1507 ἐπεισπεσόντες
1392 1456 1432 1500 οἱ
1453 1459 1630 1513 Τοῧρκοι
1658 1456 1764 1499 πάν-

318 1537 396 1570 τας
421 1523 700 1578 κατέσφαξαν,
726 1520 798 1564 τὸν
826 1519 1014 1575 οἷριθμὸν
1043 1520 1100 1572 ὥς
1124 1520 1454 1578 τεσσαράκοντα.
1511 1519 1617 1578 αὕτη
1649 1525 1764 1566 αἰτία
1777 1542 1830 1570 20

319 1588 393 1642 τῆς
418 1584 559 1643 μάχης
596 1589 669 1628 καί
709 1586 949 1643 ἀφανισμός
986 1590 1067 1630 τῶν
1098 1588 1332 1641 Ῥωμαίων.
1400 1586 1490 1631 τότε
1519 1584 1541 1629 ὅ
1567 1588 1767 1642 βασιλεύς

322 1652 507 1701 οἰκούσας
535 1651 582 1695 τὸ
610 1653 777 1708 γεγονὸς
803 1652 963 1696 ἔκλεισε
982 1652 1058 1703 τάς
1076 1653 1212 1709 θύρας
1237 1652 1310 1709 τῆς
1336 1651 1509 1708 πόλεως,
1537 1652 1610 1696 καὶ
1642 1649 1767 1703 ὅσους

323 1718 469 1772 ἔτυχεν
509 1718 647 1774 εὑρών
689 1718 807 1768 ε’ντὸς
853 1719 1062 1774 Τούρκους
1094 1720 1250 1768 πάντας
1293 1718 1502 1776 δεσμήσας
1527 1721 1571 1762 ἐν
1598 1724 1768 1776 φρουρᾷ
1799 1726 1801 1728 ’

284 1781 456 1827 osvero.
527 1785 599 1826 καί
633 1787 734 1838 μεθ’
771 1784 930 1840 ἡμέρας
957 1790 1070 1841 τρεῖς
1094 1782 1219 1827 πάλιν
1244 1781 1446 1828 ἀπέλυσε·
1502 1788 1546 1827 τί
1567 1783 1647 1841 γὰρ
1676 1780 1766 1839 εἶχε

326 1955 481 2000 Epibata
506 1955 639 1991 dicitur
675 1957 906 2000 accessisset,
941 1968 1066 2003 agmen
1090 1957 1189 2003 quod
1215 1957 1391 2000 ducebat,
1415 1957 1569 2004 pedibus
1597 1958 1766 1992 incedere

328 2003 471 2047 coepit·
506 2004 691 2050 frenisque
729 2005 866 2038 levatos
900 2016 1010 2050 equos
1048 2011 1239 2050 ceteraque
1278 2006 1439 2038 iumenta
1463 2006 1501 2039 in
1531 2007 1765 2039 Romaeorum

327 2060 460 2082 messes
488 2057 621 2094 agunt,
647 2062 667 2083 a
693 2051 825 2096 quibus
854 2052 995 2096 spicae,
1024 2063 1064 2084 ac
1091 2058 1209 2086 cetera
1235 2052 1334 2085 olera
1359 2058 1395 2085 et
1421 2053 1601 2096 legumina
1623 2058 1767 2086 vastan-

329 2099 397 2128 tur.
434 2098 525 2140 agris
551 2109 571 2129 a
613 2108 650 2131 se
692 2099 798 2131 cultis
826 2099 994 2131 damnum
1017 2099 1142 2132 inferri
1167 2101 1340 2132 Bon-‚aeus
1371 2099 1518 2143 quidam
1543 2098 1768 2132 animadver-

330 2147 410 2175 tens
436 2144 609 2185 accurrit,
636 2149 673 2177 et
695 2144 781 2178 inde
807 2156 918 2190 equos
947 2145 1076 2190 abegit.
1136 2146 1333 2178 'lurcorum
1361 2157 1552 2189 agasonum
1578 2157 1670 2178 unus
1696 2145 1768 2178 Ro-

330 2199 471 2221 maeum
503 2191 667 2234 percutit.
703 2193 863 2236 percussi
898 2170 1151 2225 aflines²³un11s
1195 2198 1232 2226 et
1266 2193 1358 2225 alter
1385 2197 1597 2233 accurrunt,
1635 2202 1678 2224 ex
1702 2191 1767 2224 ad-

330 2246 432 2268 versa
458 2236 566 2268 etiam
590 2243 691 2281 parte
717 2239 836 2271 Turci.
885 2239 1051 2271 manibus
1072 2239 1197 2283 itaque
1222 2238 1393 2272 consertis
1420 2249 1464 2271 ex
1486 2238 1649 2271 Romaeis
1674 2238 1768 2271 Tur-

333 2282 457 2326 cisque
493 2283 634 2328 aliquot
670 2284 888 2318 ceciderunt.
925 2285 1125 2330 postridie,
1163 2285 1226 2330 qui
1251 2285 1374 2329 Kagia
1408 2285 1520 2329 Begus
1550 2284 1767 2325 vocabatur,

332 2328 532 2372 principem
558 2329 657 2371 adit,
682 2332 739 2364 cui
764 2331 808 2364 (le
833 2342 932 2365 more
958 2332 1111 2365 salutato
1137 2337 1283 2372 cuncta,-
1317 2342 1409 2376 quae
1432 2331 1471 2364 in
1494 2330 1656 2376 Epibatis
1682 2342 1768 2364 con-

332 2374 510 2428 tigerii-nt,
548 2382 680 2410 narrat.
707 2389 781 2411 rem
819 2378 864 2410 ab
897 2379 969 2410 alio
1002 2378 1201 2411 accuratius
1242 2389 1452 2422 cognoscere
1486 2383 1549 2411 aut
1583 2378 1767 2423 inquirere

334 2421 469 2465 sprexit
495 2422 684 2467 princeps;
709 2424 884 2470 iubetque
909 2425 1056 2469 Kagiam
1081 2426 1212 2468 Begum
1249 2436 1313 2458 sua
1337 2423 1483 2457 cohorte
1520 2424 1690 2469 stipatum
1713 2425 1768 2456 fe-

335 2468 511 2500 stinanter
550 2469 671 2510 abire,
712 2482 908 2516 omnesque
946 2472 1016 2504 vici
1053 2471 1152 2504 illius
1183 2471 1318 2504 incolas
1361 2470 1490 2515 gladiis
1515 2470 1767 2512 conscindere3

336 2513 435 2567 quod
473 2514 604 2548 factum
643 2496 795 2551 d’einde:
835 2519 873 2550 in
910 2529 1082 2551 messores
1119 2516 1238 2558 enim,
1276 2518 1339 2562 qui
1364 2529 1468 2550 mane
1492 2518 1538 2550 ad
1559 2517 1766 2552 metendum

337 2559 509 2601 exierant,
536 2573 578 2594 ex
603 2563 795 2608 improviso
822 2565 964 2597 irruunt
987 2565 1141 2604 milites,
1170 2570 1206 2598 et
1228 2564 1369 2597 circiter
1396 2564 1631 2609 quadraginta
1656 2564 1767 2596 truci-

337 2606 435 2639 dant.
464 2606 553 2640 haec
590 2609 660 2642 fuit
681 2609 795 2652 belli,
834 2611 932 2656 quod
963 2617 1192 2644 consecutum
1217 2617 1293 2651 est,
1318 2612 1510 2665 gentis-que
1533 2613 1766 2645 Romaeorum

338 2653 532 2687 eversionis
558 2655 667 2699 origo.
703 2656 758 2690 his
783 2659 972 2702 compertis
1013 2664 1133 2702 portas
1158 2657 1256 2690 urbis
1280 2657 1399 2690 claudi
1425 2657 1530 2690 iussit
1553 2658 1766 2701 imperator-3

338 2705 375 2732 et
398 2701 553 2741 Turcm,
579 2708 758 2747 quotquot
781 2705 818 2737 in
843 2705 932 2737 urbe
959 2705 1091 2749 reperti
1116 2710 1210 2744 sunt,
1238 2705 1276 2737 in
1305 2715 1480 2737 carcerem
1503 2703 1678 2744 detrusit,
1700 2703 1766 2736 tri-

338 2745 484 2792 duoque
509 2726 630 2793 el’apso
653 2749 801 2784 dimisit.
815 2751 904 2796 quid
929 2752 1024 2784 enim
1043 2751 1204 2786 faceret?
1223 2751 1318 2785 inter
1333 2762 1393 2786 eos
1416 2751 1478 2797 qui
1502 2750 1541 2791 in
1565 2749 1654 2784 urbe
1671 2749 1765 2795 capti
