1884 3216
344 173 456 230 238
686 190 870 234 nvem
908 189 1194 234 mouimus
1220 188 1445 234 NEPo'ns

342 293 530 348 κάστρου
547 293 593 335 ἓν
622 293 681 350 τῷ
696 293 855 350 στομίῳ
884 293 956 334 τοῦ
984 289 1100 346 ἱεροῦ
1125 289 1322 346 ὑπεράνω
1340 292 1414 346 τῆς
1438 287 1614 342 πόλεως.
1641 288 1788 335 :aaut

337 357 543 412 Ῥωμαῖοι
584 357 837 407 ἀκούσαντες
862 355 938 412 τήν
974 356 1129 411 πικρὰν
1153 356 1309 411 ταύτην
1335 355 1554 411 ἀγγελίαν,
1579 357 1656 400 καί
1680 353 1720 398 ὀἱ
1742 358 1790 401 ἓν

341 427 663 467 Κωνσταντίνου
692 421 765 464 καί
793 421 831 464 οἱ
864 424 908 463 ἐν
936 420 1050 479 πάσῃ
1079 422 1133 479 τῇ
1155 421 1276 479 Ἀσίᾳ
1305 437 1350 463 τε
1378 423 1450 463 καὶ
1478 417 1623 479 Θρᾴκῃ
1650 423 1725 464 καὶ
1746 420 1790 464 οἱ

341 491 387 532 ἐν
418 495 510 538 ταῖς
539 488 678 543 νήσοις
706 489 908 536 οἰκοῦντες
934 486 1190 541 Χριστιανοὶ
1211 487 1502 542 ὖπερήλγησαν
1517 519 1530 540 ,
1560 485 1791 543 ἐξηράνθη.-

341 570 434 598 σαν.
492 555 567 595 οὐκ
597 550 649 609 ἧν
676 554 722 595 ἐν
749 549 946 606 α’λλήλοις
971 555 1140 608 γλῶσσα
1187 548 1214 609 ἢ
1247 554 1443 595 διαλαλιά
1472 551 1581 608 πλὴν
1606 553 1712 606 »νῦν
1740 550 1786 596 ’τὸ
1803 561 1827 602 5

340 623 458 670 τέλος
488 616 631 675 ἦγγισε
659 620 732 674 τῆς
761 615 944 668 πόλεως·
988 619 1063 660 νῦν
1089 616 1140 660 τὰ
1169 617 1386 674 σήμαντρα
1415 619 1490 673 τῆς
1517 619 1684 674 φθορᾶς
1712 618 1791 659 τοῦ

344 685 551 741 ἡμετέρου
578 687 734 739 γένους,
764 685 840 725 νῦν
865 681 911 724 αἱ
939 683 1089 739 ἡμέραι
1107 685 1181 726 τοῦ
1201 684 1482 738 ἀντιχρίστου.
1510 686 1584 726 καί
1603 685 1791 738 τίγένω-

212 760 247 793 Ρ.
270 761 332 805 ι34
343 767 421 806 μεν
444 747 474 806 ἢ
499 751 544 792 τί
564 747 828 804 ποιήσωμεν,·
851 749 1028 804 α’ρθήτω
1059 751 1136 805 ἀφ’
1163 747 1280 804 ἡμῶν
1308 747 1332 804 ἦ
1365 747 1448 805 ζωή
1480 747 1622 804 ἡμῶν,
1651 750 1788 804 κύριε,

343 816 419 858 καί
447 815 505 871 μὴ
535 814 681 857 ἴὸοσαν
709 813 747 856 οἱ
773 813 991 870 ὀφθαλμοὶ
1012 816 1095 857 τῶν
1123 813 1287 857 δούλων
1315 831 1392 856 σου
1419 814 1496 869 τὴν
1524 813 1693 871 φθορὰν
1717 816 1791 869 τῆς

342 882 510 934 πόλεως,
528 882 638 935 μηδὲ
657 878 832 935 εἴπησαν
853 879 891 922 οἱ
910 882 1068 936 ἐχθροί
1081 895 1172 934 σου,
1203 880 1400 930 δέσποτα,
1421 884 1502 922 ποῦ
1520 882 1626 923 εἰσιν
1645 879 1684 923 οἱ
1705 896 1789 936 φυ-
1807 896 1854 922 ιο

341 944 562 996 λάσσοντες
575 944 733 1000 ταύτην
750 941 862 1000 ἅγιοι
876 948 913 999 ,·”
943 945 1100 1001 ταύτην
1113 945 1192 1002 γὰρ
1220 944 1296 1001 τήν
1325 945 1470 1002 φωνὴν
1487 946 1568 989 σὺν
1586 948 1791 1005 κλαυθμῷ

342 1007 394 1053 οὗ
422 1009 548 1065 μόνον
573 1011 612 1053 οἱ
645 1013 718 1067 τῆς
753 1011 915 1059 πόλεως
946 1011 1054 1053 ἀλλὰ
1084 1010 1158 1053 καί
1186 1012 1224 1053 οἱ
1247 1013 1317 1067 τῆς
1344 1013 1550 1067 ἀνατολῆς
1577 1013 1792 1068 σποράδην

343 1078 552 1126 οἰκοῦντες
581 1079 836 1132 Χριστιανοὶ
863 1078 938 1119 καί
964 1076 1004 1119 οἱ
1032 1078 1078 1119 ἐν
1105 1083 1198 1127 ταῖς
1229 1075 1370 1133 νήσοις
1398 1078 1472 1120 καὶ
1502 1077 1542 1119 οἱ
1568 1079 1615 1119 ἐν
1638 1080 1693 1135 τῇ
1715 1076 1792 1119 δύ-

343 1158 409 1184 σει
435 1141 479 1185 τὸ
513 1141 618 1184 αὐτὸ
643 1142 751 1196 μετὰ
781 1144 1006 1196 κλαυθμοῦ
1032 1139 1181 1197 ἐβόων.
1250 1142 1273 1184 ὅ
1304 1145 1350 1186 δὲ
1379 1146 1584 1198 Μεχεμὲτ
1610 1140 1697 1200 ἤδη.
1716 1146 1793 1187 τοῦ

343 1207 469 1264 ἔαρος
515 1209 754 1263 ἀρξαμένου
782 1207 960 1251 ἔστειλεν
985 1209 1234 1262 ἁπανταχοῦ
1259 1207 1359 1258 τούς
1385 1209 1570 1263 τεχνίτας
1596 1209 1672 1252 καί
1693 1208 1792 1259 τοὺς
1809 1209 1856 1249 15

343 1271 522 1329 ἐργάτας
554 1273 758 1327 συνάγων.
832 1273 855 1314 ὁ
882 1273 1082 1328 βασιλεὺς
1111 1275 1158 1314 δὲ
1183 1273 1350 1322 στείλας
1377 1275 1422 1316 ἐν
1448 1275 1792 1330 Ἀδριανουπόλει

342 1339 569 1393 πρέσβεις,
614 1339 696 1392 ου’χ
734 1335 798 1380 ὅτι
845 1337 1022 1394 ζητῆσαί
1053 1354 1096 1379 τι
1139 1339 1225 1379 τῶν
1254 1332 1314 1380 ὧν
1338 1339 1565 1393 ἠβούλετο,
1597 1333 1705 1382 ovid&
1725 1341 1792 1382 δι·-

304 1400 575 1444 Βπλασιὰσοιι
613 1403 692 1458 τὴν
737 1403 970 1460 πρόσοδον,
1012 1405 1100 1445 α’λλ’
1146 1401 1261 1446 εἷπον
1289 1404 1405 1460 αὐτῷ
1429 1402 1580 1460 ,ἡμεῖς
1611 1400 1692 1460 ἤδη
1713 1403 1792 1461 τήν

342 1469 527 1523 σήμερον
571 1467 662 1518 ἔτος
710 1469 808 1512 ἐστι’
826 1485 908 1511 που
955 1466 1176 1511 ἑκατοστὸν
1220 1471 1294 1512 καί
1319 1471 1508 1513 ἐπέκεινα
1535 1471 1612 1527 ἀφ’
1640 1465 1689 1512 οὗ
1716 1470 1792 1526 τήν

207 1540 250 1574 V.
268 1533 690 1589 ιο7Ἀὸριανούπολιν
717 1533 739 1576 ὅ
773 1533 848 1585 σὸς
866 1532 1032 1584 πάππος
1050 1533 1219 1590 Μωροὶτ
1247 1534 1270 1576 ὅ
1298 1535 1546 1591 τοῦὈρχοὶν
1572 1535 1667 1586 υἱὸς
1694 1534 1791 1578 ἔλα-
1804 1548 1856 1574 20

340 1602 405 1653 βε·
463 1599 536 1642 καὶ
562 1598 703 1642 ἔκτοτε
731 1600 943 1656 συνθήκας
971 1599 1215 1655 ποιήσαντες
1243 1599 1283 1642 οἱ
1310 1603 1356 1643 ἐκ
1384 1604 1462 1644 τοῦ
1487 1602 1631 1656 γένους
1657 1602 1794 1644 αὐτοῦ’

342 1664 620 1719 καταγόμενοι
644 1668 774 1722 μέχρι
799 1668 880 1708 σοῦ
899 1698 910 1717 ,
953 1665 1092 1715 οὔδείς
1124 1667 1343 1722 ἐμελέτησε
1366 1665 1525 1723 πύργον
1550 1664 1581 1723 ἢ
1606 1665 1793 1723 καλύβην

343 1822 383 1855 in
408 1821 502 1854 ostio
540 1832 640 1854 sacro
683 1832 789 1866 supra
831 1820 971 1866 Cpolim
1003 1822 1277 1856 aedificandum.
1302 1823 1371 1856 hoc
1395 1823 1528 1857 nuncio
1553 1828 1627 1857 tam
1651 1823 1791 1867 ingrato

344 1879 386 1901 ac
411 1867 540 1900 acerbo
577 1867 708 1909 allato,
743 1869 911 1908 Romaei,
955 1869 1018 1912 qui
1049 1869 1191 1914 Cpolim
1225 1871 1363 1915 quique
1390 1870 1581 1903 Thraciam
1609 1875 1646 1903 et
1670 1870 1791 1903 Asiam

345 1914 573 1955 incolebant,
599 1914 777 1947 insulares
802 1915 910 1948 etiam
934 1914 1154 1958 Christiani,
1179 1917 1290 1950 animi
1315 1916 1540 1961 aegritudine
1564 1928 1605 1949 ac
1627 1926 1791 1950 moerore

344 1961 562 2006 consumpti,
589 1961 680 1994 alios
706 1972 887 1994 sermones
911 1961 1008 1994 inter
1034 1973 1070 1995 se
1099 1969 1243 2007 praeter
1266 1964 1353 1996 istos
1377 1974 1451 1996 non
1474 1963 1669 1997 habebant.
1694 1974 1793 1996 nunc

344 2008 483 2042 vicinus
514 2012 569 2040 est
583 2008 683 2040 urbis
710 2008 802 2041 finis.
828 2013 996 2052 portenta
1012 2009 1234 2044 imminentis
1259 2011 1357 2054 genti
1380 2016 1524 2043 nostrae
1547 2011 1673 2043 ruinae
1696 2021 1792 2048 nunc

343 2054 576 2088 videbuntur.
611 2054 687 2087 dies
723 2054 935 2088 Antichristi
967 2055 1201 2090 advenerunt.
1243 2057 1333 2102 quid
1369 2056 1414 2089 de
1445 2057 1551 2090 nobis
1587 2056 1792 2090 statuetur?

345 2101 434 2147 quid
474 2101 674 2133 faciemus?
708 2101 781 2134 vita
818 2101 948 2142 nobis,
977 2101 1146 2144 domine,
1184 2103 1283 2148 prius
1320 2103 1516 2148 eripiatur,
1554 2114 1661 2148 quam
1693 2103 1791 2135 oculi

346 2159 529 2181 servorum
573 2152 717 2180 tuorum
751 2147 850 2180 urbis
890 2149 1111 2181 eversionem
1145 2150 1302 2184 videant.
1331 2161 1377 2182 ne
1402 2149 1525 2183 dicant
1549 2149 1687 2182 inimici
1709 2149 1789 2190 tui,

347 2194 516 2234 domine,
551 2193 616 2226 ubi
652 2198 737 2226 sunt
770 2194 903 2235 sancti,
942 2196 1004 2239 qui
1029 2195 1155 2228 urbem
1172 2197 1272 2229 illam
1296 2196 1470 2229 tuentur?
1494 2196 1558 2229 has
1581 2207 1685 2229 voces
1710 2207 1791 2228 cum

347 2241 485 2273 eiulatu
528 2245 565 2273 et
602 2240 691 2273 fletu
719 2251 794 2273 non
828 2241 944 2274 solum
972 2242 1176 2286 Cpolstani,
1211 2242 1274 2276 sed
1299 2247 1336 2275 et
1363 2243 1484 2275 cuncti
1507 2242 1703 2275 Christiani
1726 2253 1792 2287 per

344 2287 551 2320 Anatolium
574 2286 712 2319 insulas
737 2293 775 2320 et
799 2287 1032 2320 Occidentem
1063 2288 1214 2333 dispersi
1242 2289 1385 2322 easdem
1410 2289 1566 2321 lacrimis
1591 2300 1632 2321 ac
1654 2289 1793 2322 lamen-

344 2334 392 2366 tis
415 2334 544 2366 mixtas
569 2332 781 2367 fundebant.
829 2334 1051 2368 Mehemetes
1075 2346 1158 2368 vere
1184 2335 1353 2368 inchoato
1370 2335 1612 2380 undequaque
1636 2335 1792 2368 artifices

346 2385 384 2413 et
412 2380 595 2424 operarios
633 2380 789 2423 collegit.
831 2386 868 2413 at
904 2382 1098 2426 imperator
1118 2381 1390 2426 Adrianopolim
1414 2382 1550 2426 legatos
1572 2382 1692 2422 misit,
1716 2393 1792 2414 non

346 2437 440 2472 quae
476 2426 610 2466 vellet,
644 2432 707 2459 aut
737 2426 874 2459 reditus
900 2428 1011 2472 duplo
1049 2428 1238 2472 ampliores
1263 2428 1334 2461 sibi
1358 2427 1458 2469 dari,
1481 2439 1545 2473 per
1571 2439 1631 2461 eos
1655 2428 1792 2472 petitu-

348 2484 424 2506 rus:
445 2472 510 2504 sed
534 2472 710 2505 eiusmodi
737 2474 937 2506 orationem
961 2475 1069 2519 legati
1084 2474 1130 2506 ad
1144 2474 1384 2507 Mehemetem
1409 2474 1626 2508 habuerunt.
1651 2485 1790 2511 „annus

347 2520 419 2551 iam
445 2518 661 2551 centesimus
695 2520 833 2564 agitur,
856 2521 914 2553 vel
953 2522 1061 2554 etiam
1090 2521 1209 2565 plures
1240 2521 1352 2565 elapsi
1378 2527 1483 2562 sunt,
1509 2521 1554 2553 ab
1578 2525 1701 2566 erepta
1724 2531 1794 2553 no-

346 2565 404 2599 bis
433 2575 498 2609 per
535 2565 704 2599 tritavum
738 2572 839 2599 tuum
864 2567 1040 2600 Moratem
1062 2567 1235 2600 Orchanis
1260 2568 1375 2600 filium
1401 2567 1658 2612 Adrianopoli:
1685 2572 1721 2600 et
1744 2566 1790 2600 ab

346 2613 411 2644 illo
436 2617 598 2656 tempore
622 2613 825 2657 principum
850 2625 960 2658 genus
986 2614 1030 2646 ab
1062 2625 1104 2646 eo
1134 2613 1341 2647 ducentium
1366 2614 1487 2647 nullus
1503 2619 1646 2659 praeter
1670 2619 1707 2647 te
1732 2619 1792 2646 tu-

346 2658 511 2703 gurium,
548 2657 681 2690 nedum
706 2659 832 2692 turrim
848 2685 856 2700 ,
891 2661 930 2693 in
956 2661 1054 2693 urbis
1081 2660 1193 2705 ipsius
1218 2660 1398 2693 vestibulo
1423 2666 1506 2705 post
1529 2661 1619 2694 inita
1644 2659 1790 2694 foedera

345 2715 482 2751 ponere
506 2704 686 2748 cogitavit.
714 2707 875 2750 quamvis
915 2707 1009 2739 enim
1038 2707 1184 2740 suborta
1208 2706 1298 2740 belli
1324 2718 1429 2740 causa
1458 2707 1504 2740 ad
1527 2718 1681 2752 pugnam
1704 2717 1792 2740 ven-

347 2757 423 2786 tum
455 2750 526 2792 sit,
561 2749 608 2785 ad
631 2751 858 2786 conditiones
895 2758 1015 2788 tamen
1042 2753 1140 2799 pacis
1166 2753 1375 2788 descensum
1399 2759 1548 2800 postea,
1573 2758 1610 2787 et
1631 2753 1792 2795 reconcif
