1884 3216
377 178 675 249 111st}AE
698 179 1039 226 BYZANTlNAE
1061 178 1182 226 CAP.
1208 181 1296 224 xL.
1494 179 1608 238 299

147 282 282 340 ἀνέβη
304 279 332 324 ὃ
361 283 535 354 κληθεὶς
560 282 628 326 sz’
654 275 850 336 ἄμβωνας
875 284 950 325 καί
974 279 1218 340 ἒδιελάλησσ
1243 280 1324 338 τήν
1347 277 1511 338 μιαρὰν
1530 281 1610 323 αὖ·

101 343 103 345 ’
151 350 235 399 τοῦ.
253 346 517 406 Ιπροσευχήν.
576 346 611 392 ,ὅ
655 349 704 392 δὲ
730 347 826 399 υἱὸς
859 350 933 406 τῆς
961 349 1138 404 ἀνομίας
1157 381 1170 400 ,
1211 345 1235 390 ὅ
1268 347 1510 405 πρόδρομος
1533 347 1612 390 τοῦ

150 415 453 472 ἀντιχρίστου,
491 412 657 470 οἷναβοὶς
691 415 766 458 ἐπὶ
808 417 885 471 τῆς
924 413 1050 470 ἁγίας
1084 416 1298 472 τραπέζης
1333 416 1504 470 ἐποίησε
1532 410 1650 469 τῆνο

152 479 409 539 προσευχήν.
462 483 600 536 βαβαὶ
625 483 703 536 τῆς
729 483 984 538 συμφορᾶς,
1009 483 1096 538 φεῦ
1113 483 1190 524 τοῦ
1217 480 1458 539 φρικώδους
1484 481 1611 536 τέρα-

111 551 142 601 ,5
154 549 248 598 tog!
275 544 413 602 οἴμοι,
429 550 482 598 ,τί
503 545 758 603 γεγόναμενς
786 549 834 592 αἲ
863 546 933 602 αἴ,
963 546 1012 590 τί
1035 548 1232 602 εἴδαμενς
1265 550 1451 604 Τοῦρκος
1478 548 1524 600 ἐν
1550 545 1611 604 τῷ

151 612 261 673 ἁγίῳ
286 611 602 672 θυσιαστηρίῳ,
639 615 686 656 ἐν
713 607 747 672 ᾧ
789 615 974 668 λείψανα
1005 613 1249 658 α’ποστόλων
1281 613 1356 657 καὶ
1382 611 1613 669 μαρτύρων

150 681 352 737 ἵδρυνται
372 710 386 734 ,
413 681 488 723 καί
525 677 666 723 ἐπάνω
708 679 842 723 αὐτοῦ
868 680 1048 736 α’σεβήςς
1077 684 1243 738 φρῖξον,
1272 677 1376 738 ἥλιε.
1430 683 1505 724 καί
1527 683 1614 723 ποῦ’

153 744 343 801 ,ὅέιίμνὸς
369 748 449 790 τοῦ
475 749 583 790 θεοῦ
600 779 614 803 ,
641 745 718 789 καὶ
740 749 823 789 ποῦ’
863 746 886 789 ὅ
915 745 1007 798 υἱὸς
1031 747 1106 790 καί
1131 747 1252 804 λόγος
1277 748 1352 791 τοῦ
1376 746 1555 804 πατρός,
1589 744 1612 789 ὅ

151 809 360 866 θυόμενος
387 812 528 856 ἐπάνω
571 812 645 855 καί
671 812 920 867 ε’σθιόμενος
946 814 1021 856 καί
1045 815 1253 870 μηδέποτε
1281 812 1613 868 δαπανώμενος;

85 874 287 930 ,ιοὸντως
311 881 376 930 εἷς
399 882 598 936 κίβδηλον
638 881 931 937 ἐλογίσθημεν.
996 877 1023 936 ἦ
1051 883 1224 936 λατρεία
1253 878 1374 936 ἡμῶν
1402 881 1462 930 εἰς
1492 880 1615 922 οὐδὲν

153 948 357 1004 ἐλογίσθη
394 952 480 996 τοῖς
518 944 664 989 ἔθνεσι
708 945 781 988 διὰ
831 946 906 998 τὰς
947 946 1162 1003 ἁμαρτίας
1209 946 1345 1002 ἡμῶν.
1404 946 1427 989 ὅ
1446 948 1531 990 ’ἐπὶ
1556 948 1615 1005 τῷ

150 1012 335 1068 ὀνόματι
361 1014 436 1069 τῆς
463 1014 542 1056 τοῦ
568 1015 674 1055 θεοῦ
699 1011 828 1067 λόγου
854 1016 1010 1070 σοφίας
1036 1013 1382 1070 ἀνοικοδομηθείς
1403 1011 1523 1067 ναός,
1543 1015 1618 1056 καί

152 1081 325 1134 τέμενος
350 1081 424 1136 τῆς
456 1079 579 1134 ἁγίας
607 1078 782 1134 τριάδος
808 1077 1116 1133 ὀνομαζόμενος
1134 1079 1208 1122 καὶ
1233 1079 1395 1138 μεγάλη
1420 1082 1616 1136 ἐκκλησία
1627 1093 1662 1126 P.
1683 1094 1748 1136 169

153 1147 229 1189 καὶ
252 1147 328 1189 νέα
343 1144 474 1201 Σιών,
502 1145 689 1202 σήμερον
713 1143 861 1200 βωμός
883 1146 1116 1202 βαρβάρων
1140 1145 1216 1188 καί
1243 1143 1353 1196 οἶκος
1382 1149 1461 1188 τοῦ
1474 1139 1671 1190 Maza-V·
1693 1139 1755 1175 ¹3⁵

90 1211 243 1268 ιόμὲθ
273 1209 484 1268 ἐπεκλήθη
511 1210 588 1261 καί
611 1214 787 1268 γέγονεν.
842 1211 988 1254 δικαία
1012 1213 1038 1268 ἦ
1063 1214 1201 1267 κρίσις
1232 1229 1337 1267 σου,
1364 1211 1504 1268 κίριε.

269 1277 472 1332 ,Ἐξελθιὸν
499 1273 576 1322 οὖν
602 1280 650 1322 ἐκ
669 1280 748 1321 τοῦ
774 1280 926 1333 βωμοῦ
953 1280 1129 1335 ἐζήτησε
1157 1278 1232 1322 τὸν
1254 1280 1514 1334 μεγαδοῦκα,
1544 1281 1622 1323 καὶ

154 1340 287 1396 αὖθις
314 1348 582 1403 παρέστησαν
610 1344 757 1388 αὐτόν.
811 1343 950 1388 ἐλθών
970 1340 1046 1389 οὖν
1069 1347 1145 1387 καί
1169 1343 1477 1402 προσκυνήσας,
1505 1341 1619 1388 εἶπεν

153 1413 274 1472 αύτῷ
299 1412 467 1468 „21:254-
493 1412 719 1468 ἐποιήσατε
745 1413 826 1454 τοῦ
862 1410 922 1468 μὴ
955 1413 1227 1468 παραδοῦναι
1253 1410 1328 1468 τήν
1355 1412 1493 1455 πόλιν.
1551 1413 1619 1456 ἴδε

154 1477 268 1536 πόση
308 1481 439 1536 ζημία
470 1478 668 1535 ἐγεγόνει,
694 1478 826 1530 πόσος
854 1474 1036 1535 ὄλεθρος
1045 1511 1058 1532 ,
1086 1476 1198 1536 πόση
1228 1480 1538 1534 αι’χμαλωσιά.”
1595 1478 1619 1523 ὅ

90 1558 145 1587 20
157 1545 206 1588 δὲ
231 1543 337 1596 aad}
382 1545 639 1602 ἀπεκρίνατο
669 1547 822 1603 ,,κύριε
842 1578 856 1602 ,
885 1546 961 1588 οὐκ
989 1544 1160 1599 εἴχομεν
1190 1544 1320 1602 τόσην
1350 1545 1472 1600 ἡμεῖς
1498 1546 1618 1599 ἐξου-

154 1611 256 1656 σίαν
278 1613 359 1656 τοῦ
376 1610 538 1655 διδόναι
565 1628 615 1656 σε
642 1611 722 1669 τήν
750 1610 892 1666 πόλιν,
938 1612 1038 1654 ου’δὲ
1065 1611 1270 1666 βασιλεύς
1294 1611 1424 1662 αὐτός
1431 1645 1445 1665 ,
1480 1607 1619 1662 ἄλλως

154 1675 222 1723 ὅτι
247 1681 325 1722 καί
345 1695 454 1729 τινες
479 1680 564 1723 τῶν
595 1681 683 1724 σῶν
708 1680 949 1734 ἐδυνάμουν
975 1677 1048 1722 τὸν
1071 1680 1252 1733 βασιλέα
1274 1679 1319 1721 ἐν
1346 1676 1487 1734 λόγοις
1513 1677 1619 1735 γρά-

0 1136 3 1151 -
0 1078 4 1084 -
0 841 10 1070 -wa-vn-evr--un

157 1838 233 1873 suis
257 1836 509 1872 sacerdotibus
532 1843 700 1872 vocatum
723 1838 762 1871 in
789 1838 981 1872 ambonem
1006 1838 1202 1872 escendere
1226 1839 1344 1879 iussit,
1372 1838 1435 1871 ubi
1449 1839 1620 1884 profanas

155 1896 282 1931 preces
311 1896 394 1919 suas
420 1885 604 1927 recitavit,
627 1886 793 1930 principe
815 1887 892 1920 filio
919 1887 1148 1932 iniquitatis,
1174 1886 1380 1919 antichristi
1407 1896 1622 1931 praecurso-

157 1944 218 1974 re,
244 1943 353 1978 super
377 1943 477 1965 sacra
499 1943 624 1965 mensa
646 1933 792 1966 interim
819 1934 960 1975 locato,
985 1945 1186 1979 precesque
1206 1945 1287 1967 suas
1314 1933 1501 1966 recitante.
1527 1932 1621 1978 proh

155 1979 426 2014 calamitatem!
465 1979 558 2024 proh
594 1979 815 2013 horrendum
846 1981 1069 2014 monstrum!
1105 1980 1167 2014 hei
1195 1980 1307 2013 mihi!
1345 1991 1417 2026 quo
1455 1980 1527 2013 loci
1563 1991 1621 2013 res

155 2033 304 2061 nostrae
328 2026 574 2060 devenerunt!
602 2026 696 2060 heu!
721 2027 814 2061 heu!
843 2027 934 2074 quid
957 2027 1135 2062 vidimus!
1170 2028 1329 2061 Turcum
1359 2027 1511 2072 impium
1536 2038 1620 2060 san-

156 2079 257 2108 ctum
292 2074 409 2108 altare
452 2074 610 2119 pedibus
644 2075 869 2117 calcantem,
905 2081 1135 2121 stantemque
1173 2086 1282 2120 super
1310 2075 1559 2120 apostolorum
1583 2080 1621 2109 et

155 2127 354 2167 martyrum
388 2121 554 2167 reliquiis
589 2123 628 2155 in
655 2133 696 2155 eo
732 2123 912 2168 repositis.
949 2123 1202 2168 perhorrescat
1233 2123 1299 2156 sol.
1331 2122 1483 2155 ubinam
1508 2133 1621 2166 agnus

157 2169 246 2204 dei?
273 2169 339 2202 ubi
362 2169 460 2202 filius
481 2174 519 2203 et
541 2169 692 2204 verbum
716 2171 830 2216 patris
856 2181 964 2215 super
987 2171 1092 2204 altari
1111 2170 1177 2203 illo
1201 2175 1399 2211 mactatus,
1423 2169 1622 2203 manduca-

157 2222 240 2258 tus,
267 2228 336 2250 nec
362 2228 524 2262 unquam
542 2224 797 2263 consumptus.
822 2228 888 2263 pro
915 2217 1037 2251 nothis
1074 2223 1112 2251 et
1147 2217 1363 2251 adulterinis
1399 2228 1523 2251 revera
1558 2227 1622 2249 ae-

155 2265 297 2298 stimati
333 2275 467 2298 sumus.
503 2265 716 2309 religionem
753 2271 913 2298 nostram
947 2270 984 2299 et
1017 2265 1254 2298 caerimonias
1290 2270 1439 2310 propter
1470 2269 1620 2310 peccata

155 2317 282 2346 nostra
305 2317 430 2357 gentes
458 2311 561 2345 flocci
584 2312 759 2346 fecerunt.
784 2314 959 2359 templum
986 2312 1086 2359 quod
1109 2312 1212 2345 verbi
1238 2312 1299 2345 dei
1327 2312 1528 2357 sapientiae
1552 2323 1622 2344 no-

155 2359 249 2393 mini
284 2364 488 2392 extructum
522 2370 564 2393 ac
598 2365 845 2393 consecratum
885 2366 984 2401 erat,
1024 2360 1200 2405 templum
1243 2365 1389 2393 sanctae
1425 2359 1619 2392 Trinitatis

157 2406 406 2452 appellatum,
435 2407 589 2440 ecclesia
611 2419 751 2452 magna,
776 2419 870 2440 nova
898 2408 1005 2448 Sion,
1031 2407 1142 2441 hodie
1167 2408 1206 2440 in
1249 2406 1486 2441 barbarorum
1520 2418 1618 2439 aram

157 2458 199 2488 et
222 2452 450 2487 Mohamedis
475 2454 622 2487 domum
647 2466 685 2488 re
711 2467 750 2488 ac
775 2455 923 2488 nomine
949 2455 1203 2488 transformata
1237 2459 1301 2488 est.

250 2500 390 2534 lustum
416 2500 593 2535 iudicium
618 2508 740 2543 tuum,
769 2501 940 2536 domine!
966 2502 1104 2547 templo
1139 2513 1219 2535 cum
1245 2502 1393 2535 exiisset
1420 2505 1617 2545 tyrannus,

157 2546 207 2581 ad
231 2557 271 2581 se
293 2549 418 2582 venire
451 2548 580 2583 ducem
616 2561 784 2594 magnum
820 2550 939 2591 iussit3
986 2550 1050 2594 qui
1075 2549 1175 2583 illico
1209 2548 1387 2582 adductus
1412 2548 1614 2594 principem

156 2600 350 2629 veneratus
379 2600 444 2628 est.
472 2596 572 2630 hisce
599 2602 773 2641 tyrannus
800 2608 882 2630 eum
905 2597 1087 2631 allocutus
1113 2602 1168 2631 est
1193 2596 1325 2631 verbis.
1349 2607 1435 2634 „vos
1455 2595 1617 2641 quidem,

157 2640 251 2675 urbe
281 2642 370 2676 mihi
399 2654 474 2676 non
501 2643 652 2686 dedita,
679 2645 819 2689 egregie
848 2655 923 2677 rem
949 2645 1118 2689 gessistis.
1150 2643 1319 2677 damnum
1346 2655 1387 2676 ac
1422 2644 1619 2682 iacturam,

157 2693 296 2733 quanta
319 2690 417 2732 sint,
442 2692 697 2726 aestimatione
725 2692 866 2732 metire,
894 2703 1079 2725 caesorum
1103 2692 1294 2725 immanem
1322 2696 1475 2735 stragem
1504 2690 1621 2734 capti-

157 2746 358 2782 vorumque
382 2748 571 2773 numerum
596 2738 821 2772 consideras·
848 2739 927 2772 istis
953 2738 1027 2772 dux
1066 2739 1271 2784 respondit:
1314 2738 1404 2776 „hac
1437 2738 1475 2770 in
1509 2736 1619 2774 urbe.

159 2780 332 2825 domine,
356 2795 404 2818 ne
426 2784 626 2832 imperator
649 2785 811 2832 quidem,
839 2786 973 2821 nedum
999 2797 1077 2832 ege,
1101 2791 1204 2822 tanta
1227 2785 1443 2821 auctoritate
1467 2795 1619 2823 eramus,
