1916 3210
267 1518 351 1559 511)

334 134 445 206 374
760 137 762 139 ’
799 151 981 192 DUCAE
1018 147 1273 190 ffls'romA

331 253 480 292 servitii
510 254 563 292 de
593 252 772 299 Tui-chi,
816 251 853 290 81
882 263 1026 304 paese,
1063 263 1182 290 come
1208 250 1400 302 heremo,
1429 257 1664 296 remanente
1691 265 1765 295 m—

332 322 410 347 cuo
449 308 492 347 di
536 308 662 347 nativi
705 310 767 347 soi
810 306 1050 344 habitatori.
1117 305 1480 359 Constantinopoli
1527 321 1612 348 non
1635 306 1766 355 lieven

329 363 400 415 piii
429 364 480 402 ne
510 361 604 401 ville
633 364 684 401 ne
710 360 850 400 villani
879 360 955 398 che
982 373 1113 400 arasse
1141 360 1192 399 ne
1219 374 1396 400 secasse:
1426 361 1517 401 sora
1543 361 1766 403 defletum«b

329 431 375 455 re
404 432 488 457 non
538 430 579 456 se
614 416 779 456 stendea
807 414 842 453 81
887 428 960 454 suo
989 415 1179 466 imperio.
1211 414 1250 455 18
1280 429 1502 468 compagae
1531 416 1607 461 che
1626 415 1768 471 primu

331 486 459 511 erano
501 472 578 510 ben
611 470 725 509 felice
750 477 791 508 et
819 468 927 508 culte
946 499 956 515 ‚
995 468 1108 508 alora
1136 483 1264 509 erano
1291 484 1409 509 come
1438 470 1602 512 heremo
1629 471 1767 512 deser·

329 532 397 575 tez,
448 526 483 564 la
512 527 589 564 cita
632 525 683 563 da
723 530 837 563 tanta
869 522 1009 576 inopia
1045 530 1088 563 et
1119 525 1287 564 carestia
1317 525 1513 564 assediata
1543 531 1586 565 et
1612 532 1767 566 restra·

329 587 422 632 cta3
451 581 527 619 che
573 579 611 618 le
638 580 770 618 anime
812 592 885 631 per
922 577 961 617 la
995 578 1116 632 longa
1159 579 1288 619 inedia
1329 578 1537 632 languenti
1559 586 1602 620 et
1628 594 1703 635 per
1727 578 1767 622 la

330 642 506 674 extrema
545 634 650 672 fame
691 634 946 673 conveniano
982 632 1251 672 abbandonar
1288 634 1317 673 li
1361 634 1521 688 proprii
1552 635 1685 689 corpi-
1713 634 1766 674 ad

331 696 444 728 tanta
477 691 649 728 carestia
678 687 729 727 de
754 688 934 741 legname
961 701 1083 727 erano
1119 689 1257 728 venuti
1286 688 1361 728 che
1394 689 1445 728 da
1474 691 1666 729 necessita
1694 703 1767 730 co·-

329 744 469 782 strecti
511 747 738 783 ruinavano
785 743 813 781 li
853 742 1015 796 superbi
1052 742 1201 795 palazi,
1247 749 1288 782 et
1307 742 1346 782 18
1381 743 1530 784 dorate
1555 750 1767 786 travature

327 798 575 836 bruxavano.
633 798 684 837 El
713 804 893 851 tyranno
924 811 1009 837 non
1039 797 1272 837 combativa
1299 797 1337 836 13
1365 803 1486 845 terra,
1517 799 1567 838 ne
1594 805 1766 852 portava

328 854 588 892 instrumenti
609 852 659 892 da
675 867 861 905 rompere
882 853 932 890 ne
948 852 1139 891 scandere
1160 851 1198 890 le
1214 866 1349 899 mure,
1370 867 1435 892 ma
1453 853 1677 906 conlongo
1699 867 1767 893 as-

326 907 438 946 sedio
468 914 508 946 et
533 907 716 947 studiose
734 907 903 960 guardie
933 907 1188 946 observando
1219 908 1315 947 tutti
1338 906 1364 945 li
1387 908 1489 959 passi
1513 914 1554 948 et
1580 907 1618 947 18
1645 914 1768 961 porte

326 976 410 1000 non
434 961 643 1002 lassavano
675 961 822 1002 alcuno
854 964 1009 1001 intrare
1037 962 1077 999 in
1107 961 1144 1000 la
1173 961 1315 1003 citade.
1346 962 1627 1014 L'imperador
1641 962 1766 1003 Ema-

326 1015 438 1065 nuel,
468 1017 698 1056 vedendose
717 1017 768 1055 da
781 1024 893 1056 tante
911 1016 1161 1056 adversitade
1184 1024 1222 1055 et
1238 1017 1375 1070 inopia
1399 1016 1449 1056 de
1474 1022 1582 1056 tutte
1603 1015 1644 1056 le
1670 1029 1767 1058 cose

324 1073 547 1110 necessarie
566 1072 828 1111 combattuto
849 1085 964 1110 senza
993 1070 1138 1110 alcuno
1161 1074 1288 1120 aiuto,
1318 1085 1401 1109 non
1431 1084 1549 1124 sapea
1568 1071 1644 1111 che
1662 1070 1766 1123 fane,

325 1126 376 1163 ne
396 1138 399 1144 ·
421 1127 460 1164 in
503 1126 599 1180 qual
642 1133 764 1179 parte
806 1140 849 1165 se
890 1126 1061 1165 dovcsse
1085 1126 1266 1179 voglere.
1322 1126 1481 1178 Ser-Ipse
1508 1125 1571 1165 ala
1598 1127 1768 1166 sanctita

325 1179 392 1219 del
419 1195 539 1233 papa,
568 1181 874 1234 al'imperadore
902 1187 943 1220 et
972 1182 1015 1219 re
1041 1181 1090 1219 de
1120 1181 1347 1233 Hungaria‚
1374 1179 1440 1220 alo
1462 1181 1517 1219 -re
1542 1180 1594 1220 de
1607 1181 1766 1222 Franzn

323 1241 367 1274 et
394 1235 512 1275 molti
556 1236 651 1275 altri
691 1236 866 1288 principi
906 1235 1148 1284 Christiani,
1191 1234 1469 1274 notificandoli
1501 1234 1540 1274 la
1566 1241 1767 1276 strectura

328 1295 371 1328 et
399 1291 551 1342 grande
575 1290 782 1329 extremita
813 1290 864 1328 de
890 1290 1267 1341 Constantinopoli,
1307 1296 1348 1329 ct
1377 1289 1452 1328 che
1480 1303 1524 1328 se
1552 1303 1637 1330 non
1669 1303 1767 1343 pro·

325 1344 559 1384 vederanno
589 1345 640 1384 de
670 1351 809 1397 presto
841 1358 1052 1393 soccorso,
1073 1358 1146 1396 per
1171 1343 1211 1381 la
1240 1344 1391 1396 grande
1423 1344 1526 1382 fame
1556 1351 1596 1383 et
1626 1344 1767 1397 inopia

325 1398 377 1437 de
406 1405 512 1438 tutte
553 1398 591 1438 18
620 1413 714 1438 cose
751 1399 951 1438 convert-a
993 1398 1109 1436 darse
1164 1397 1202 1435 in
1229 1413 1351 1438 mano
1380 1397 1460 1436 deli
1491 1397 1646 1438 inimici
1673 1397 1768 1438 dela

324 1459 461 1492 sancta
480 1452 583 1494 fede.
617 1453 672 1492 Et
696 1453 781 1492 cosi
805 1451 1074 1492 umiliandose
1096 1451 1138 1490 lo
1164 1452 1422 1504 imperadore
1453 1463 1682 1491 commosse
1709 1453 1763 1492 ad

356 1507 434 1546 ieta
473 1508 613 1547 tutto'l
642 1507 1000 1547 christianissimo.
1059 1507 1223 1545 Mossesi
1252 1506 1342 1545 daie
1370 1513 1492 1559 parte
1519 1506 1571 1546 de
1600 1507 1768 1547 Ponen-

323 1568 365 1601 te
390 1561 421 1602 li
448 1562 590 1615 grandi
619 1562 768 1601 baroni
799 1561 863 1600 del
886 1576 1011 1614 regno
1041 1561 1092 1599 de
1116 1560 1272 1599 Franza
1299 1569 1339 1600 et
1365 1563 1415 1600 (18
1444 1561 1700 1614 Inghilterra,
1727 1561 1766 1602 81

324 1616 429 1655 duca
457 1617 521 1657 Vde
559 1616 755 1655 Flandria
787 1621 829 1654 et
859 1615 911 1655 de
946 1617 1182 1668 Borgogna‚
1223 1615 1342 1654 molti
1371 1617 1528 1669 signori
1554 1615 1659 1654 delia
1685 1630 1766 1669 po-

324 1677 436 1710 tente
465 1670 591 1710 Italia.
646 1672 703 1710 Et
729 1670 825 1709 tutti
854 1671 1089 1722 congregati
1119 1670 1158 1707 in
1184 1669 1393 1723 Hungaria
1422 1683 1613 1722 exposero
1643 1669 1674 1709 11
1701 1671 1766 1710 soi

324 1726 549 1779 paviglioni
577 1740 703 1764 soura
733 1724 772 1764 le
802 1725 891 1763 rive
923 1725 988 1764 del
1004 1724 1209 1763 Danubio.
1267 1725 1328 1763 De
1355 1731 1460 1764 tutte
1488 1730 1631 1778 queste
1654 1732 1767 1764 zente

325 1781 555 1819 Christiane
594 1794 667 1819 era
704 1780 906 1818 dictatore
944 1778 1203 1831 Sigismundo
1242 1779 1423 1831 Augusto
1450 1780 1701 1832 imperatore
1727 1787 1768 1820 et

324 1835 368 1873 re
398 1835 447 1874 de
479 1835 710 1888 Hungaria,
742 1833 780 1873 el
808 1833 927 1887 quale
954 1835 997 1871 in
1038 1833 1177 1886 quello
1204 1846 1313 1872 anno
1344 1834 1385 1872 fo
1412 1835 1661 1874 incoronato
1686 1835 1767 1873 im-

323 1890 503 1941 perador
542 1889 593 1928 de
619 1890 810 1930 Romani.
847 1895 887 1926 et
913 1894 1071 1940 passato
1109 1889 1149 1926 in
1175 1886 1362 1940 Nicopoli
1410 1887 1460 1928 da
1488 1887 1622 1928 l’altra
1646 1894 1767 1941 parte

322 1943 385 1982 (181
416 1943 627 1994 Danubio,
658 1942 818 1983 ordeni)
847 1942 884 1981 81
911 1957 986 1981 suo
1019 1943 1217 1993 exercit03
1248 1949 1289 1981 et
1317 1943 1484 1982 essendo
1507 1944 1604 1982 tutti
1627 1956 1765 1982 arma-

323 2000 355 2037 ti
383 2005 423 2037 et
450 1998 529 2038 ben
559 1998 750 2051 disposti,
799 2004 1039 2049 spectavano
1067 1996 1104 2036 81
1132 1997 1288 2050 grande
1313 1997 1478 2037 inimico
1510 1997 1600 2036 dela
1627 2005 1765 2037 sancta

321 2065 458 2092 croce.
524 2053 676 2092 Paiasit
719 2051 904 2091 dal’altra
930 2058 1074 2104 parte,
1101 2051 1221 2091 molti
1253 2052 1373 2091 zorni·
1394 2052 1534 2091 avanti
1561 2051 1765 2091 habiando

323 2108 452 2146 inteso
496 2107 571 2147 che
608 2107 638 2147 li
667 2107 841 2160 principi
879 2112 921 2145 et
948 2106 986 2145 18
1030 2113 1144 2145 zente
1173 2106 1404 2145 Christiane
1445 2106 1537 2145 dale
1563 2113 1684 2159 porte
1713 2106 1766 2146 de

320 2161 509 2202 Ponente
535 2162 736 2202 venivano
768 2161 912 2201 eontra
943 2160 981 2200 81
1001 2175 1075 2199 suo
1097 2161 1245 2200 ducato
1267 2190 1278 2207 .,
1309 2174 1424 2200 come
1445 2161 1571 2200 homo
1597 2160 1762 2214 inpigro

322 2223 363 2255 et
391 2216 522 2256 molto
564 2217 741 2265 audace,
785 2223 883 2255 nato
916 2215 1140 2265 al'imperio
1171 2222 1213 2254 et
1243 2215 1304 2254 ale
1330 2229 1424 2255 cose
1449 2214 1603 2267 grande
1632 2214 1762 2254 soler-

321 2271 503 2319 tissimo,
550 2270 738 2311 convoco
781 2271 832 2309 da
863 2271 1041 2309 Levante
1071 2277 1174 2308 tutte
1214 2269 1253 2308 18
1279 2284 1350 2309 sue
1378 2277 1492 2308 zente
1528 2269 1762 2322 Asiadche,

320 2325 412 2363 dala
442 2325 632 2365 Natholia
649 2357 661 2376 ,
689 2325 780 2364 dala
811 2326 970 2375 Grecia‚
997 2330 1039 2363 et
1071 2323 1195 2377 quelli
1223 2324 1297 2363 che
1326 2323 1365 2362 13
1396 2325 1474 2362 cita
1507 2331 1626 2362 tenea
1655 2337 1762 2363 asse..

321 2379 444 2421 diata.
501 2387 541 2419 et
567 2381 756 2420 ordinate
784 2380 822 2419 18
848 2394 919 2418 sue
944 2379 1111 2428 schiere,
1139 2392 1270 2418 venne
1297 2385 1442 2417 contra
1469 2377 1505 2417 81
1534 2391 1679 2430 campo
1710 2378 1763 2418 de

321 2433 573 2488 Christiani3
607 2441 648 2474 et
674 2442 830 2488 passata
858 2433 896 2472 la
923 2435 1000 2473 cita
1031 2434 1081 2472 de
1109 2433 1305 2485 Philippo
1339 2434 1548 2472 nominata
1575 2431 1763 2484 Philipo-

321 2487 436 2540 puli,
466 2502 667 2541 pei-venne
707 2489 769 2528 ale
806 2487 956 2542 palude
986 2501 1102 2526 verso
1133 2488 1302 2540 Sophia.
1358 2488 1416 2527 Et
1445 2486 1475 2525 h
1501 2500 1579 2526 con
1612 2486 1763 2539 grande

319 2543 458 2581 animo
484 2549 526 2582 et
551 2545 692 2582 astutia
719 2543 893 2582 militare
909 2542 1151 2595 apparechib
1179 2541 1217 2581 el
1235 2555 1310 2580 suo
1337 2542 1517 2580 exercito
1544 2554 1618 2592 per
1647 2554 1762 2580 com-

319 2595 477 2635 battere
519 2611 598 2636 con
640 2598 883 2639 Christiani.>
948 2596 1194 2650 Apparendo
1242 2597 1435 2649 adunque
1476 2595 1656 2634 l’aurora
1695 2594 1761 2634 del

319 2664 447 2691 zorno
481 2651 556 2690 che
584 2652 625 2690 fo
657 2653 758 2691 sacta
789 2652 829 2691 13
857 2652 997 2692 crudel
1026 2650 1198 2703 bataglia
1219 2680 1231 2700 ‚
1278 2651 1305 2689 li
1338 2650 1498 2690 exerciti
1528 2649 1639 2688 l’uno
1673 2647 1761 2688 ral-

319 2712 385 2746 tro
415 2707 693 2746 ineominzava
721 2707 771 2746 ad
804 2708 981 2747 vedersc.
1015 2706 1067 2746 Li
1096 2706 1276 2746 valorosi
1306 2712 1346 2744 et
1375 2703 1538 2745 franchi
1566 2704 1761 2746 Christia-
