1916 3210
424 204 636 252 rrAmcss
687 197 1036 247 nN‘rERPRETE‘
1075 204 1326 247 nNcERTo.
1485 183 1601 260 449

152 302 273 353 adsta
300 309 433 363 insula
459 310 512 352 de
538 309 643 350 Chio
659 339 672 358 ‚
701 309 842 350 nolezb
872 309 935 349 tre
964 318 1070 350 nave
1096 307 1226 349 molto
1255 306 1434 362 grande,
1461 320 1540 346 con
1569 307 1608 348 le

148 362 272 420 quale
299 368 392 413 navi
421 366 448 406 ὸ
472 367 514 408 ln
540 365 669 420 Ipsili.
727 365 861 405 Zinait
886 378 967 405 con
995 363 1120 419 quelli
1149 363 1318 413 dentre,
1352 363 1539 404 vedendo
1568 363 1607 402 le

151 429 284 472 nave,
319 421 372 463 he
456 436 512 462 no
555 420 819 476 grandissima
862 431 1008 474 paura.
1066 421 1116 460 Li
1146 420 1416 474 cinquecento
1446 417 1606 458 homini

148 475 217 528 del
243 476 446 527 caraman
466 507 478 526 ,
521 477 560 517 la
604 481 728 527 noete
759 476 834 515 che
863 486 1087 529 apparseno
1115 474 1156 514 le
1183 487 1312 525 nave,
1341 488 1539 528 aperseno
1567 474 1606 514 le

147 536 269 587 porte
293 539 336 573 et
358 541 627 586 scamparono
658 531 752 570 fora
781 531 888 575 della
920 539 1044 574 terra.
1101 528 1251 570 Alcuni
1285 530 1437 570 sorono
1472 528 1608 569 salva-

147 586 206 638 ti,
232 586 330 628 'altri
361 587 545 643 tagliati‚
574 586 726 641 perche
757 586 885 641 quelli
915 587 967 626 de
998 587 1226 626 Can-amano
1250 585 1437 626 haveauo
1469 584 1608 624 inimi-

147 640 534 689 cittiinamicabile
561 657 637 682 con
666 642 694 682 li
732 643 1011 682 Ottomanide.
1073 641 1272 681 Venendo
1300 640 1420 694 l’alba
1448 641 1514 680 del
1544 655 1608 680 se-

148 705 300 753 quente
338 712 489 746 mmo,
537 698 698 746 Zinait,
741 698 818 738 che
860 697 1016 738 vedeva
1047 696 1086 738 el
1131 695 1284 751 popolo
1309 710 1385 740 suo
1410 697 1605 748 turbato,

153 759 196 794 et
222 751 420 803 dubitava
454 755 533 795 ohe
579 755 618 794 la
656 760 775 793 nocte
814 753 891 794 che
919 753 1049 792 havea
1089 766 1113 792 a
1143 752 1304 806 sequire
1319 783 1332 803 ,
1361 766 1446 792 non
1474 766 1608 791 scam·

146 815 400 863 pausetutto
429 823 503 864 per
529 823 684 864 paura,
717 809 866 848 mando
891 824 915 847 a
944 807 1065 848 Calili
1089 820 1172 847 uno
1203 807 1256 848 de
1284 808 1314 847 li
1342 807 1404 847 soi
1434 807 1605 861 proprii,

130 860 297 918 *perche
318 865 450 906 Calilil
483 865 689 906 cumbatia
717 866 754 904 el
779 862 906 904 castel
935 864 980 903 in
1009 863 1144 918 quella
1169 862 1424 917 septimana3
1457 862 1610 903 Camu-

147 933 213 963 ιιι
227 933 302 960 suo
317 927 491 975 cognato
511 921 734 961 demorava
751 921 793 959 in
808 920 985 973 Epheso.
1011 918 1049 959 el
1064 918 1210 959 nuntio
1230 919 1283 960 de
1299 916 1435 958 Zinait
1452 947 1461 957 .
1480 947 1493 958 .
1508 946 1520 957 .
1534 947 1547 970 ι.
1564 946 1575 958 .
1594 946 1608 958 .

147 982 189 1015 et
217 989 301 1016 non
330 975 434 1016 farlo
462 976 644 1028 morire,
673 975 749 1016 che
776 987 817 1015 se
845 975 1019 1015 rendera
1047 982 1086 1015 et
1113 974 1261 1014 darase
1289 975 1329 1014 al
1359 973 1493 1013 dueha
1519 975 1612 1014 Mo-

84 1039 90 1043 ”
146 1029 266 1080 rath,
296 1038 337 1071 et
364 1032 517 1072 usscira
548 1032 635 1072 fora
664 1038 704 1071 et
730 1029 911 1070 lassarali
938 1031 975 1070 la
1004 1037 1125 1072 terra.
1184 1029 1286 1070 Galil
1312 1036 1551 1069 veramente
1579 1028 1610 1068 li

148 1085 287 1139 presto
315 1094 569 1127 sacramento
609 1094 650 1126 et
671 1087 767 1126 dieli
807 1087 844 1125 la
875 1085 963 1125 fede
1001 1086 1052 1125 de
1086 1084 1280 1128 snlvarlo.
1338 1085 1473 1124 Zinait
1501 1085 1610 1124 ussc'i

146 1140 213 1181 del
240 1142 407 1183 castello
439 1157 515 1182 con
544 1157 620 1182 suo
649 1141 811 1182 fratello
841 1141 1049 1189 Paiasith,
1073 1147 1113 1179 et
1141 1140 1310 1180 diedero
1340 1138 1610 1180 obhedientia

147 1211 172 1234 a
206 1195 378 1245 catelii,
420 1205 461 1238 et
491 1198 594 1238 Galil
629 1198 739 1238 dette
765 1211 790 1236 a
821 1195 913 1236 loro
945 1195 1166 1250 paviglioni
1194 1209 1271 1249 per
1299 1196 1501 1236 habitare.
1530 1195 1616 1235 Ca«

148 1265 284 1292 musas
311 1259 477 1293 tornato
506 1253 557 1293 da
585 1254 752 1307 Epheso
783 1251 955 1291 aethora
990 1251 1041 1290 de
1068 1265 1182 1300 sera,
1213 1257 1256 1291 et
1281 1251 1468 1291 havendo
1499 1251 1610 1291 inte-

147 1321 193 1347 so
220 1307 276 1347 da
301 1321 378 1348 suo
412 1315 585 1362 cognato
611 1309 711 1349 Calil
754 1308 791 1347 le
819 1321 910 1346 cose
936 1307 1120 1361 sequite‚
1150 1306 1302 1346 mando
1338 1314 1485 1360 quatro
1515 1320 1608 1345 oar-

147 1361 260 1403 nifiei
301 1364 548 1417 sanguinarii
594 1365 634 1404 al
673 1363 908 1418 paviglione
948 1362 1001 1401 de
1041 1362 1210 1413 Zenait,
1261 1367 1305 1401 et
1342 1362 1503 1402 trovolo
1533 1362 1611 1402 che

148 1416 335 1461 dormiva
352 1419 653 1460 rouchessando
670 1433 746 1474 per
762 1417 802 1458 la
818 1418 941 1471 longa
967 1417 1103 1471 vigilia
1125 1416 1177 1456 de
1193 1418 1319 1457 molte
1336 1424 1457 1456 nocte
1471 1431 1610 1470 passa-

147 1480 214 1524 te3
240 1473 279 1514 al
303 1474 425 1528 quale
445 1475 727 1515 crudelmente
757 1475 1040 1514 fracassarono
1084 1473 1120 1512 la
1143 1478 1244 1512 testa
1278 1479 1320 1513 et
1349 1472 1388 1512 le
1422 1472 1610 1515 cervelle.

147 1527 227 1571 Poi
265 1528 493 1583 tagliarono
523 1529 560 1570 la
589 1537 695 1571 testa
721 1544 746 1569 a
775 1529 955 1569 Paiasith
983 1541 1059 1568 suo
1091 1528 1276 1578 fratello,
1304 1529 1343 1567 al
1373 1529 1540 1582 figliollo
1569 1535 1611 1567 et

147 1585 288 1638 nepoti
316 1591 357 1624 et
390 1586 489 1625 tutti
517 1585 624 1625 della
668 1600 741 1625 sna
780 1587 1068 1638 generatione,
1111 1598 1193 1622 non
1215 1584 1490 1637 perdonando
1531 1584 1612 1624 alla

149 1639 269 1680 etade
298 1647 440 1681 tenera
467 1640 566 1681 delli
588 1642 795 1681 innocenti
825 1641 947 1694 putti.
1003 1641 1059 1679 Et
1090 1640 1126 1679 le
1155 1646 1257 1679 teste
1283 1639 1448 1694 tagliate
1472 1647 1610 1693 presto

148 1694 304 1736 mando
333 1695 372 1735 al
387 1696 537 1738 ducha.
562 1697 693 1736 inteso
721 1698 757 1736 el
786 1703 900 1750 grato
920 1695 1065 1735 nuntio
1084 1726 1096 1746 ‚
1125 1695 1290 1734 suhbito
1314 1695 1465 1734 mando
1486 1711 1509 1734 a
1528 1696 1612 1734 Ga-

147 1748 276 1805 lipoli,
311 1757 353 1791 et
380 1751 466 1792 fece
487 1753 658 1805 tagliare
679 1753 715 1792 le
733 1760 831 1791 teste
848 1752 941 1791 delli
962 1751 1033 1790 doi
1061 1750 1221 1800 serrati,
1240 1750 1357 1790 Curti
1375 1758 1418 1791 et
1437 1752 1611 1791 Camusa

148 1819 222 1847 suo
251 1805 395 1847 barba.
450 1807 506 1847 Et
532 1807 614 1847 cosi
642 1808 710 1846 fin}
743 1806 880 1846 Zinait
909 1821 985 1846 con
1019 1813 1124 1845 tutta
1147 1805 1187 1844 la
1219 1820 1296 1845 sua
1322 1808 1594 1860 generatione.

260 1860 422 1901 Zoanni
448 1862 698 1915 imperador,
732 1861 925 1902 conclusa
953 1868 992 1901 et
1020 1861 1193 1915 sigillata
1225 1860 1263 1900 la
1293 1875 1395 1914 pace
1428 1863 1497 1901 col
1531 1862 1612 1902 du-

148 1915 224 1955 cha
239 1916 379 1956 Morat
407 1931 485 1957 con
516 1919 687 1970 perdeta
709 1917 762 1956 de
792 1924 900 1956 tutte
927 1916 965 1955 le
999 1916 1152 1956 cittade
1181 1923 1223 1955 et
1253 1916 1292 1955 le
1317 1916 1414 1956 ville
1441 1916 1480 1956 le
1508 1932 1612 1971 qua—

151 1970 189 2011 le
218 1971 350 2011 havea
379 1971 459 2024 ,nel
496 1987 611 2012 mare
651 1973 853 2023 Pontico,
882 1978 1050 2024 excepto
1084 1972 1111 2011 li
1143 1969 1296 2011 castelli
1327 1973 1355 2011 li
1385 1972 1499 2026 quali
1527 1986 1608 2013 non

149 2033 314 2080 possete
340 2028 544 2081 prendere
572 2028 636 2067 nel
664 2034 801 2081 tempo
831 2027 936 2067 della
967 2039 1126 2078 guerra,
1151 2027 1432 2079 Messembria‚
1453 2029 1612 2069 Demus

149 2089 191 2121 et
219 2081 311 2122 altri
340 2081 474 2135 lechi,
505 2084 684 2138 Cytunio
717 2083 766 2123 e’l
798 2090 909 2123 resto
939 2083 981 2121 di
1007 2082 1117 2121 lochi
1145 2082 1196 2121 de
1223 2083 1484 2135 Strymones,
1518 2091 1558 2123 et
1587 2099 1611 2123 a

150 2151 280 2191 pagan·
304 2136 462 2178 tributo
491 2138 542 2178 de
571 2140 702 2192 asperi
733 2153 810 2191 per
842 2138 882 2177 la
908 2137 1136 2191 possibilita
1162 2151 1266 2188 soa3
1302 2146 1471 2177 sentava
1496 2139 1612 2192 paci-

123 2192 248 2232 .fieo.
306 2195 446 2234 Morat
489 2202 754 2241 veramente,
794 2193 831 2233 el
860 2189 981 2249 quale
1023 2194 1062 2232 la
1089 2193 1260 2246 benigna
1291 2193 1458 2233 fortuna
1488 2209 1611 2248 guar-

148 2247 256 2288 dava
286 2262 364 2288 con
392 2248 508 2289 dolce
537 2250 620 2289 riso
650 2257 692 2289 et
721 2263 797 2288 con
826 2248 967 2303 alegra
996 2248 1157 2299 fronte,
1189 2251 1418 2288 consumati
1446 2252 1547 2290 tutti
1580 2250 1610 2291 li

149 2305 213 2343 soi
239 2303 394 2344 inimici
422 2311 463 2345 et
491 2306 688 2345 contrarii
719 2305 770 2344 da
798 2306 893 2358 ogni
914 2311 1033 2358 parte
1063 2306 1113 2355 (et
1141 2318 1223 2343 non
1252 2318 1323 2344 era
1353 2301 1419 2344 chi
1447 2305 1475 2344 li
1501 2306 1612 2346 desse

151 2365 392 2411 contrasto,
434 2368 478 2401 et
517 2374 600 2400 non
641 2361 771 2400 havea
815 2373 941 2414 paura
970 2359 1020 2398 de
1047 2360 1233 2411 potentia
1265 2362 1463 2411 veruna),
1493 2363 1612 2414 passo

150 2412 188 2453 la
219 2414 368 2459 Tracia
400 2422 442 2456 et
471 2416 580 2455 ando
608 2418 648 2455 in
675 2416 830 2455 Prusia.
889 2414 982 2454 Deh
1011 2416 1180 2468 partito,-
1210 2416 1407 2467 passando
1439 2415 1477 2456 el
1505 2432 1611 2470 pon-

153 2475 195 2508 te
225 2469 277 2509 de
305 2470 495 2525 Lupadio
517 2501 529 2522 ‚
566 2471 727 2511 descese
755 2486 778 2510 a
806 2471 1022 2524 Pergamo.
1084 2471 1150 2509 Da
1167 2471 1368 2525 Pergamo
1399 2485 1533 2511 venne
1559 2474 1612 2512 ad

150 2525 357 2580 Magnesia
376 2555 388 2575 ‚
432 2526 484 2567 da
514 2528 721 2580 Magnesia
769 2526 819 2565 ad
850 2526 1039 2575 Smirne,
1078 2525 1132 2565 ad
1164 2523 1284 2565 Tiria
1331 2533 1371 2566 et
1403 2527 1613 2580 Epheson.

152 2579 362 2621 Sentando
387 2582 430 2620 in
462 2582 651 2635 Epheso,
687 2582 799 2621 molti
837 2581 1097 2621 ambaxadori
1133 2595 1300 2620 corseno
1329 2582 1382 2622 ad
1412 2596 1484 2622 sua
1513 2586 1612 2623 visi-

156 2635 311 2676 tatione
349 2635 401 2676 de
444 2639 626 2691 principi
669 2645 707 2677 et
751 2638 904 2690 signori
945 2636 996 2676 da
1038 2635 1150 2690 longi
1189 2643 1231 2676 et
1259 2637 1310 2676 da
1341 2652 1493 2691 presso.
1551 2640 1613 2679 Lo

155 2689 418 2744 impet-adore
457 2693 608 2732 mando
649 2706 723 2731 sno
760 2705 966 2740 messazo,
1003 2692 1128 2731 Miser
1173 2693 1286 2732 Luca
1316 2692 1502 2744 Notara,
1532 2709 1611 2734 con

153 2746 271 2786 molti
298 2746 411 2788 doni.
466 2748 633 2798 Lazaro,
661 2748 819 2800 dispoto
854 2747 906 2787 de
935 2746 974 2786 la
1001 2747 1164 2795 Sex-via,
1195 2748 1436 2788 similmente
1463 2750 1614 2789 mando

156 2800 434 2842 ambaxadore
476 2810 518 2843 et
558 2805 745 2859 presenti⁴
816 2803 868 2844 El
899 2803 1065 2858 dispote
1095 2803 1146 2844 de
1175 2802 1212 2843 la
1242 2803 1468 2858 Valzwhia,
1497 2804 1533 2845 el
1563 2820 1616 2846 ⁵1-

299 2878 437 2914 Ducas.
1346 2892 1390 2927 29

1624 476 1686 523 195

1628 1757 1693 1802 ⁸96
