1916 3210
441 201 655 246 rrmcn
693 201 1029 246 imarum
1075 201 1329 246 mommo,
1501 184 1609 254 451

160 311 303 362 quate
327 309 474 366 perte?
499 307 726 360 pertiteve,
775 320 819 347 se
860 307 1028 361 voletexz
1069 320 1113 346 se
1138 319 1219 356 no,
1256 305 1298 346 io
1324 311 1466 359 presto
1493 319 1620 346 vene-

159 362 224 406 rb.
245 370 264 378 ·“
294 363 452 416 Questa
490 369 676 415 imposta
714 361 754 402 el
780 361 917 403 ducha
953 362 1006 403 de
1030 358 1239 403 Salonichi
1269 363 1424 415 scripse
1451 360 1530 401 alla
1556 361 1622 401 Si-

158 418 304 472 gnum-in
347 429 428 473 per
471 417 510 458 le
545 415 650 471 galie
688 415 796 458 della
831 417 1018 472 guardia.
1075 419 1213 458 Morat
1238 417 1282 456 in
1308 422 1452 472 questo
1481 431 1625 470 mezo,

158 473 434 514 nominando
467 471 524 568 {a
554 474 809 526 primevae,
855 473 963 527 parti
998 473 1054 538 de
1086 473 1360 526 Andrinopoli
1376 502 1388 524 ,
1418 479 1459 537 et
1493 486 1626 538 venne

161 527 247 638 3¹⁸2?
269 527 500 624 f‘ffimsa
542 526 1628 637 „fissnffgssgiff313552‘232‘515‘kss32ss2323332552:

160 637 262 679 11818·
284 645 328 680 et
353 640 512 680 venisse
540 639 583 679 in
621 638 828 683 Thetalia.
884 640 940 680 Et
974 640 1079 680 uniti
1109 641 1240 695 questi
1268 639 1338 679 doi
1366 640 1534 679 exerciti
1563 641 1629 679 in·-

160 701 298 745 oeme,
326 692 540 734 limando
567 709 590 734 a
611 693 835 735 Selonichi.
890 698 938 735 In
973 702 1118 750 questo
1144 698 1260 735 mezo
1291 695 1430 734 Mon-at
1461 693 1630 734 demorb

163 749 246 815 elle
281 748 424 802 Seres,
467 749 702 809 dagandose
740 750 820 791 alle
862 750 1086 814 volupfade
1114 757 1155 790 et
1183 751 1238 790 ali
1267 749 1422 790 conviti
1439 779 1452 802 ,
1479 749 1631 803 perche

162 804 524 915 Ξηφέὲρΐέἓῖθ
543 819 793 902 ἒέιοῖἳζίῗῗ
822 805 1527 916 ἷῗξξὲὲιῖἶέζὶωῖἶῖἒὲᾪῗΐο
1542 819 1632 915 ’ἷξέἶ

163 915 232 956 ehi
259 929 285 955 a
312 916 624 970 comparatione
658 916 710 957 de
735 915 860 972 quelli
888 916 940 957 de
969 917 1057 956 fora
1073 930 1086 956 ε
1117 930 1141 956 a
1168 930 1275 971 pena
1303 915 1382 955 che
1413 916 1521 956 fosse
1549 930 1632 956 uno

18 971 24 975 ’
90 995 94 999 ,
161 978 305 1011 eontra
330 978 467 1011 cento.
522 971 732 1012 Ordinato
759 972 835 1012 che
863 971 971 1012 have
999 972 1195 1012 Camusas
1222 971 1252 1010 li
1279 971 1468 1021 hasnoni,
1497 971 1632 1023 arieti,

161 1026 270 1067 scale
285 1056 298 1079 ,
340 1026 568 1067 bombarde
601 1034 643 1067 et
681 1027 784 1067 altre
823 1027 1055 1082 artegliarie
1096 1034 1136 1067 et
1165 1026 1536 1081 apparechiamenti
1580 1027 1634 1066 da

162 1083 431 1134 comitata-e,
469 1082 616 1122 nuntio
657 1082 712 1122 ad
741 1084 906 1131 Morat,
950 1096 992 1122 se
1021 1083 1049 1122 li
1093 1083 1261 1136 piacea,
1308 1082 1467 1121 venisse
1508 1096 1530 1120 a
1560 1081 1635 1122 dar

165 1135 207 1177 la
237 1137 426 1192 generale
452 1138 643 1192 bataglie.
700 1139 840 1178 Morat
874 1151 1021 1178 venne.
1082 1138 1140 1178 Le
1167 1136 1273 1191 galie
1300 1137 1530 1176 Venetiane
1560 1151 1635 1191 per

165 1192 210 1232 lo
247 1193 478 1233 infortunio
520 1193 573 1234 de
617 1194 759 1233 Romei
791 1206 873 1232 non
902 1207 945 1232 se
990 1200 1218 1232 trovarono
1250 1193 1291 1232 in
1322 1193 1417 1246 quel
1446 1198 1583 1245 tempo
1610 1207 1635 1232 a

169 1247 394 1289 Salonichi.
426 1248 727 1302 Apparechiate
753 1254 858 1288 tutte
887 1248 925 1287 le
951 1261 1044 1287 cose
1073 1248 1125 1287 da
1154 1246 1360 1302 bataglia,
1391 1248 1533 1287 Morat
1561 1262 1636 1301 per

163 1317 268 1343 voce
297 1311 338 1344 et
364 1303 455 1344 soni
485 1304 537 1343 de
572 1304 788 1344 trombetti
825 1303 914 1343 fece
941 1303 1132 1357 publicar
1159 1310 1303 1358 questa
1335 1301 1463 1346 crida.
1522 1303 1633 1343 Ecco

165 1358 274 1399 ch'io
318 1359 430 1399 dono
467 1365 580 1399 tutte
618 1358 658 1398 le
698 1372 792 1399 cose
822 1358 898 1398 che
942 1373 1043 1397 sono
1071 1366 1192 1397 entro
1222 1374 1245 1398 a
1274 1357 1315 1398 la
1343 1357 1423 1397 nith
1449 1358 1502 1398 ad
1531 1359 1717 1411 voi,2oo

165 1414 386 1464 huomini,
417 1414 583 1463 donne,
615 1414 751 1468 puni,
781 1427 856 1454 oro
886 1421 927 1452 et
956 1420 1142 1467 argento.
1191 1427 1266 1467 per
1295 1426 1359 1452 me
1389 1411 1476 1453 solo
1504 1428 1637 1454 reser-

164 1483 220 1510 vo
265 1469 306 1510 la
343 1470 436 1512 nith.
506 1471 797 1509 incontenente
836 1471 908 1524 poi
935 1483 978 1508 se
999 1471 1187 1509 cominzo
1227 1468 1358 1508 aldire
1388 1467 1417 1507 li
1447 1468 1639 1509 horribili

166 1526 431 1567 instormeuti
469 1524 754 1580 battaglieschi
773 1555 786 1576 ,
827 1533 868 1565 et
904 1526 945 1563 in
990 1539 1078 1565 uno
1117 1531 1329 1564 momento
1360 1525 1430 1577 poi
1460 1524 1499 1564 le
1528 1525 1637 1564 scale

164 1577 314 1622 forono'
356 1588 562 1621 accostate
597 1594 622 1620 a
647 1579 687 1619 le
715 1595 846 1622 mure.
915 1581 1058 1620 Orche
1085 1580 1246 1633 podeva
1275 1580 1340 1619 far
1369 1578 1485 1619 mille
1514 1594 1539 1619 o
1569 1580 1639 1620 doi

166 1636 282 1677 milia
322 1635 494 1677 homini>
526 1650 600 1691 per
626 1635 759 1676 desesa
793 1636 845 1675 de
872 1643 990 1676 tanto
1015 1636 1173 1689 grande
1202 1635 1371 1675 citade?
1399 1649 1528 1688 apena
1560 1635 1638 1676 che

165 1692 353 1732 haveano
367 1690 421 1731 da
446 1706 598 1746 ponere
619 1706 706 1732 uno
732 1691 975 1731 halestriero
1006 1706 1082 1745 per
1111 1692 1257 1731 decina
1283 1691 1336 1731 de
1353 1691 1486 1734 merli.
1516 1693 1639 1731 Mon-

166 1748 247 1788 tati
273 1747 470 1802 adunque
498 1748 535 1787 le
559 1747 689 1797 scale,
733 1747 897 1787 suhbito
927 1762 970 1787 se
997 1755 1223 1786 trovarono
1259 1745 1419 1789 dentro.
1478 1747 1535 1786 Et
1563 1747 1638 1786 ha·-

167 1802 302 1843 vendo
329 1808 468 1843 averta
495 1817 576 1842 una
602 1810 746 1856 porta,
778 1809 886 1843 tutto
913 1804 955 1842 lu
987 1803 1163 1841 exercito
1194 1802 1314 1841 entrb
1343 1802 1489 1841 dentro
1519 1817 1638 1842 come

172 1871 250 1912 per
277 1857 312 1897 8Ι
345 1858 508 1898 forame
534 1871 620 1897 uno
650 1871 787 1896 exame
813 1857 943 1910 d’ape.
972 1858 1027 1897 Et
1060 1857 1101 1896 fo
1131 1871 1215 1896 una
1244 1858 1482 1910 maraviglia
1513 1871 1537 1896 a
1564 1871 1638 1896 ve-

169 1913 267 1953 dere
307 1913 503 1953 huomeni
543 1920 583 1953 et
610 1913 744 1964 done,
772 1913 913 1952 zoveni
945 1920 984 1952 et
1011 1913 1194 1952 donzelle
1211 1943 1222 1963 ‚
1253 1912 1359 1966 putti
1389 1920 1430 1951 et
1456 1912 1639 1952 infanta*

170 1967 201 2008 li
228 1969 342 2008 tirati
388 1968 441 2008 da
471 1969 627 2008 homini
670 1967 723 2006 da
759 1967 905 2007 cavalli
941 1982 1017 2021 per
1058 1967 1096 2007 le
1124 1981 1259 2006 mane.
1299 1967 1374 2007 essi
1404 1975 1639 2007 veramente

169 2023 385 2064 ehiamava
413 2025 455 2064 oi
482 2025 543 2075 oi,
569 2030 611 2064 et
639 2037 721 2062 non
750 2037 819 2062 era
849 2022 967 2062 alcun
994 2023 1069 2062 che
1098 2023 1125 2062 li
1152 2022 1320 2062 havessc
1339 2021 1635 2072 misericordia,

171 2078 224 2118 ne
252 2079 374 2119 alcun
416 2079 494 2120 che
539 2078 569 2118 li
597 2093 780 2132 porzesse
804 2079 996 2118 aiutorio.
1053 2079 1198 2130 Questi
1223 2079 1372 2117 sorono
1402 2078 1428 2117 li
1459 2078 1638 2132 proludii

170 2133 278 2174 della
306 2135 497 2189 captivit&
526 2135 632 2174 della
665 2134 763 2174 citt&
794 2134 1013 2188 imperiale.
1044 2134 1102 2173 Le
1129 2147 1220 2173 case
1248 2134 1392 2173 forono
1411 2133 1573 2183 diserte,
1611 2133 1638 2173 li

171 2190 314 2244 templi
355 2190 544 2246 spogliati
587 2189 683 2230 delli
730 2191 790 2229 soi
831 2189 1093 2240 ornamenti,
1134 2195 1175 2228 et
1207 2188 1235 2228 li
1266 2189 1462 2228 santuarii
1491 2191 1639 2229 sacrati

172 2244 314 2286 fedati.
374 2247 434 2286 Le
481 2245 665 2286 donzelle
696 2245 865 2285 honeste
904 2247 946 2283 in
976 2244 1015 2284 le
1042 2245 1163 2284 braze
1191 2242 1287 2283 delli
1317 2245 1512 2285 disonesti
1531 2274 1543 2294 ,
1576 2244 1638 2283 fc-

173 2302 286 2342 mine
320 2310 514 2356 generose
559 2303 603 2341 in
645 2301 681 2340 le
726 2314 848 2340 mane
885 2299 980 2339 delli
1013 2299 1256 2353 ingenerosi.
1339 2301 1454 2339 Tutti
1485 2300 1512 2339 li
1542 2299 1638 2340 mali

173 2355 250 2411 pin
278 2356 465 2397 horribili
492 2357 627 2398 chela
654 2363 787 2396 morte
818 2357 859 2395 in
891 2355 987 2410 ogni
1015 2362 1132 2409 parte
1160 2354 1266 2394 della
1295 2361 1402 2394 terra
1432 2369 1472 2395 se
1507 2354 1639 2396 vedea

176 2419 463 2454 commettere.
493 2412 549 2453 Et
571 2419 686 2452 tanta
719 2411 932 2451 influentia
961 2411 1011 2450 de
1038 2410 1162 2457 mali,
1193 2411 1301 2450 onde
1329 2424 1448 2450 como
1478 2418 1518 2450 ct
1545 2425 1639 2464 per-

174 2467 251 2506 che
278 2468 302 2507 ὲ
331 2472 514 2508 venuta?
570 2468 653 2508 Per
682 2467 711 2507 li
740 2468 871 2507 nostri
914 2466 1081 2520 peccati.
1142 2467 1191 2506 In
1217 2480 1301 2506 uno
1334 2481 1458 2506 zorno
1494 2466 1533 2505 fo
1564 2481 1638 2506 va-

175 2528 297 2562 cuata
326 2522 364 2562 la
395 2525 564 2578 antiqua
594 2530 636 2563 et
663 2538 810 2577 magna
838 2522 917 2562 cita
949 2522 1000 2561 de
1026 2522 1249 2562 Salonichi.
1306 2522 1357 2561 El
1388 2521 1522 2561 ducha
1543 2523 1638 2560 Mo·

176 2583 244 2617 rat
282 2578 323 2618 fe
357 2593 584 2634 congregar
631 2578 714 2618 dali
754 2576 874 2618 casali
919 2585 958 2617 et
983 2577 1089 2617 dane
1116 2577 1248 2618 citade
1277 2577 1447 2616 finitime
1476 2577 1637 2616 Turchi

177 2646 258 2672 con
286 2632 326 2673 le
354 2634 551 2689 mogliere
572 2641 611 2674 ct
633 2649 707 2674 con
732 2634 743 2673 i
773 2633 932 2687 liglioli,
955 2632 1031 2672 che
1062 2632 1273 2672 venisseno
1301 2632 1349 2671 ad
1379 2633 1568 2672 habitare
1596 2633 1638 2671 in

178 2687 400 2729 Salonicbi.
476 2690 530 2729 Et
564 2691 649 2730 fece
688 2690 748 2729 far
777 2689 899 2728 edicti
930 2687 1109 2742 publici,
1138 2688 1214 2727 che
1246 2688 1271 2728 li
1302 2690 1424 2728 Greci
1449 2717 1459 2737 ‚
1491 2688 1567 2726 elie
1596 2702 1639 2726 se

179 2742 424 2784 francet-ono
457 2745 560 2785 della
589 2759 660 2784 sua
689 2744 908 2796 captivit31‚
937 2743 1061 2783 habia
1091 2742 1238 2783 liberte
1265 2753 1408 2783 tornai·
1438 2743 1488 2782 ad
1519 2743 1638 2781 habi-

179 2803 248 2838 tar
274 2800 317 2839 in
349 2801 385 2840 la
414 2815 485 2841 sua
514 2801 662 2855 patria.
717 2799 824 2841 Delli
852 2799 1091 2841 monasterii
1121 2799 1333 2854 principali
1363 2800 1500 2839 hanno
1531 2799 1637 2838 sacto
1653 2807 1717 2833 201
