1916 3210
314 152 427 212 320
649 167 831 213 nucu.
863 165 1149 224 MlCHAEus
1185 160 1406 212 moris

313 274 363 316 δὲ
390 273 584 327 πρέσβεις
610 265 905 325 ἇπελογίσαντο
932 266 990 317 ὥς
1016 269 1113 324 περὶ
1146 268 1292 312 τούτου
1322 265 1398 311 οὔκ
1427 267 1538 312 ἔστιν
1567 268 1766 330 ἀπόνῳ-,ιζ’

312 354 383 381 σιν
408 340 568 383 δοῦναι.
623 335 663 379 οἶ
690 337 738 378 δὲ
762 331 1009 389 μεσάζοντες
1025 329 1141 376 εἶπον
1167 335 1236 388 ,,ει’
1259 334 1312 376 οὗ
1338 336 1634 391 παραδέχεσθε
1659 330 1748 392 φόέὲ

312 418 414 459 ρους
441 400 604 445 διδόναι
622 434 635 456 ,
664 396 765 442 οὐδὲ
788 397 866 454 τήν
894 395 1057 454 ἀγάπην
1086 400 1163 441 τοῦ
1190 397 1387 454 ἡγεμόνος
1413 399 1534 451 ἕξετε.
1564 401 1639 442 καί
1660 397 1746 456 γὰρ

306 467 396 509 ἀ’πὸ
423 468 498 510 τοῦ
529 469 604 508 νῦν
630 467 720 509 ἐστι
747 461 890 520 κύριος
917 465 1002 505 ταῖν
1026 462 1164 519 νήσων
1190 465 1366 514 ᾇπασῶν
1393 466 1476 507 τῶν
1501 466 1548 507 ἐν
1576 460 1745 522 Αἶγαίῴ

252 547 254 550 ’
311 531 482 587 πελάγει
497 532 706 584 κειμένων.
723 530 795 571 καὶ
813 524 953 584 ὥσπερ
975 529 1077 571 Χῖοι
1103 528 1176 572 καί
1190 531 1370 584 Λέσβιοι
1383 531 1457 574 καί
1469 527 1654 586 Λήμνιοι
1673 527 1746 571 καί
1755 532 1782 575 5

301 592 485 653 Ἴμβριοι
503 595 577 638 καί
595 589 719 637 ἄλλαι
736 595 855 649 νῆσοι
872 591 1149 650 ὑπετάγησαν,
1172 591 1282 638 οὕτω
1303 597 1375 638 καὶ
1393 595 1512 650 ὑμεῖς
1527 593 1752 650 ποιήσατε.-
1773 595 1775 598 ⁴

309 663 352 704 εἰ
378 663 417 704 δ’
445 656 512 714 οὔ,
547 658 664 714 μάχη
695 655 872 715 καρτεροὶ
902 659 1082 714 γένηται,
1109 661 1184 702 καί
1206 659 1282 716 τὴν
1300 661 1424 716 νῆσον
1449 658 1522 703 καὶ
1546 658 1596 703 τὰ
1625 661 1746 716 πέριξ

310 727 489 782 α’φανιεῖ
515 721 537 766 ὅ
565 726 706 778 μέγας
722 721 928 779 ἡγεμών.”
954 721 1046 767 τότε
1072 722 1112 767 οἷ
1139 722 1452 782 ἀποκρισιοὶριοι
1477 725 1745 781 ἀπεκρίναντο
1802 770 1804 773 ,

309 792 497 845 „iifl-‹ira›
523 792 623 843 μεθ’
647 789 766 845 ἡμῶν
793 784 855 838 εἶς
901 790 986 832 τῶν
1014 791 1092 833 τοῦ
1116 787 1314 846 ἡγεμόνος
1338 789 1520 845 δούλων,
1551 789 1626 834 καί
1649 790 1748 845 περὶ

271 853 462 898 Βτοότου
490 856 642 909 λεγέτω
683 854 740 912 τῷ
783 851 949 913 μεγάλῳ
984 856 1207 911 μαΐστορι·
1265 858 1339 898 καί
1363 857 1404 898 εἰ
1429 853 1605 912 θελητόν
1634 854 1747 912 αὐτῷ
1763 871 1811 897 ιο

310 923 423 964 ἐστιν
438 951 452 975 ,
483 921 593 963 δότω
622 921 696 962 καί
723 919 880 976 φόρους
907 922 980 963 καὶ
1005 916 1108 964 ἄλλο
1145 919 1190 963 εἴ
1209 937 1250 964 τι
1276 917 1328 964 ἂν
1354 922 1547 978 λυσιτελῇ
1573 919 1644 976 διὰ
1671 917 1749 976 τὴν

311 987 454 1040 νῆσον.
508 983 556 1027 τὸ
584 986 631 1026 δὲ
659 984 780 1040 ἡμεῖς
809 985 886 1027 οὔκ
931 983 1083 1039 ἔχομεν
1109 985 1332 1042 α’πόκρισιν
1358 987 1545 1028 δοῦναι.”
1599 981 1749 1041 ἤρεσεν

310 1046 387 1093 οὖν
415 1050 439 1092 ὅ
467 1048 599 1103 λόγος,
630 1052 705 1090 καί
729 1049 811 1090 στὶν
837 1050 982 1097 αὐτοῖς
1010 1051 1082 1090 ἕνα
1106 1054 1192 1091 τῶν
1220 1049 1469 1106 περιφήμων
1492 1049 1623 1092 aaron?
1647 1049 1749 1092 δοῦ·

175 1123 218 1157 V.
237 1123 298 1169 ¹45
310 1120 393 1159 λων
419 1113 601 1158 ἔστειλεν
617 1145 630 1169 ,
659 1113 916 1167 ἀποπέμψας
945 1112 1104 1163 αὐτούς
1131 1113 1189 1164 ὥς
1216 1115 1360 1170 ἐχρῆν.
1413 1112 1610 1165 ἐλθόντες
1629 1115 1677 1158 δὲ
1703 1110 1749 1158 ἔν

302 1180 431 1238 Ῥόδῳ
447 1212 459 1234 ,
489 1180 563 1222 καί
586 1177 639 1221 τὰ
668 1177 785 1235 παρὰ
813 1179 888 1221 τοῦ
917 1176 1118 1234 ἡγεμόνος
1143 1181 1280 1229 καλῶς
1305 1179 1545 1231 ἐνωτισᾶεἰς
1571 1179 1595 1223 ὅ
1617 1182 1749 1237 μέγας
1764 1186 1813 1229 15

307 1247 496 1301 μαῖστωρ
537 1241 732 1300 ῥήματα,
775 1243 1023 1298 ἀπεκρίνατο
1049 1245 1179 1299 λέγων
1205 1247 1264 1302 τῷ
1293 1244 1428 1305 δούλῳ
1456 1246 1515 1295 ὥς
1542 1244 1600 1302 ,,ἧ
1626 1247 1750 1301 νῆσος

309 1308 417 1367 αὕτη
450 1310 525 1352 οὐκ
557 1308 668 1352 ἔστιν
695 1307 793 1364 ἐμή.
830 1308 920 1363 εἰμι’
947 1307 1060 1364 κιίγώ
1091 1311 1152 1360 εἰς
1181 1307 1394 1366 ὖποταγὴν
1420 1313 1497 1353 τοῦ
1524 1309 1660 1363 πάνια,
1690 1311 1750 1363 ὥς

310 1375 366 1419 σύ
410 1378 470 1425 εἰς
506 1373 574 1417 τὸν
618 1372 695 1417 σόν
723 1373 886 1430 κύριον.
958 1370 981 1414 ὅ
1026 1373 1169 1424 πάπας
1195 1369 1270 1418 οὖν
1296 1374 1452 1418 κελεύει
1479 1391 1555 1430 μοι
1580 1379 1660 1419 τοῦ
1685 1375 1748 1432 μὴ

315 1443 466 1484 δοῦναι
493 1436 655 1496 φόρους
691 1440 799 1493 τινί,
844 1439 897 1480 οὐ
939 1438 1066 1493 μόνον
1102 1439 1173 1482 τὸν
1198 1438 1276 1484 σὸν
1319 1439 1531 1497 ἡγεμόνα,
1560 1438 1608 1491 ὃς
1634 1443 1750 1485 ἔστιν

311 1504 461 1555 ἔθνους
483 1502 631 1560 ἑτέρου
658 1502 731 1547 καὶ
755 1505 933 1553 πίστεως
975 1501 1174 1561 ὅμογενὴς
1202 1507 1276 1548 καί
1302 1504 1525 1563 ὄμόφρων,
1554 1505 1644 1550 ἀλλ’
1675 1507 1749 1549 ου’-
1760 1527 1813 1554 20

272 1573 413 1617 ῦδένα
438 1573 523 1613 τῶν
551 1571 758 1624 βασιλέων
786 1572 872 1612 τῶν
896 1569 1106 1624 ὄμογενῶν
1136 1574 1210 1614 καί
1233 1568 1482 1625 ὄμοπίστων.
1536 1575 1642 1628 λέγω
1673 1567 1751 1616 οὖν

313 1634 467 1687 οὕτως·
535 1637 576 1678 εἰ
609 1636 687 1688 μὲν
723 1635 919 1689 βούλεται
949 1638 1025 1678 τοῦ
1051 1632 1160 1679 εἶναι
1193 1635 1314 1693 φίλος
1331 1670 1344 1690 ,
1378 1641 1452 1681 καί
1475 1641 1561 1682 κατ’
1588 1638 1678 1689 ἔτος
1702 1640 1749 1681 ἐκ

312 1705 399 1746 τῶν
424 1703 536 1757 ἐμῶν
581 1697 865 1756 ἀναλωμάτων
905 1702 1101 1758 πρέσβεις
1140 1704 1322 1746 στέλλων
1359 1702 1661 1761 προσαγορεύω
1689 1705 1748 1757 ὥς

313 1888 409 1920 inter
435 1896 472 1919 se
494 1884 611 1930 pacati
640 1894 682 1917 ac
708 1883 813 1916 amici
839 1887 994 1928 agerent.
1029 1884 1197 1929 exigebat
1221 1884 1267 1918 ab
1290 1885 1335 1920 iis
1359 1885 1535 1922 tributum
1558 1892 1749 1934 tyrannum

315 1934 374 1966 cui
397 1943 416 1964 a
437 1933 563 1976 legatis
587 1941 808 1975 responsum,
835 1930 879 1963 de
907 1930 974 1963 hac
998 1932 1091 1964 rein
1115 1931 1292 1966 mandatis
1321 1944 1359 1966 se
1386 1934 1480 1967 nihil
1503 1935 1648 1970 habere.
1673 1931 1749 1971 tlim

316 1985 556 2014 mesazontes:
593 1977 686 2016 „nisi
721 1977 898 2011 tributum
934 1977 1093 2023 pendere
1123 1979 1271 2019 velitis,
1310 1990 1380 2025 pax
1402 1981 1503 2015 vobis
1529 1987 1566 2016 et
1592 1984 1749 2018 amicitia

318 2038 398 2060 cum
422 2026 584 2071 principe
615 2035 690 2058 non
723 2023 971 2066 intercedent3
1009 2024 1178 2070 deinceps
1203 2026 1299 2059 enim
1326 2028 1432 2061 maris
1457 2028 1587 2073 Aegaei
1622 2031 1750 2064 insulis
1775 2063 1778 2067 ,

321 2073 575 2106 dominabitur.
612 2070 914 2116 quemadmodum
951 2069 1056 2113 Chii,
1089 2071 1229 2112 Lesbii,
1266 2073 1405 2106 Lemnii
1440 2080 1477 2108 et
1499 2075 1623 2109 Imbrii
1649 2082 1746 2110 cete-

321 2130 453 2165 raeque
481 2119 620 2152 insulae
644 2118 818 2163 imperata
842 2118 1014 2159 fecerunt,
1041 2118 1092 2151 ita
1115 2130 1176 2152 vos
1191 2119 1299 2152 etiam
1323 2120 1577 2166 obtemperate.
1605 2123 1661 2157 sin
1682 2124 1750 2157 mi-

321 2177 388 2200 nus
404 2191 414 2207 ,
439 2165 576 2199 bellum
602 2175 705 2208 grave
732 2163 817 2197 iude
841 2164 997 2206 orietur,
1022 2164 1248 2210 insulamque
1271 2172 1423 2200 vestram
1450 2173 1486 2201 et
1505 2169 1750 2203 circumiectas

320 2223 466 2256 magnus
482 2213 647 2256 princeps
670 2211 858 2245 vastabit.“
885 2209 982 2244 hisce
999 2210 1044 2243 ab
1068 2212 1306 2257 apocrisiariis
1330 2224 1556 2258 responsum:
1579 2216 1751 2254 „accedat

319 2260 508 2293 nobiscum
544 2258 676 2302 aliquis
712 2267 731 2290 e
766 2257 940 2303 principis
985 2258 1113 2299 servis,
1148 2259 1194 2292 de
1217 2259 1294 2292 istis
1329 2271 1408 2293 cum
1431 2272 1557 2306 magno
1581 2263 1750 2306 magistro

320 2311 484 2346 actm-1123
510 2310 546 2338 et
582 2305 613 2338 si
652 2304 705 2337 ita
729 2304 762 2336 ei
799 2303 983 2344 videatur,
1006 2304 1182 2338 tributum
1205 2316 1381 2348 annuum,
1406 2312 1443 2340 et
1468 2308 1609 2353 quidvis
1631 2309 1750 2351 aliud,

321 2351 420 2398 quod
446 2352 585 2384 insulae
600 2350 794 2384 commodis
818 2350 990 2391 conferat,
1010 2350 1166 2397 pendat:
1190 2363 1255 2386 nos
1277 2351 1323 2385 ad
1343 2353 1413 2386 ista
1439 2354 1653 2399 respondere
1676 2366 1751 2390 non

321 2407 542 2444 possumus.“
579 2402 726 2442 accepta
749 2397 819 2431 fuit
843 2397 1016 2439 conditio,
1040 2398 1170 2443 illique
1197 2399 1325 2431 decore
1349 2410 1389 2432 ac
1411 2399 1562 2435 honeste
1587 2402 1751 2444 dimissi3

323 2445 430 2478 simul
455 2445 581 2490 missus
606 2454 786 2477 servorum
821 2444 995 2489 principis
1018 2455 1109 2477 unus
1123 2470 1133 2486 ‚
1156 2445 1274 2489 magni
1297 2446 1451 2479 nominis
1474 2447 1538 2481 vir.
1586 2448 1750 2482 Rhodum

324 2503 403 2525 cum
427 2491 682 2536 pervenissent,
706 2495 743 2524 et
765 2490 936 2535 principis
960 2492 1173 2525 sententiam
1208 2491 1252 2524 ab
1279 2491 1354 2525 eius
1378 2503 1477 2526 servo
1509 2494 1604 2527 clare
1626 2506 1752 2541 perce-

324 2539 436 2584 pisset
460 2548 606 2581 magnus
635 2537 824 2581 magister:
862 2537 992 2578 „haec‚
1018 2537 1159 2583 inquit,
1193 2538 1311 2571 insula
1334 2549 1411 2572 mea
1439 2551 1512 2574 non
1536 2547 1613 2574 est:
1636 2553 1751 2587 papae

326 2595 407 2629 ego,
431 2588 472 2617 ut
494 2589 533 2617 tu
562 2582 707 2615 domino
733 2588 796 2616 tuo
809 2592 821 2624 ,'
843 2582 1008 2617 subditus
1025 2596 1111 2617 sum.
1136 2589 1235 2619 vetat
1257 2595 1313 2617 me
1336 2596 1428 2630 papa
1451 2597 1524 2620 non
1549 2588 1663 2621 solum
1686 2594 1750 2622 tuo

325 2631 492 2676 principi,
520 2641 540 2662 a
567 2640 695 2673 genere
717 2634 753 2662 et
775 2628 845 2662 fide
870 2635 991 2664 nostra
1014 2630 1133 2664 alieno
1158 2637 1194 2665 et
1220 2630 1473 2674 dissentienti,
1495 2644 1616 2667 verum
1643 2635 1749 2667 etiam

326 2677 392 2710 ulli
418 2688 538 2720 regum
566 2675 680 2720 gentis
706 2686 746 2707 ac
771 2676 954 2719 religionis
979 2687 1062 2710 suae
1088 2678 1223 2710 solvere
1247 2677 1432 2711 tributum.
1462 2680 1591 2724 quodsi
1616 2681 1748 2714 amicus

329 2734 405 2759 esse
431 2724 510 2760 vult
532 2723 708 2771 princep5‚
734 2722 785 2757 ita
814 2728 854 2757 ut
879 2734 960 2758 eum
985 2724 1190 2771 quotannis,
1215 2729 1254 2758 ut
1278 2724 1469 2759 finitimum
1491 2731 1748 2774 potentemque
