1878 3204
429 131 724 175 msToluAE
771 130 1115 175 BYzAN'rlNAE
1153 130 1274 174 CAP.
1302 134 1337 174 Ι.
1540 133 1558 167 1
1579 133 1598 167 1

155 231 248 290 ἅμα
281 238 366 286 τοῖς
410 233 576 284 δώδεκα
601 233 711 283 υἱοῖς
758 233 896 275 adro&
924 233 998 276 καὶ
1021 237 1107 282 τοῖς
1130 230 1316 287 ἐκγόνοις
1343 231 1505 286 miz-01⁸5,
1534 230 1607 275 τὸν
1618 239 1660 274 V.
1676 251 1710 275 α.

156 300 349 358 ἀριθμὸν
389 295 678 356 ἑβδομήκοντα
714 299 849 343 πέντε.
904 297 1126 357 παρῴκησε
1154 300 1201 342 δὲ
1217 293 1419 355 Ἀβραὰμ
1445 295 1524 341 σύν
1550 297 1610 355 τῷ

155 369 366 425 σπέρματι
409 367 470 416 εἰς
511 367 588 422 γῆν
625 363 808 408 Χαναὰν
843 363 915 422 ἔτη
947 362 1198 422 τετρακόσια
1226 364 1453 421 τριάκοντα
1483 365 1607 420 τρία,

158 430 235 478 καὶ
258 431 505 489 π’ληθυνθὲν
549 432 610 480 εἰς
640 430 942 487 δωδεκάφυλον
983 429 1206 487 ἐλογίσθη,
1241 433 1316 473 καί
1358 433 1519 486 πλῆθος
1551 432 1612 479 εἰς

119 488 443 554 δὲξαιιισχιλιῖις
482 494 684 552 χιλιάδας
728 498 952 554 ἐψηφίσθη
998 499 1044 540 ἐκ
1079 498 1162 540 τῶν
1208 496 1375 540 δώδεκα
1403 495 1509 538 υἱῶν
1534 497 1613 538 τοῦ

151 563 321 619 Ἰακώβ,
349 556 409 607 ὦν
420 561 474 606 τὰ
490 560 681 618 ὄνόματα
693 565 845 617 ταῦτα,
863 563 1057 618 Ῥουβίμ,
1075 560 1264 618 Συμεών,
1275 565 1404 616 Λευί,
1427 560 1610 616 Ἰούδας,

154 628 350 687 Ἱσᾷχαρ,
391 628 655 685 Ζαβουλών,
697 631 960 687 Νεφθαλίμ,
1005 632 1047 673 Γ
1045 629 1103 672 oid
1112 663 1124 684 ‚
1162 630 1322 686 Ἀσήρ,
1363 628 1484 684 Δάν,
1522 629 1611 671 Ἰω-

143 694 247 753 ,σὴφ
264 694 352 739 ,καὶ
375 698 597 750 Βενιαμίν.
650 698 725 739 καί
749 697 828 738 τοῦ
853 698 934 749 μὲν
959 696 1075 739 Λευὶ
1105 694 1305 752 ἀπόγονοι
1323 697 1519 752 Μωῢσῆς
1546 696 1614 738 καί
1627 706 1656 740 C

149 757 346 818 Ἀαρών,
373 760 448 806 καί
474 761 499 804 ὅ
525 764 607 816 μὲν
630 761 677 805 τὸ
700 760 937 818 ’ἱερατεύειν
964 757 1132 817 ἤρξατο,
1163 762 1185 804 ὅ
1207 764 1254 807 δὲ
1283 763 1479 818 Μωῦσῆς
1506 762 1614 818 πρὸς

97 827 204 872 noui
233 825 380 884 ἄρχειν
419 830 673 883 μεθίστατο·
733 826 782 879 ὃς
815 831 861 873 ἐν
902 831 964 887 τῷ
993 825 1255 888 ὀγδοηκοστῷ
1295 827 1380 872 ἔτει
1403 830 1478 885 τῆς
1506 830 1618 885 ζωῆς

157 895 297 939 affui&
326 900 457 938 πατεῖ
476 893 555 951 τὴν
592 893 787 951 ἐρυθρὰν
812 896 1038 938 θάλασσαν
1063 895 1137 939 καὶ
1162 894 1303 951 ἐξάγει
1333 894 1409 938 τὸν
1439 893 1543 938 λαὸν
1573 896 1618 945 ἐξ

156 959 402 1018 Αἰγύπτου.
459 956 581 1012 οὗτος
610 959 632 1004 ὅ
672 963 874 1018 Μωῦσῆς
912 957 1098 1018 ἤκμασεν
1139 964 1185 1005 ἐν
1215 969 1302 1012 τοῖς
1328 958 1491 1018 καιροῖς
1514 959 1619 1006 Ἰνά-

154 1043 238 1082 χου
280 1027 450 1084 πρώτου
490 1026 850 1083 βασιλεύσαντος·
931 1025 1069 1078 οὕτως
1111 1025 1384 1084 α’ρχαιότεροι
1413 1027 1621 1083 Ἑλλήνων

97 1127 99 1130 .
156 1094 369 1140 Ἰουδαῖοι.
437 1093 734 1150 διατρίψαντες
771 1095 820 1136 δὲ
848 1095 894 1137 ἐν
938 1091 1159 1151 τίῆ-ἐρήμῳ
1192 1092 1262 1149 ἔτη
1287 1095 1620 1149 τεσσαράκοντα,

98 1156 234 1202 15καί
257 1156 340 1202 ὑπὸ
379 1159 516 1215 Ἰησοῦ
553 1163 633 1202 τοῦ
669 1160 802 1215 Ναυῆ
838 1158 1071 1215 α’ρχόμενοι
1102 1157 1172 1213 ἔτη
1204 1158 1335 1201 εἴκοσι
1373 1160 1519 1213 πέντε,
1549 1161 1624 1202 καὶ

156 1221 241 1268 ὑπὸ
271 1226 358 1268 τῶν
394 1226 549 1280 κριτῶν
587 1223 661 1282 ἔτη
686 1225 939 1281 τετρακόσια
984 1225 1236 1281 πεντήκοντα
1269 1227 1459 1280 τέσσαρα
1490 1225 1622 1281 μέχρι

156 1292 235 1346 τῆς
258 1291 480 1346 βασιλείοις
508 1291 652 1335 Σαούλ
678 1289 846 1347 πρώτου
878 1295 980 1348 παρ’
1011 1291 1157 1341 αὐτοῖς
1185 1291 1470 1340 καταστάντος
1495 1294 1620 1344 βασι-

157 1358 292 1410 λέως,
333 1357 405 1415 ἐφ’
450 1351 487 1418 ᾧ
513 1358 560 1401 ἐν
589 1359 649 1417 τῷ
675 1357 827 1417 πρώτῳ
861 1357 949 1401 ἔτει
975 1360 1050 1414 τῆς
1078 1356 1300 1413 βασιλείας
1331 1356 1468 1399 αὐτοῦ
1495 1355 1518 1399 ὅ
1546 1357 1668 1411 μέ-Ι)

101 1463 106 1476 ,
157 1439 237 1479 yae
259 1425 444 1467 τίκτεται
469 1425 640 1479 Δαβίδ,
679 1420 789 1467 ὥστε
817 1426 1179 1480 συναθροίζεσθαι
1201 1422 1285 1467 α’πὸ
1308 1421 1514 1480 Ἀβρααμ
1544 1425 1624 1475 ἕως

95 1498 149 1527 20
161 1489 306 1545 Δαβὶδ
350 1490 497 1546 γενεαὶ
530 1492 864 1548 δεκατέσσαρες,
904 1489 978 1547 ἔτη
1002 1491 1125 1546 χίλια
1157 1485 1231 1534 καί
1255 1488 1390 1534 εἴκοσι
1420 1493 1624 1547 τέσσαρα.

158 1556 236 1601 καί
259 1555 344 1612 aad
387 1556 535 1613 Δάβίδ
570 1559 651 1608 ἕως
689 1560 764 1614 τῆς
799 1558 1067 1613 μετοικεσίας
1098 1559 1362 1612 Βαβυλῶνος
1387 1557 1528 1612 γενεαὶ
1558 1559 1627 1599 δε-

161 1626 446 1680 κατέσσαρες,
490 1623 563 1681 ἔτη
603 1622 804 1677 ἑξακόσια
844 1625 992 1679 ἐννέα,
1029 1626 1106 1668 καί
1141 1622 1223 1668 ἀπὸ
1256 1627 1332 1680 τῆς
1361 1626 1627 1678 μετοικεσίας

163 1692 422 1746 Βαβυλῶνος
461 1692 540 1741 ἕως
567 1693 647 1733 τοῦ
687 1692 882 1748 Χριστοῦ
904 1690 1046 1747 γενεαὶ
1072 1691 1400 1746 δεκατέσσαρες,
1428 1688 1501 1747 ἔτη
1531 1706 1625 1733 πεν-

160 1850 294 1895 gisset,
320 1850 485 1897 illucque
511 1862 592 1884 cum
623 1863 662 1886 η
688 1852 762 1885 suis
789 1851 876 1886 filiis
908 1850 1181 1897 nepotibusque
1206 1850 1326 1893 venit,
1351 1851 1414 1897 qui
1441 1852 1485 1896 75
1512 1856 1625 1885 erant.

160 1897 318 1932 incoluit
340 1897 564 1932 Abrahamus
582 1909 662 1932 cum
682 1899 837 1944 posteris
861 1899 936 1933 suis
952 1905 1084 1933 terram
1101 1898 1274 1931 Chanaan
1296 1908 1362 1943 per
1386 1899 1542 1943 spatium
1560 1910 1626 1931 an-

160 1955 292 1978 norum
315 1945 395 1988 433.
423 1945 598 1991 illiusque
628 1946 765 1991 posteri
801 1952 964 1979 numero
981 1946 1080 1980 aucti
1103 1946 1142 1979 in
1163 1945 1357 1979 duodecim
1380 1945 1498 1978 tribus
1524 1945 1626 1990 ‹lige-

161 1991 211 2025 sti
239 1997 277 2025 et
299 1991 489 2026 distributi
528 1998 634 2035 sunt3
678 1997 716 2026 et
750 1993 950 2026 multitudo
985 1998 1214 2037 posterorum
1247 1992 1441 2026 duodecim
1467 1992 1626 2026 filiorum

160 2038 287 2072 Iacobi
312 2038 360 2072 ad
379 2050 443 2073 sex
463 2040 648 2073 milliones
672 2045 861 2073 numerata
886 2046 952 2073 est.
978 2039 1108 2073 horum
1135 2045 1257 2074 autem
1282 2045 1368 2073 sunt
1380 2040 1529 2073 nomina
1554 2041 1627 2073 Ru-

160 2085 260 2127 ben,
280 2082 463 2126 Simeon,
501 2087 610 2129 Levi,
644 2086 757 2128 Iuda,
792 2087 979 2127 Issachar‚
1016 2086 1196 2128 Zabulon,
1236 2086 1495 2132 Nephffiufim,
1521 2087 1626 2129 Gau,

160 2134 269 2174 Aser,
303 2133 408 2176 Dan,
431 2133 563 2178 Ioseph
597 2139 634 2168 et
657 2134 856 2167 Beniamin.
904 2134 1024 2167 Moses
1051 2139 1089 2168 et
1110 2134 1230 2169 Aaron
1258 2146 1369 2180 genus
1398 2146 1418 2167 a
1444 2135 1531 2169 Levi
1558 2134 1627 2167 du-

161 2185 272 2214 cunt:
298 2180 359 2214 hic
382 2180 531 2226 quidem
543 2181 746 2215 sacerdotio
758 2183 896 2227 primus
911 2181 1056 2215 functus
1075 2186 1140 2222 est,
1153 2182 1274 2216 Moses
1290 2193 1375 2216 vero
1390 2182 1444 2215 rei
1454 2182 1627 2228 publicae

160 2226 517 2263 administrationem
541 2229 747 2274 capessivit,
772 2234 883 2274 atque
911 2239 1006 2261 auno
1023 2229 1152 2263 aetatis
1181 2241 1266 2263 suae
1280 2230 1524 2274 octuagesimo
1539 2230 1628 2273 Ery-

161 2274 329 2309 thraeum
353 2287 451 2310 mare
476 2276 645 2311 transivit
663 2275 863 2321 eduxitque
888 2276 1247 2322 populumAegypto.
1273 2276 1334 2311 hic
1357 2278 1477 2311 Moses
1503 2277 1629 2310 floruit

160 2322 388 2367 temporibus
412 2323 551 2365 Inachi,
580 2324 645 2369 qui
667 2324 805 2369 primus
834 2323 997 2367 regnavit
1034 2323 1131 2369 apud
1144 2324 1334 2371 Graecos]3
1361 2336 1473 2370 quare
1499 2324 1628 2358 Iudaei

161 2374 249 2404 sunt
285 2370 433 2405 Graecis
461 2371 700 2416 antiquiores.
758 2371 966 2404 Transactis
1029 2370 1137 2405 einde
1166 2383 1231 2417 per
1269 2371 1411 2406 deserta
1432 2372 1536 2405 annis
1562 2373 1627 2417 4ο,

160 2417 292 2450 Iosuae
305 2417 404 2451 Nave
428 2419 504 2452 filio
530 2418 633 2452 annis
658 2420 703 2454 25
719 2424 939 2464 paruerunt3
964 2428 1093 2465 resque
1117 2419 1363 2453 Israelitarum
1389 2419 1537 2464 publica
1561 2430 1628 2464 per

161 2464 259 2498 viros
291 2464 336 2497 ab
366 2466 454 2511 ipsis
478 2465 620 2500 Iudices
657 2466 862 2511 appellatos
888 2465 1139 2501 administrata
1165 2473 1222 2500 est
1243 2468 1347 2501 annis
1376 2468 1468 2512 454,
1509 2476 1627 2511 usque

162 2510 213 2545 ad
237 2511 356 2545 Saulis
391 2514 620 2554 unctionem,
651 2514 716 2558 qui
754 2513 891 2558 primus
917 2513 1014 2558 apud
1044 2525 1123 2547 eam
1148 2521 1292 2559 gentem
1321 2525 1384 2548 rex
1408 2515 1628 2548 constitutus

164 2563 245 2599 est,
277 2559 380 2592 cuius
415 2560 558 2606 imperii
585 2571 681 2594 anno
715 2561 832 2606 primo
868 2572 1017 2605 magnus
1053 2562 1214 2595 nascitur
1246 2562 1373 2595 David.
1400 2561 1491 2594 adeo
1516 2566 1558 2594 ut
1583 2560 1630 2593 ab

162 2605 371 2640 Abrahamo
408 2607 454 2640 ad
486 2607 662 2642 Davidem
703 2608 979 2653 quatuordecim
1023 2609 1275 2653 generationes
1312 2609 1554 2652 colligantur,
1595 2613 1634 2641 et

165 2653 254 2686 anni
285 2654 382 2698 ¹⁰²4·
417 2661 528 2700 atque
565 2667 586 2688 a
610 2655 750 2689 Davide
782 2655 828 2688 ad
858 2660 1121 2701 transportatus
1146 2656 1369 2701 Babylonem
1395 2655 1550 2689 ludaeos
1576 2661 1634 2688 to-

166 2699 282 2733 tidem
308 2702 560 2744 generationes
586 2703 626 2746 ¹4
644 2708 682 2737 et
709 2703 796 2736 anni
809 2706 889 2748 609.
907 2715 927 2736 a
951 2705 1260 2749 transportatione
1287 2715 1402 2750 usque
1428 2702 1474 2736 ad
1500 2702 1635 2736 Christi

167 2747 398 2784 nativitatem
426 2749 467 2795 ¹4
491 2749 627 2797 pariter
660 2755 898 2786 numerantur
933 2751 1209 2796 generationes,
1236 2752 1322 2787 anui
1348 2751 1459 2786 etiam
1484 2751 1563 2795 5⁰4·
1588 2751 1636 2783 si-
