1884 3216
321 159 433 221 286
662 183 843 226 DUCAE
878 181 1162 225 MICHAELIS
1196 181 1420 225 NEPo‘ns

319 282 360 327 οἱ
386 285 465 338 μὲν
490 283 606 340 παρά
635 286 718 327 τῶν
743 282 1028 340 κατεκόπησαν
1045 314 1057 337 ,
1088 283 1128 325 οῖ
1156 284 1203 326 δὲ
1231 282 1331 333 τούς
1370 285 1626 341 ὀφθαλμούς
1647 288 1755 344 xiip-

315 349 522 404 μύσαντες
548 347 629 392 α’πὸ
656 351 732 392 τοῦ
762 351 926 403 τείχους
955 346 1122 391 ἔπιπτον
1136 381 1148 403 ,
1176 347 1475 405 κατερραγότες
1494 350 1545 394 τοὶ
1575 349 1753 407 σώματα

179 422 223 458 V.
241 434 305 469 ¹29
316 417 392 459 καί
417 416 561 465 δεινῶς
588 414 633 458 τὸ
664 417 782 464 τέλος
809 416 884 469 τῆς
914 414 1023 470 ζωῆς
1048 412 1368 469 ἀποβάλλοντες.
1421 414 1497 468 τὰς
1525 418 1574 460 δὲ
1601 418 1752 474 κλίμα-

236 496 238 498 *
314 498 389 532 κας
425 480 649 529 ἀκωλύτως
677 478 905 535 ἑπήγνυον,
933 479 1008 522 καί
1045 475 1262 534 ἀνέβαινον
1290 480 1348 530 ὥς
1367 476 1487 525 οἷετοί
1508 481 1752 538 πετόμενοι.

275 545 353 589 Βοὶ
379 547 427 588 δὲ
446 545 652 598 Ῥωμαῖοι
699 543 777 587 σὺν
804 546 859 601 τῷ
887 547 1057 599 βασιλεῖ
1083 545 1160 587 ούκ
1189 543 1410 600 ἐγίνωσκον
1436 546 1480 590 τὰ
1510 547 1751 603 γενόμενον·
1767 557 1793 599 5

312 607 364 666 ἦν
391 609 471 666 γὰρ
503 607 798 665 ἀπομακρόθεν
825 609 853 664 ἦ
896 609 1091 666 γενομένη
1133 612 1217 652 τῶν
1248 609 1441 667 Τούρκων
1468 612 1654 666 εἴσοδος,
1683 616 1757 658 καὶ

313 671 450 724 ἄλλως
476 671 537 717 ὅτι
566 675 672 729 ὑπὲρ
702 675 783 716 τῶν
810 674 1125 729 ἅντιμαχόντων
1152 672 1264 725 ἅπας
1297 673 1319 717 ὅ
1348 675 1500 727 σκοπὸς
1526 673 1593 734 ἦν.
1647 672 1755 735 ἦσαν

311 740 392 797 γάρ
433 737 800 793 οἷντιπολεμοῦντες
849 735 1000 795 ἄνδρες
1045 740 1227 794 μάχιμοι
1269 742 1447 798 Τοῦρκοι
1491 734 1623 791 εἴκοσι,
1649 743 1755 802 πρὸς

313 809 388 849 ἕνα
410 803 650 858 εΡωμαῖον,
694 804 768 846 καί
803 805 953 847 τοῦτον
992 800 1043 846 οὗ
1072 805 1196 848 τόσον
1223 806 1473 863 πολεμιστὴν
1500 807 1558 859 ὥς
1581 807 1656 852 τὸν
1681 825 1756 852 τυ-

310 869 444 926 χόντα
478 873 675 926 Τοῦρκον.
733 870 839 925 πρὸς
869 872 1054 920 ἐκείνους
1095 872 1198 926 γοῦν
1223 866 1272 927 ἦν
1299 874 1374 914 καί
1403 871 1424 914 ὅ
1450 872 1602 924 σκοπὸς
1629 877 1704 918 καί
1726 875 1754 930 ἧ
1772 894 1819 921 ιο

313 935 496 994 φροντίς.
525 935 621 979 τότε
653 937 852 992 ἐξαίφνης
880 935 1011 991 ὅρῶσι
1036 939 1136 992 βέλη
1165 939 1210 979 ἐκ
1235 938 1319 979 τῶν
1348 933 1432 979 ἅνω
1461 941 1655 983 κατίοντα
1681 942 1755 983 καὶ

311 1002 649 1059 κατασφάττοντα
676 1001 864 1051 τούτους.
892 1002 1203 1056 ἀναβλέψαντες
1233 999 1365 1056 ὁρῶσι
1390 1002 1616 1060 Τούρκους.
1641 1005 1754 1048 ἰδόν-

310 1085 378 1119 τες
408 1071 455 1111 δὲ
483 1070 544 1117 εἰς
571 1066 711 1125 φυγήν
739 1065 860 1110 ἔνδον
888 1067 1145 1123 ἐτράπησαν.
1187 1067 1259 1109 καί
1281 1067 1342 1123 μὴ
1374 1068 1596 1123 δυνάμενοι
1623 1071 1756 1113 εἴσελ-

309 1139 405 1178 θεῖν
450 1133 521 1176 διὰ
563 1136 636 1189 τῆς
663 1132 798 1188 πύλης
843 1135 916 1188 τῆς
944 1134 1302 1189 ἐπονομαζομένης
1321 1136 1526 1190 Χαρσοῦ,
1555 1151 1757 1191 στενοχω-

309 1197 508 1257 ρούμενοι
538 1198 608 1242 διοὶ
643 1197 691 1241 τὸ
722 1201 909 1254 πλῆθος,
939 1197 977 1240 οἱ
1002 1200 1081 1251 μὲν
1108 1198 1239 1253 α’λκῆν
1265 1203 1561 1258 περισσοτέραν
1591 1199 1822 1257 ἔχοντεςιό

273 1264 410 1315 Οτούς
450 1265 685 1321 α’νάνδρους
723 1265 1052 1313 καταπατοῦντες
1096 1264 1350 1319 εἰσήρχοντο.
1404 1265 1501 1308 τότε
1527 1266 1555 1322 ἦ
1584 1268 1660 1310 τοῦ
1686 1285 1758 1311 τυ-

311 1329 466 1387 ράννου
508 1329 740 1386 παράταξις
788 1328 945 1378 ἰδόντες
981 1328 1060 1383 τὴν
1097 1327 1253 1384 τροπὴν
1285 1329 1644 1386 τῶν“Ρωμαι’ων,
1676 1335 1759 1391 μιᾷ

312 1398 431 1452 φωνῇ
457 1395 682 1450 βοήσαντες
706 1396 978 1450 εἰσέδραμον,
1006 1396 1341 1443 καταπατοῦντες
1356 1394 1455 1444 τούς
1485 1398 1660 1447 α’θλιόυς
1686 1400 1761 1441 καί
1771 1419 1774 1422 ’

311 1458 689 1516 κατασφάττοντες.
709 1460 900 1508 ἐλθόντες
931 1461 978 1501 δὲ
1017 1461 1077 1509 εἰς
1117 1457 1194 1513 τὴν
1222 1457 1356 1515 πύλην
1383 1462 1460 1502 ουἰι
1487 1461 1760 1519 ἠδυνήθησαν

310 1527 538 1568 εἰσελθεῖν·
564 1520 616 1580 ἦν
640 1523 722 1579 γάρ
753 1530 962 1580 φραγεῖσα
989 1522 1072 1566 ὑπὸ
1101 1525 1186 1566 τῶν
1213 1522 1528 1568 καταπεσόντων
1555 1526 1761 1581 σωμάτων
1771 1545 1823 1574 20

311 1592 386 1634 καί
411 1587 824 1645 λειποψυχησάντων.
889 1591 936 1632 ἐκ
979 1591 1060 1632 τῶν
1098 1591 1268 1643 τειχέων
1313 1584 1389 1632 οὖν
1416 1589 1454 1632 οἶ
1478 1596 1659 1635 πλεῖστοι
1686 1592 1759 1636 διά

311 1659 396 1698 τῶν
425 1657 620 1712 ἐρειπίων
647 1654 912 1710 εἰσήρχοντο,
939 1657 1013 1698 καί
1038 1653 1140 1704 τούς
1179 1658 1469 1705 συναντῶντας
1495 1661 1756 1702 κατέκοπτον.

313 1719 335 1762 ὃ
363 1720 563 1776 βασιλεύς
605 1715 681 1762 οὖν
727 1717 1022 1775 ἀπαγορεύσας
1057 1717 1228 1774 ἑαυτόν,
1274 1719 1496 1774 ἱστάμενος
1535 1721 1759 1776 βαστάζων

313 1784 482 1843 σπάθην
523 1785 599 1830 καὶ
639 1784 827 1841 auulsa,
871 1781 959 1828 εἶπε
992 1785 1110 1841 λόγον
1137 1785 1271 1841 λύπης
1300 1782 1416 1838 ἄξιον
1443 1787 1550 1842 ,,οὕκ
1579 1787 1670 1832 ἔστι
1697 1804 1760 1839 τις

315 1958 423 2000 dere,
454 1957 697 2003 membrisque
737 1957 897 1990 contusis
936 1956 1105 1989 acerbum
1135 1956 1249 1990 fatum
1279 1957 1415 1992 obiere.
1451 1958 1557 1994 facile
1588 1961 1758 2008 deinceps

316 2006 420 2039 scalis
446 2005 636 2050 applicatis
660 2005 699 2037 in
722 2015 842 2036 muros
858 2029 867 2045 ,
905 2004 1050 2048 aquilae
1075 2003 1213 2037 volanti
1238 2004 1395 2046 similes,
1421 2005 1612 2041 subierunt
1634 2009 1758 2042 Turci.

315 2065 382 2086 nec
406 2053 474 2085 ista
499 2052 645 2085 interim
669 2062 761 2096 quae
787 2049 1013 2094 gerebantur,
1038 2051 1234 2095 imperator
1259 2052 1366 2096 eique
1390 2052 1588 2087 militantes
1613 2056 1759 2089 Romaei

318 2100 562 2140 resciverant,
580 2097 680 2144 quod
704 2098 845 2142 longius
871 2096 915 2129 ab
937 2108 1060 2130 eorum
1084 2098 1240 2130 statione
1255 2123 1264 2138 ,
1300 2109 1371 2142 qua
1395 2099 1505 2132 Turci
1529 2101 1758 2146 irruperunt,

316 2152 420 2190 porta
445 2145 580 2186 aberat,
606 2145 818 2190 praesertim
846 2154 930 2178 vero
956 2144 1041 2188 quia
1066 2143 1233 2177 adversus
1260 2151 1506 2189 oppugnantes
1529 2147 1599 2180 toti
1626 2148 1758 2182 intenti

318 2199 430 2225 erant.
479 2192 589 2225 Turci
618 2192 752 2236 quippe
770 2190 899 2236 viginti
924 2201 1102 2235 pugnaces
1129 2196 1251 2223 contra
1265 2191 1500 2235 Romaeorum
1524 2204 1633 2226 unum
1658 2193 1757 2228 bello

316 2240 448 2280 minus,
463 2250 570 2285 quam
593 2238 710 2283 quivis
733 2249 868 2278 eorum,
891 2242 1015 2281 aptum
1037 2237 1328 2282 praeliabantur3
1354 2249 1394 2270 ac
1417 2244 1607 2283 propterea
1631 2240 1662 2273 T
1665 2242 1758 2274 urcis

317 2287 485 2319 resistere
509 2284 734 2318 solummodo
761 2283 977 2329 cogitabant.
1006 2295 1085 2316 cum
1109 2284 1232 2328 itaque
1258 2294 1300 2316 ex
1316 2284 1507 2328 improviso
1534 2296 1552 2318 e
1576 2298 1759 2320 murorum

318 2338 420 2378 parte
446 2332 623 2377 superiori
645 2331 843 2365 missilibus
883 2342 920 2364 se
945 2331 1022 2376 peti
1046 2342 1086 2363 ac
1112 2331 1233 2363 necari
1258 2331 1473 2372 sensissent,
1500 2338 1536 2364 et
1558 2333 1695 2366 Turcos
1719 2335 1759 2367 in

319 2379 445 2412 urbem
490 2384 697 2423 penetrasse
742 2379 1034 2423 conspexissent,
1083 2377 1121 2410 in
1167 2382 1286 2421 partes
1342 2377 1532 2411 interiores
1553 2380 1652 2417 ,eius
1698 2386 1758 2413 tu-

319 2427 540 2459 multuantes
564 2426 646 2469 fuga
681 2436 718 2458 se
747 2435 926 2470 recepere.
962 2435 1027 2469 per
1062 2429 1200 2468 portam
1219 2433 1328 2464 vem,
1353 2434 1446 2469 quae
1472 2424 1597 2459 Charsi
1624 2425 1758 2460 dicitur

319 2473 555 2506 multitudine
593 2472 761 2505 coartatis
797 2483 838 2504 ac
871 2471 1048 2516 oppressis
1072 2481 1145 2503 non
1174 2475 1320 2515 patente
1345 2470 1508 2512 introitu,
1534 2472 1597 2516 qui
1619 2473 1756 2507 viribus

320 2530 360 2551 ac
379 2519 508 2552 robore
531 2518 774 2563 praestabant,
791 2517 1031 2552 invalidorum
1045 2517 1254 2562 corporibus
1279 2516 1422 2550 calcatis
1446 2525 1643 2562 pervasere.
1670 2525 1757 2552 tunc

321 2576 467 2610 quoque
492 2564 635 2609 tyranni
662 2565 755 2597 acies
783 2562 1018 2598 Romaeorum
1045 2565 1127 2608 fuga
1151 2562 1407 2605 animadversa,
1433 2565 1586 2598 clamore
1611 2565 1755 2600 sublato

320 2613 532 2657 miserisque
567 2611 785 2644 conculcatis
819 2622 859 2644 ac
886 2611 1018 2652 eaesis,
1060 2612 1098 2644 in
1123 2610 1247 2642 urbem
1272 2610 1411 2654 irrupit.
1435 2610 1482 2643 ad
1507 2617 1646 2656 portam
1670 2623 1755 2647 vero

321 2659 584 2703 collapsorum,
610 2658 838 2703 animamque
874 2658 1055 2702 agentium
1081 2656 1288 2702 corporibus
1313 2656 1518 2702 obseptam,
1545 2669 1623 2691 eum
1648 2658 1758 2692 deve-

321 2705 480 2746 nissent,
506 2703 645 2750 ingredi
669 2705 881 2748 nequivere,
907 2716 971 2750 per
994 2704 1085 2737 muri
1112 2705 1236 2748 itaque
1269 2703 1406 2736 ruinam
1433 2704 1578 2748 plurimi
1602 2706 1660 2738 via
1684 2705 1755 2739 sibi

322 2752 485 2797 quaesita
513 2750 638 2785 obvios
658 2750 894 2784 trucidarunt.
921 2756 1007 2784 tunc
1031 2751 1225 2795 imperator
1248 2750 1346 2783 omni
1371 2750 1511 2784 abiecta
1535 2763 1610 2797 spe,
1635 2753 1753 2785 animo
