1916 3210
350 172 466 246 394
833 193 1015 235 DUCAE
1055 192 1309 234 flisTonlA

351 307 430 334 con
458 307 552 334 seco
581 293 726 334 Zeuait
751 292 858 332 ando
888 294 928 331 in
955 291 1140 344 Epheso.
1194 294 1246 333 ΕΙ
1277 294 1476 332 caraman
1504 292 1551 334 e’l
1583 294 1792 346 Cannam

350 363 469 389 come
493 348 666 389 havemo
693 347 878 401 predicto
897 375 908 396 ,
939 347 1092 386 cereati
1118 347 1148 387 li
1176 347 1427 387 tabernaculi
1455 349 1507 388 de
1528 348 1793 390 Zenaitroinsss

352 419 400 443 ca
417 403 456 443 la
471 418 581 443 meza
605 411 724 443 nocte
753 407 794 441 et
820 415 903 440 non
933 407 1106 442 trovato
1138 402 1289 456 quello,
1319 404 1458 442 hanno
1487 403 1616 443 inteso
1646 403 1796 444 elewa-

351 460 562 506 diment03
592 472 667 511 poi·
695 457 730 496 el
762 455 882 508 quale
912 455 1008 495 nelli
1038 458 1199 496 exerciti
1226 457 1320 498 delli
1347 458 1470 498 duchi
1491 472 1795 513 nacquegmn·

353 513 395 552 di
424 513 590 553 tumulti
627 519 667 552 et
696 511 1025 564 perturbatione.
1084 511 1236 552 Alcuni
1265 527 1488 553 cercavuno
1512 513 1541 553 li
1569 514 1637 554 soi¹
1659 513 1795 553 caval*
1848 541 1854 545 ι

296 568 381 612 871i
402 598 413 618 ,
447 568 582 607 alcuni
618 566 646 606 li
676 563 876 620 gambdi,
919 564 1013 604 altri
1041 566 1068 606 li
1093 567 1216 617 muli,
1243 582 1320 622 per
1358 568 1551 608 carchare
1587 569 1616 608 li
1652 569 1794 609 carisii

351 630 392 663 et
430 623 467 661 le
505 628 617 660 veste
655 620 844 660 militare.
914 620 1021 660 Altri
1047 628 1218 661 stavano
1261 623 1406 663 armati
1445 630 1484 662 et
1518 620 1795 677 appan-echini

350 693 374 718 a
420 677 679 716 combuttere.
735 676 890 714 Levato
920 675 956 715 el
996 675 1104 726 sole,
1134 675 1177 715 lu
1205 679 1376 718 exercito
1405 684 1512 717 tutto
1540 692 1609 718 era
1637 685 1794 718 armato

351 739 394 772 et
435 745 571 770 mosso
613 729 718 769 dalle
743 745 812 769 sue
839 730 1030 772 statione.
1100 731 1146 770 Li
1178 731 1333 772 homiui
1363 733 1414 772 da
1442 731 1794 774 cavallo.stavauo

351 801 430 826 eon
462 785 488 824 li
519 784 657 827 duchi.
714 786 776 824 Lu
804 787 976 824 exercito
1016 786 1206 840 pedestre
1241 801 1318 826 con
1349 786 1362 825 i
1389 787 1563 827 cai-iazza
1586 802 1653 827 era
1673 786 1794 828 'asee-

350 856 398 880 so
425 840 455 880 li
481 841 591 880 loehi
621 839 719 889 alti,
759 847 799 880 et
828 839 1012 880 haveano
1042 847 1203 894 pussate
1228 839 1267 880 le
1291 842 1436 882 elisure
1465 850 1504 882 et
1532 842 1543 882 i
1573 842 1684 882 lechi
1712 843 1794 882 dii:-

350 895 444 935 ficili
476 909 601 934 verso
642 894 858 934 Meandro.
926 896 1093 936 Passato
1124 895 1168 935 lu
1206 897 1404 946 exercito,
1424 903 1426 905 ’
1447 896 1476 936 li
1507 896 1637 937 duchi-
1656 898 1795 937 condi

349 950 508 990 homini
555 950 707 990 d’arme
746 949 926 990 secundo
972 950 1148 990 sordine
1178 951 1229 990 de
1258 952 1539 1006 retroguardia
1560 964 1794 1006 vpaseat-ouo

350 1005 389 1045 le
416 1005 578 1046 clisure.
618 1034 621 1037 -
651 1006 730 1044 Ala
758 1011 903 1058 quarta
953 1005 1055 1044 hora
1079 1005 1145 1045 del
1174 1021 1300 1046 zorno
1332 1008 1560 1046 Musulman
1593 1007 1797 1060 passando

349 1074 426 1114 pci-
453 1060 489 1099 el
532 1068 658 1114 ponte
688 1074 805 1100 verso
849 1060 886 1098 la
917 1067 1133 1113 montagna
1171 1061 1222 1100 de
1252 1061 1404 1101 Galisio
1436 1076 1516 1101 con
1547 1062 1588 1101 10
1617 1062 1795 1102 exercito

349 1129 481 1154 venne
508 1115 549 1154 in
573 1115 751 1168 Epheso.
781 1114 915 1154 Molto
941 1114 1193 1155 suadendolo
1218 1114 1359 1155 Zena'it
1386 1115 1485 1156 ch’el
1516 1115 1671 1157 volesse
1697 1127 1796 1170 perv-

348 1172 531 1224 sequitar
558 1170 586 1209 li
613 1169 759 1216 duchi,
800 1169 1030 1209 Musulman
1063 1185 1146 1210 non
1181 1169 1295 1210 volse
1322 1171 1450 1211 aldire
1480 1170 1518 1211 el
1548 1185 1622 1211 suo
1651 1167 1796 1211 conse-

348 1225 433 1278 glio
450 1254 462 1272 ,
493 1225 526 1263 ἐι
552 1239 625 1278 per
657 1224 696 1263 la
723 1230 870 1263 natura
898 1239 970 1263 sua
997 1239 1103 1279 equa
1132 1233 1172 1265 et
1199 1225 1401 1279 benigna,
1431 1226 1464 1265 si
1501 1226 1633 1269 anche,
1655 1226 1797 1280 pei->la

346 1278 531 1319 versutia
568 1287 607 1319 et
632 1279 838 1318 insedentem
875 1278 925 1318 de
958 1280 1116 1324 Zenait.
1172 1281 1258 1320 fece
1293 1281 1484 1335 adunque
1508 1277 1707 1321 flccareii
1732 1280 1796 1320 soi

347 1333 596 1373 tabernaculi
637 1334 699 1374 sul
741 1347 887 1387 campo
937 1333 988 1374 de
1017 1335 1180 1388 Epheso
1201 1363 1214 1385 ‚
1247 1336 1480 1375 stativando
1514 1337 1556 1374 in
1583 1335 1797 1390 queiloco

349 1391 449 1428 mesi
480 1396 631 1443 quatro
659 1403 776 1428 senza
805 1388 950 1427 alcuna
979 1403 1077 1428 cura
1106 1389 1170 1429 del
1196 1403 1270 1429 suo
1302 1389 1452 1430 ducato
1469 1418 1481 1438 ,
1509 1390 1683 1429 vivendo
1713 1390 1798 1429 d‘is-
1830 1411 1831 1414 =

346 1443 616 1483 solutamente
648 1443 688 1482 in
714 1442 914 1485 tuffaruzi.
944 1457 1012 1482 era
1040 1444 1167 1484 homo
1196 1443 1336 1484 dedito
1363 1444 1402 1484 al
1430 1443 1531 1484 vino
1557 1452 1596 1484 et
1620 1444 1702 1484 ,alla
1729 1446 1795 1483 lu*-

348 1500 462 1538 xuria
490 1505 530 1538 et
554 1514 576 1537 a
603 1498 698 1538 tutti
737 1499 886 1552 piaceri
918 1498 1127 1551 corporali
1157 1506 1313 1553 quanto
1342 1498 1488 1539 alcuno
1518 1499 1640 1539 altro.
1699 1500 1795 1539 Μο-

348 1567 430 1603 ses,
459 1552 496 1593 el
524 1554 645 1607 quale
671 1553 709 1593 el
738 1567 899 1593 sermon
927 1560 1066 1593 nostro
1099 1553 1149 1593 de
1179 1567 1302 1607 sopra
1328 1554 1380 1593 ha
1408 1560 1606 1594 mostrato
1633 1553 1710 1593 che
1726 1568 1795 1593 zo·

290 1611 336 1647 88
349 1615 512 1648 venetto
541 1611 686 1648 rimase
716 1607 757 1647 in
785 1608 940 1662 Angit-a
984 1608 1034 1647 de
1064 1607 1223 1647 Galatia
1250 1623 1329 1647 con
1357 1623 1433 1648 suo
1463 1609 1580 1648 sratel
1611 1607 1796 1648 Mecbie...

347 1665 484 1713 metii,
509 1663 674 1716 scampe
704 1662 755 1702 de
783 1663 938 1717 Angira
963 1669 1004 1702 et
1033 1676 1166 1702 venne
1193 1678 1215 1701 a
1242 1663 1414 1716 Sinopi‚
1445 1663 1552 1703 dove
1575 1662 1792 1703 dominam

346 1731 432 1757 uuo
460 1718 600 1772 sigum·
644 1719 859 1757 nominato
889 1718 1078 1770 Spentiar
1117 1718 1435 1768 Turchomano‚
1465 1719 1502 1757 el
1529 1718 1626 1771 qual
1652 1718 1696 1756 lu
1722 1732 1792 1757 re·-

347 1780 504 1812 cevette
534 1787 650 1812 come
678 1773 853 1826 signore.
884 1768 1245 1812 amichabelmente
1265 1780 1434 1826 pregato
1462 1773 1514 1811 da
1532 1775 1670 1812 Moses
1693 1772 1796 1812 che'l

348 1828 496 1867 facesse
524 1841 664 1881 passm·
697 1826 883 1866 dul'altra
903 1833 1025 1880 parte
1053 1827 1117 1866 del
1146 1834 1278 1880 ponto
1306 1828 1461 1866 Eusino
1492 1841 1606 1867 verso
1630 1827 1668 1866 le
1696 1841 1795 1880 par-

347 1889 389 1921 te
407 1883 458 1921 de
487 1879 714 1932 Vni-achia,
759 1882 800 1921 fo
831 1878 1036 1935 adempita
1070 1880 1107 1920 la
1137 1882 1314 1934 petition
1342 1882 1394 1921 de
1423 1883 1571 1922 Moses.
1624 1883 1793 1922 Passato

350 1936 392 1976 in
423 1937 623 1977 vulachia
656 1951 697 1976 se
725 1937 888 1976 sconii-b
930 1951 1007 1976 con
1040 1935 1150 1976 Milzi
1176 1937 1391 1986 Vaivoda‚
1421 1938 1459 1976 el
1489 1936 1636 1991 quale,
1663 1936 1794 1977 inteso

350 1991 416 2031 chi
443 2007 538 2041 era,
572 1992 681 2031 oude
714 1993 881 2041 veniva,
910 1999 951 2032 et
979 1992 1086 2030 dove
1126 1991 1343 2031 intendeva
1371 1992 1422 2030 de
1449 1992 1620 2041 andare,
1651 1991 1680 2031 li
1704 1992 1794 2031 die.

350 2047 401 2085 de
429 2047 572 2086 liberta
607 2054 647 2087 et
676 2046 809 2099 spatio
839 2047 890 2086 de
919 2047 1072 2085 andare
1092 2061 1167 2099 per
1200 2053 1308 2086 tutta
1338 2047 1376 2086 la
1404 2046 1629 2094 Vulachia,
1663 2053 1709 2086 et·
1731 2048 1796 2086 far

353 2100 489 2155 quello
538 2118 560 2141 a
587 2101 646 2141 lui
686 2116 757 2140 era
783 2103 825 2141 in
854 2102 1029 2155 piacere.
1083 2101 1135 2141 El
1166 2102 1370 2154 praefecto
1397 2101 1501 2140 della
1528 2102 1672 2141 Grecia
1699 2108 1742 2141 et
1765 2101 1795 2140 li

351 2157 542 2207 guardiar
570 2156 665 2196 delli
695 2158 797 2209 passi
817 2156 881 2195 del
897 2155 1105 2206 Danubio,
1135 2156 1339 2195 habiando
1356 2157 1486 2195 inteso
1516 2155 1555 2194 la
1576 2163 1724 2195 venuta
1741 2155 1793 2194 de

350 2211 484 2250 Moses
508 2212 549 2250 in
576 2211 763 2259 machia,
790 2212 992 2264 scripseno
1020 2226 1043 2250 a
1061 2211 1291 2250 Musuiman
1311 2210 1346 2250 el
1368 2224 1505 2264 passer
1523 2211 1574 2249 de
1594 2211 1728 2250 Moses
1755 2217 1796 2250 et

353 2264 430 2303 che
459 2268 603 2305 veniva
623 2281 694 2320 per
723 2267 828 2305 surse
850 2266 981 2305 ducha
998 2266 1048 2305 de
1067 2266 1226 2313 Tracia.
1261 2265 1521 2304 Musulmauo
1544 2271 1651 2304 certe
1667 2266 1795 2304 intese

352 2327 492 2372 queste
516 2335 605 2360 cose
634 2329 772 2375 presto
804 2322 1048 2374 pertendose
1078 2321 1126 2359 da
1154 2319 1312 2373 Epheso
1341 2333 1472 2359 venne
1501 2335 1523 2358 a
1550 2320 1792 2371 Lampsaco,

353 2376 550 2414 meuando
581 2390 655 2414 con
683 2391 723 2415 se
752 2377 920 2425 Zennst,
951 2382 992 2415 et
1015 2375 1201 2415 lassando
1228 2389 1281 2413 un
1307 2375 1411 2415 alti-0
1439 2374 1571 2414 ducha
1589 2374 1630 2412 in
1651 2374 1793 2427 Ephe-

353 2442 398 2468 so
436 2444 512 2482 per
549 2437 658 2470 tutta
700 2430 740 2469 la
775 2431 997 2483 provintia.
1073 2431 1128 2470 Et
1167 2432 1326 2469 arivato
1368 2445 1391 2468 a
1427 2431 1671 2481 Lampsaco,
1711 2429 1795 2467 fece

354 2483 542 2523 edificare
571 2500 592 2523 a
620 2500 741 2524 nome
768 2499 841 2524 suo
871 2486 936 2524 nel
965 2486 1038 2524 lito
1067 2486 1259 2538 opposito
1290 2500 1312 2523 a
1342 2483 1519 2536 Galipoli
1549 2497 1630 2521 una
1657 2483 1794 2522 sortis-

353 2540 453 2576 sima
477 2546 614 2590 torre3
646 2540 751 2579 della
782 2539 903 2593 quale
933 2541 971 2579 fo
1000 2539 1228 2579 edificatore
1254 2554 1337 2579 uno
1366 2539 1410 2578 di
1439 2538 1617 2578 Genuesi
1635 2567 1646 2585 ,
1678 2537 1793 2578 chia-

353 2601 464 2631 mato
506 2593 724 2647 Salagroso
771 2595 822 2633 de
861 2594 1045 2647 Negwn,
1085 2594 1122 2634 el
1152 2595 1272 2647 quale
1315 2608 1391 2647 per
1418 2593 1456 2632 la
1485 2606 1557 2632 sua
1589 2599 1794 2645 oper-aet

352 2648 519 2686 artificio
546 2656 744 2688 rezevette
771 2650 823 2687 da
844 2649 1073 2689 Musulman
1105 2649 1260 2701 grande
1279 2663 1434 2688 summa
1464 2647 1517 2687 de
1541 2646 1690 2687 dinari.
1706 2647 1792 2687 Ve-

352 2709 453 2742 nuto
483 2702 673 2764 adunque
694 2703 954 2743 Musulmano
984 2704 1022 2742 in
1043 2704 1239 2757 Galipoli,
1272 2710 1436 2743 sentava
1462 2701 1792 2741 continuamente

294 2756 394 2806 89in
423 2756 460 2797 lc
487 2756 665 2798 sdravize
694 2758 805 2797 ebrio
835 2772 856 2797 e
887 2758 1127 2811 vinoleam,
1147 2754 1271 2798 'senza
1294 2758 1419 2799 haver
1444 2771 1542 2796 cura
1571 2757 1635 2796 dcl
1667 2756 1790 2796 duca-
