1890 3204
570 127 662 183 ἈΒ
704 139 824 186 οΑΡ.
862 143 1012 187 xxm.
1051 144 1250 187 noun.
1537 129 1652 188 583

194 244 415 302 positione]
455 243 675 287 deducitur.
715 243 757 284 in
786 244 965 285 themata
989 242 1059 286 ina
1091 243 1358 286 distributum
1387 255 1475 289 erat
1502 249 1656 291 Roma·-

195 316 298 343 num
327 301 574 356 imperium,
603 298 717 354 quod
746 300 787 339 in
828 296 1040 353 ἐπαρχίας
1069 301 1192 342 etiam
1225 301 1447 357 aliquando
1479 304 1656 346 divisum

192 357 302 411 fuit3
343 356 568 412 aliquando
606 355 650 394 in
680 355 955 408 praefecturas
989 357 1206 410 praetorio.
1236 357 1492 414 appellantur
1519 369 1655 402 autem

193 412 373 455 themata
415 411 658 459 orientalia,
699 417 747 450 ut
782 410 892 450 idem
933 411 1221 453 Constantinus
1259 413 1406 463 docet,
1448 409 1512 454 ὅτι
1552 414 1655 469 πρὸς

194 466 312 521 ἡμᾶς
341 464 442 515 τοὺς
466 465 764 512 κατοικοῦντας
782 462 1020 515 Βυζάντιον
1048 467 1122 508 καί
1148 464 1224 521 τήν
1249 469 1324 521 τῆς
1339 467 1550 523 Εὐρώπης
1577 472 1656 525 γῆν

192 523 357 576 λέγεται
393 516 665 572 α’νατολικόν,
699 522 898 576 quoniam
925 532 1103 577 respectu
1129 525 1284 577 nostri,
1309 525 1380 580 qui
1407 525 1655 578 Byzantium

196 578 414 622 iemlimus
443 586 484 618 et
510 576 742 632 Europam,
776 577 919 616 Oriens
945 579 1184 633 appellatur.

309 633 362 675 P.
399 631 503 684 156,
538 646 572 673 ι.
641 628 750 685 πρὸς
794 629 963 685 εἰρήνην
999 632 1498 687 μετασχηματιζόμενοι]
1571 636 1657 688 Qui

194 689 325 742 gentis
351 688 553 729 Tun-cicae
589 687 780 728 historias
811 701 957 741 parum
998 695 1152 730 attente
1191 689 1230 730 le
1258 691 1360 742 erit,
1393 697 1558 732 notasse
1587 706 1658 746 po-

195 748 278 785 teat
313 742 474 785 duobus
507 744 629 784 simul
669 741 787 783 bellis
828 743 1024 783 hacteuus
1062 758 1104 784 se
1152 745 1238 798 imp
1259 745 1395 785 icitam
1449 746 1656 799 noluisse,

192 799 227 839 ε’
312 797 377 840 los
404 798 594 841 adortum
633 812 727 847 cum
768 799 914 838 ceteris
959 812 1100 851 pacem
1151 799 1350 852 coluisse3
1391 815 1497 855 quos
1537 803 1658 843 etiam

194 853 308 896 belo
335 854 618 907 infestaverit,
665 868 810 907 pacem
838 854 1040 902 oblatam,
1074 854 1192 895 cuius
1218 855 1419 897 beneficio
1453 872 1477 897 a
1506 858 1660 898 tolera·

192 911 246 951 tis
260 911 472 951 aerumnis
486 925 529 950 se
551 917 803 959 recrearent,
839 923 1050 963 nunquam
1077 924 1294 955 recusasse.
1324 917 1365 952 et
1392 919 1545 966 quanta
1564 913 1660 966 qui—

193 965 292 1006 dem
325 965 454 1020 gentis
491 965 600 1007 illius
633 964 851 1020 prudentia
879 972 979 1004 tunc
1007 964 1118 1018 fuit,
1157 973 1296 1007 tantus
1325 966 1660 1009 Christianorum

193 1034 317 1062 error
342 1019 574 1077 mentisque
601 1022 771 1061 caecitas
799 1020 935 1061 notari
965 1027 1124 1074 potest,
1154 1021 1226 1076 qui
1254 1037 1318 1062 res
1347 1037 1439 1063 suas
1465 1023 1660 1064 adversus

198 1076 359 1121 ancos
399 1083 511 1117 stare
547 1089 664 1131 posse
709 1076 970 1130 temporibus
1007 1075 1094 1116 istis
1141 1077 1330 1118 arbitrati
1376 1085 1497 1129 sunt,
1547 1080 1661 1134 quod

193 1139 364 1173 cunctos
389 1131 510 1172 simul
536 1131 645 1172 bello
665 1145 748 1171 non
770 1130 1027 1182 lacesserent,
1057 1133 1170 1185 quasi
1200 1147 1223 1173 a
1252 1139 1346 1173 toto
1374 1137 1537 1174 rescissa
1567 1149 1662 1188 par-

195 1193 239 1227 te
269 1186 373 1227 illud
408 1201 488 1228 nec
509 1187 782 1228 ·minueretur
816 1201 893 1226 nec
930 1186 1190 1228 decresceret.
1227 1189 1358 1229 nostri
1398 1203 1499 1242 ergo
1540 1193 1660 1231 otiosi

193 1245 336 1298 (atque
363 1242 526 1288 utinam
553 1256 579 1282 a
606 1243 759 1283 mutuis
789 1241 921 1291 bellis,
952 1241 1172 1294 incendiis,
1204 1244 1371 1284 urbium
1385 1244 1660 1298 oppidorum-

194 1312 276 1352 que
311 1297 612 1353 direptionibus
640 1312 688 1339 ac
717 1297 998 1338 eversionibus
1030 1299 1142 1337 otiati
1174 1298 1356 1350 fuissent,
1385 1313 1458 1339 nec
1486 1298 1661 1341 lanienis

195 1354 351 1394 mutuis
386 1353 662 1408 caedibusque
703 1353 812 1393 vires
838 1366 931 1393 suas
962 1348 1231 1405 attrivissent)
1271 1354 1452 1409 singulos
1481 1357 1661 1410 opprimi

195 1410 496 1463 permiserunt3
534 1423 618 1464 quo
657 1407 836 1450 admisso
878 1422 1019 1448 errore
1046 1408 1230 1462 Bulgari‚
1259 1410 1407 1459 Servii,
1441 1411 1590 1451 Graeci
1621 1419 1663 1451 et

194 1463 294 1505 Hun
323 1464 387 1506 ari
413 1464 588 1504 maxima
617 1478 664 1504 ex
691 1470 810 1518 parte
838 1464 1068 1517 perierunt,
1092 1464 1431 1520 Venetorumque
1459 1466 1663 1519 respubli-

196 1533 246 1561 ca
273 1533 297 1559 a
351 1521 606 1573 angustiores
634 1518 848 1568 terminos,
879 1518 1026 1558 amissa
1039 1520 1177 1573 Cypro
1210 1520 1357 1571 insula,
1393 1520 1558 1562 redacta
1587 1529 1662 1564 est.

309 1574 463 1630 P.137,
485 1589 546 1615 12.
575 1572 678 1615 κατὰ
695 1571 772 1626 τὴν
786 1572 927 1613 αὐτῶν
942 1569 1110 1627 νεαράν]
1131 1575 1301 1615 Novella
1329 1577 1406 1616 ista
1422 1577 1664 1618 constitutio

194 1628 304 1671 eirca
333 1644 485 1671 annum
507 1630 657 1670 Christi
678 1630 794 1679 1362,
819 1636 935 1682 capta
953 1630 1243 1683 Adrianopoli‚
1271 1638 1468 1685 regnante
1490 1632 1663 1673 Sultano

194 1676 392 1727 Morate⁸1
413 1687 570 1729 sancita
594 1693 668 1735 est,
708 1684 820 1738 quod
841 1685 949 1738 apud
968 1684 1134 1728 Leuncl.
1159 1685 1251 1726 hist.
1267 1688 1459 1726 Musulm.
1476 1686 1546 1726 lib.
1564 1687 1588 1728 5
1606 1690 1662 1727 vi·

195 1739 294 1780 dere
307 1747 379 1780 est·
401 1741 518 1780 cuius
533 1747 682 1780 auctor
702 1740 777 1779 suit
793 1740 1138 1780 Cara-Rustemes
1151 1741 1280 1781 Molla
1300 1756 1369 1781 seu
1383 1743 1572 1782 Meuiana
1593 1751 1665 1783 aut

198 1795 487 1843 Talismanus‚
512 1794 556 1835 id
586 1802 646 1835 est
675 1796 773 1848 legis
795 1794 1117 1834 Musulmanicae
1146 1798 1314 1849 peritus.
1346 1797 1536 1850 illiusque
1567 1813 1663 1837 ver-

197 1849 253 1892 ba
284 1849 383 1890 talia
423 1849 657 1890 referuntur
677 1865 690 1890 ε
729 1851 910 1905 quintum
943 1850 1151 1904 quodque,
1197 1852 1406 1905 respondit
1443 1853 1554 1891 Cara
1583 1854 1665 1892 Ra-

198 1915 358 1957 aemes,
389 1919 446 1945 ex
472 1906 556 1945 illis
583 1904 815 1959 mancipiis,
834 1918 948 1957 *quae
985 1905 1025 1944 T
1021 1906 1105 1944 cerci
1135 1907 1281 1945 milites
1310 1908 1446 1947 nostri
1467 1909 1663 1961 capiunt,

198 1959 256 2001 de
281 1962 535 2024 praescripto
577 1961 678 2014 legis
704 1961 880 2000 divinae
924 1958 1093 1999 Sultano
1120 1960 1298 2003 debetur.
1328 1962 1523 2001 hactenus
1549 1965 1667 2017 equi-

198 2015 298 2056 dem
337 2018 639 2069 mancipiorum
679 2017 823 2070 quinta
863 2028 961 2068 pars
987 2014 1161 2056 Sultano
1200 2016 1359 2056 addicta
1389 2031 1471 2056 non
1500 2018 1666 2070 fuerat,

199 2072 272 2113 sed
307 2071 491 2127 praedae
531 2070 717 2126 reliquae
755 2069 1015 2111 solummodo
1035 2099 1047 2120 ‚
1100 2070 1216 2111 cuius
1265 2072 1500 2125 exemplum
1540 2073 1667 2114 habe-

201 2142 294 2169 mus
328 2129 372 2167 in
398 2127 746 2182 Ertogrul-bego
791 2125 901 2179 apud
939 2125 1114 2164 eundem
1151 2127 1317 2166 Leuncl.
1348 2127 1419 2167 lib.
1451 2142 1501 2167 2:
1543 2143 1668 2182 prae-

202 2183 281 2223 dae
302 2183 483 2239 quintam
513 2191 676 2237 partem
716 2182 902 2235 excepit,
940 2181 985 2219 in
1012 2182 1158 2220 milites
1186 2182 1350 2238 reliqua
1378 2183 1496 2222 lucra
1524 2184 1667 2223 distri-

203 2239 300 2282 buit.
325 2238 418 2278 inde
444 2237 594 2278 dictam
623 2238 839 2292 spoliorum
867 2240 1049 2291 quintam
1071 2245 1259 2290 partem,
1291 2252 1359 2277 ceu
1381 2239 1566 2293 principi
1593 2239 1668 2278 de-

203 2294 359 2344 bitam,
388 2293 716 2347 gratulabundus
745 2292 919 2331 Sulcano
941 2291 1115 2331 Aladini
1140 2292 1262 2335 misit.
1295 2292 1366 2332 illa
1393 2307 1519 2347 porro
1550 2308 1668 2334 man-

205 2349 415 2403 cipiorum
456 2349 600 2402 quinta
641 2361 736 2402 pars
775 2348 1089 2387 Genitzerorum
1129 2347 1266 2388 ordini
1307 2363 1355 2389 ae
1392 2362 1567 2389 numero
1596 2349 1669 2389 ad-

205 2405 348 2446 iuncta
372 2411 444 2445 est.

320 2459 372 2502 P.
409 2460 499 2514 137,
536 2457 595 2498 15.
665 2455 887 2506 ε”ξισωταιΊ
943 2456 1047 2497 Sunt
1086 2456 1147 2496 illi
1184 2459 1257 2512 qui
1285 2472 1349 2499 res
1377 2459 1601 2513 inspiciunt
1626 2467 1667 2500 et

207 2529 255 2555 ex
283 2513 482 2565 arbitrio,
512 2513 736 2553 seeundum
767 2513 828 2552 ius
853 2519 895 2552 et
925 2526 1118 2567 aequum,
1148 2526 1215 2553 eas
1247 2515 1473 2555 aestimant.
1502 2516 1665 2555 Suidas:

207 2567 233 2611 ὅ
262 2567 447 2623 ἷσωτής,
489 2565 511 2607 ὁ
542 2564 734 2619 ἐπόπτης.
775 2568 963 2622 idemque
989 2567 1188 2622 significat
1215 2564 1397 2624 ἔφορος,
1443 2572 1514 2624 qui
1555 2585 1670 2610 reco-

209 2625 447 2682 gnoscendi,
477 2624 710 2664 recensendi
732 2638 777 2662 uc
795 2623 1034 2677 inspiciendi
1052 2625 1114 2663 ius
1142 2623 1278 2664 habet.

323 2680 374 2724 P.
410 2678 501 2727 138,
533 2694 572 2733 9.
630 2675 874 2729 Ζαρκολάν]
930 2679 1074 2732 capitis
1116 2687 1177 2719 est
1216 2687 1495 2735 tegumentum
1524 2695 1547 2719 e
1576 2680 1669 2719 lana

213 2734 306 2778 alba
325 2765 338 2787 ,
376 2750 458 2791 quo
487 2740 662 2776 utuntur
679 2735 883 2776 Genitzeri
901 2765 914 2789 ,
944 2734 1060 2776 cuius
1087 2733 1265 2776 formam
1292 2743 1334 2778 et
1363 2737 1536 2791 figuram
1564 2737 1670 2777 mul-
