1864 3210
296 152 377 225 98
640 167 824 211 nvom:
860 165 1158 211 incusans
1187 166 1412 212 moris

295 285 374 322 πος
398 270 598 326 Ἀχαΐας,
626 271 701 314 καί
723 268 886 327 πάντας
913 268 1080 324 ἡμέρως
1107 268 1452 326 προσαγορεύσας
1476 270 1552 312 καὶ
1574 270 1746 327 31.ιίρρ

294 352 381 395 στῳ
421 335 732 391 ὁμοτραπέζους
753 335 1096 388 -συνκαθεδρίσας
1109 364 1125 386 ,
1169 334 1242 377 καί
1275 339 1369 384 ταῖς
1393 335 1749 392 φιλοτησίαιςῃίς

295 397 506 454 ἀνάδειξιν
546 400 714 444 πάντων
757 399 1099 454 ἐγκαταστήσας,
1149 398 1332 444 ἀπέλυσε
1373 397 1488 449 τούς·
1520 397 1748 450 acinacie

294 465 465 526 εἰρήνῃ,
509 469 638 523 λέγων
670 467 812 515 αὐτοῖς
847 465 1149 518 ,,ιῖναγγει’λατε
1179 470 1269 515 τοῖς
1296 466 1457 520 κυρίοις
1484 461 1606 519 ὑμῶν
1623 492 1639 519 ,
1656 463 1746 520 ἐγῶ

297 531 403 588 μετοί
445 531 612 576 πάντων
652 531 820 587 εἰρήνην
845 531 999 583 δίδωμι
1036 529 1110 572 καὶ
1135 528 1304 587 εἰρήνην
1331 530 1549 585 λαμβάνω.
1576 527 1622 581 ὃς
1646 546 1746 574 παν-
1762 534 1788 577 5

299 596 491 655 ουργεύει
517 598 592 653 τήν
626 595 796 652 εἰρήνην
805 629 818 648 ,
844 594 916 637 καί
943 593 965 636 ὅ
993 593 1095 644 θεὸς
1118 597 1195 651 τῆς
1219 594 1384 653 εἰρήνης
1408 598 1494 638 κατ’·
1523 596 1694 638 αιῗτοι“ι’.’ε
1742 630 1746 635 .

318 670 321 673 “
402 664 451 707 ‘0
478 665 527 706 δὲ
551 661 752 717 βασιλεύς
780 659 992 715 Μανουήλ
1040 658 1234 719 ἑν“ἆδει”ᾳ
1260 658 1320 704 αἳν
1345 664 1420 704 καί
1447 659 1508 718 μή
1540 659 1652 716 ἔχων
1678 659 1753 708 τὸν

191 736 225 769 P.
241 735 286 781 54
298 731 661 787 παρεμποὸίζοντα
687 725 902 781 ἐβουλήθη
923 726 1086 780 γάμους
1108 729 1284 782 ποιῆσαι
1310 728 1378 784 τῷ
1397 725 1479 785 υἱῷ
1506 726 1640 770 αύτοῦ
1666 727 1754 771 Ἰω-

89 805 129 839 Α.
145 804 182 837 C.
200 794 422 853 ¹4¹402Wn2
451 793 524 836 καί
547 795 711 842 στείλας
738 793 798 841 εἰς
826 790 902 834 τὸν
927 791 1037 847 ῥῆγα
1071 791 1251 842 Ῥωσιάς
1278 790 1454 847 ἠγάγετο
1479 789 1651 849 νύμφην
1675 789 1754 847 τήν

295 861 513 914 θυγατέρα
540 857 689 899 αὐτοῦ.
744 859 817 898 καί
846 853 1040 912 ἁρμόσας
1066 855 1238 912 ταύτην,
1266 858 1567 911 μετακαλέσας
1586 857 1635 917 τᾷ
1661 852 1753 900 ὅνο-
1773 869 1820 896 ιο

296 941 357 979 μα
392 924 522 977 αὐτῆς
539 917 725 971 ”Auram
772 918 849 963 ούκ
889 921 1108 977 ἠβουλήθη
1152 924 1311 976 στέψαι
1336 924 1434 965 τότε
1462 924 1523 972 εἰς
1545 925 1751 977 βασιλέα·

297 985 351 1045 ἦν
376 987 457 1043 γὰρ
497 985 523 1042 ἦ
552 986 656 1044 κόρη
697 986 744 1029 τὸ
770 986 987 1030 ἑνδέκατον
1014 983 1174 1042 ἄγουσα
1202 986 1306 1037 ἔτος.
1360 989 1677 1044 περαιουμένων
1705 989 1755 1031 δὲ

299 1057 431 1108 τριῶν
462 1055 592 1106 ἐτῶν,
619 1054 693 1096 καί
719 1056 910 1108 λοιμικῆς
936 1050 1063 1096 νόσου
1091 1052 1409 1109 καταλαβούσης
1436 1055 1491 1110 τῇ
1516 1051 1652 1107 πόλει,
1681 1052 1756 1095 καί

189 1131 230 1163 V.
245 1130 288 1175 43
301 1118 405 1161 πολὺ
435 1121 596 1174 πλῆθος
628 1121 736 1160 λαοῦ
763 1116 837 1160 διὰ
866 1119 942 1161 τοῦ
970 1120 1183 1172 βουβῶνος
1218 1115 1482 1174 τεθνηκότος,
1510 1117 1755 1174 ἐτελεύτησε

89 1183 376 1238 Α.(1.ι4ι7και“
400 1181 444 1239 ἧ
469 1186 640 1238 βασιλὶς
672 1179 807 1227 ’Ἀννα
827 1216 840 1236 ,
887 1185 995 1238 μέγα
1023 1183 1176 1233 πένθος
1202 1186 1496 1227 καταλιποῦσα
1523 1188 1614 1234 τοῖς
1639 1185 1757 1227 πολί-
1774 1183 1824 1226 15

300 1266 411 1299 ταις.
472 1249 496 1290 ὅ
529 1251 577 1291 δὲ
604 1248 698 1299 υὶὸς
722 1253 797 1291 τοῦ
814 1247 1044 1304 Παγιαζήτ
1071 1248 1092 1292 ὁ
1119 1250 1180 1298 εἷς
1210 1247 1399 1306 ὁμήρους
1427 1247 1650 1299 ἀνατεθεὶς
1676 1265 1759 1292 παὸ

302 1313 359 1371 ριὶ
386 1313 461 1356 τοῦ
492 1313 790 1367 Μουσουλμὰν
829 1317 890 1372 τῷ
935 1318 1105 1368 βασιλεῖ
1129 1313 1366 1370 Μανουήλ,
1396 1313 1419 1357 ὅ
1443 1317 1524 1369 μὲν
1548 1310 1611 1366 εἷς
1636 1313 1659 1357 ὅ
1686 1313 1762 1358 καὶ

261 1383 463 1436 Βπρῶτος
502 1379 582 1422 σύν
623 1378 872 1438 α’δελφῇτῇ
903 1382 1058 1438 Φατμᾷ
1101 1376 1297 1436 ἀπελύθη
1324 1379 1398 1423 καί
1421 1383 1468 1424 ἐν
1492 1383 1543 1440 τῇ
1574 1379 1757 1438 Προύσῃ

301 1447 499 1503 ἐτρέφετο
515 1462 527 1473 ·
586 1443 608 1487 ὅ
640 1448 679 1487 ‹5’
707 1442 833 1500 ἄλλος
861 1446 1030 1501 ἠράσθη
1053 1446 1248 1496 παιδείας
1267 1446 1502 1502 Ἑλληνικῆς
1529 1444 1594 1490 ἔτι
1621 1444 1763 1491 συνὼν

303 1514 363 1570 τῷ
389 1513 466 1553 τοῦ
492 1513 699 1565 βασιλέως
725 1511 803 1568 υἱῷ
829 1511 997 1568 Ἰωάννῃ
1015 1543 1027 1563 .,
1072 1513 1147 1554 καί
1171 1513 1217 1554 έν
1243 1514 1302 1570 τῷ
1327 1512 1505 1570 σχολείῳ
1532 1510 1760 1568 ἐρχόμενος
1774 1528 1828 1555 20

304 1579 466 1629 έμνεῖτο
501 1574 746 1631 γράμμασιν
781 1576 856 1619 καί
894 1577 1155 1620 ἐδιδάσκετο.
1218 1580 1419 1620 τοσοῦτον
1460 1571 1536 1620 οὖν
1563 1579 1763 1634 ἐφλέγετο

307 1639 391 1683 ὑπὸ
433 1643 513 1683 τοῦ
556 1641 710 1697 ἔρωτος
755 1643 831 1698 τῆς
876 1641 1104 1698 μαθήσεως
1145 1641 1220 1684 καί
1242 1645 1316 1698 τῆς
1342 1641 1451 1698 μετὰ
1475 1645 1550 1686 τοῦ
1567 1639 1764 1688 Ἰωάννου

407 1766 459 1789 ιι.
487 1754 668 1799 βασιλίδα
694 1754 908 1788 Bullialdus.
984 1756 1035 1800 ¹4·
1059 1755 1252 1802 βωμβόνος
1279 1756 1314 1789 Ρ.

306 1866 367 1888 sae
395 1866 481 1887 suae
519 1854 711 1895 adhibuit,
747 1860 784 1888 et
808 1855 904 1888 inter
940 1856 1220 1901 compotandum
1244 1857 1394 1902 singulis
1427 1850 1652 1902 =compellatis
1678 1867 1764 1902 pro-

308 1902 466 1946 pinavit,
505 1901 723 1946 demumque
754 1902 903 1946 pacifice
937 1902 1099 1944 dimisit,
1137 1909 1174 1936 et
1213 1915 1422 1949 responsum
1457 1904 1556 1949 quod
1587 1904 1765 1938 referrent

308 1949 383 1981 tale
408 1948 528 1981 dedit:
556 1949 746 1985 „nuntiate
772 1948 927 1981 dominis
954 1950 1082 1982 vestris
1116 1961 1174 1982 me
1195 1961 1318 1995 pacem
1345 1951 1513 1984 omnibus
1539 1952 1690 1992 offerre,
1713 1950 1763 1992 ,ab

308 1995 428 2040 iisque
454 1994 614 2028 oblatam
640 1995 821 2040 amplecti.
847 1995 911 2041 qui
927 1995 1063 2029 fraude
1088 2007 1211 2043 pacem
1239 1998 1458 2043 corruperit,
1490 1997 1561 2043 ipsi
1585 1997 1675 2031 deus
1698 2008 1764 2043 pa·-

308 2042 358 2075 cis
385 2042 538 2074 infestus
564 2047 675 2074 esto.“

404 2088 522 2120 Rebus
563 2099 644 2132 ergo
678 2088 861 2121 Manuelis
892 2088 1119 2134 imperatoris
1153 2090 1191 2123 in
1226 2095 1306 2123 tuto
1345 2088 1530 2124 collocatis
1553 2090 1763 2136 nulliusque

310 2134 466 2167 iniuriae
492 2134 672 2175 obnoxiis,
697 2135 859 2169 decrevit
881 2146 1029 2168 uxorem
1062 2136 1138 2169 filio
1167 2147 1232 2170 suo
1258 2136 1411 2169 Iohanni
1439 2137 1534 2170 dare.
1563 2148 1674 2182 quare
1697 2149 1764 2182 per

311 2182 448 2225 legatos
475 2192 494 2213 a
520 2182 667 2214 Russiae
696 2193 777 2226 rege
812 2182 1031 2228 (Moscoviae
1056 2182 1161 2230 duce)
1187 2183 1297 2215 filiam
1323 2184 1399 2216 eius
1425 2183 1596 2218 obtinuit.
1620 2189 1764 2216 contra-

311 2233 369 2259 cto
396 2227 529 2260 deinde
554 2229 783 2261 matrimonio
804 2230 942 2262 Annam
968 2230 1164 2274 appellavit
1185 2235 1322 2263 mutato
1347 2230 1495 2275 proprio
1517 2229 1675 2263 nomine.
1690 2241 1764 2264 ¹ne-

313 2285 385 2318 que
412 2280 532 2307 tamen
559 2275 825 2319 imperatoriam
848 2276 1014 2309 coronam
1040 2276 1073 2308 ei
1097 2276 1282 2321 imponere
1301 2276 1440 2317 voluit,
1465 2275 1564 2321 quod
1586 2282 1673 2310 tunc
1695 2288 1764 2310 un-

314 2320 492 2353 decimum
532 2332 666 2354 annum
690 2323 939 2356 tantummodo
966 2329 1096 2367 ageret.
1131 2329 1169 2355 at
1196 2323 1328 2355 exactis
1353 2322 1468 2355 tribus
1493 2322 1596 2356 annis
1618 2323 1764 2356 morbo-

313 2378 385 2411 que
419 2367 607 2412 pestilenti
634 2380 699 2413 per
723 2369 865 2414 Cpolim
898 2374 1098 2414 grassante,
1122 2370 1260 2413 ingenti
1285 2369 1404 2414 plebis
1430 2380 1580 2402 numero
1605 2369 1765 2411 buboni-

313 2413 380 2445 b‘us
419 2414 598 2454 extincto,
636 2415 731 2448 obiit
754 2417 862 2449 etiam
887 2416 1096 2461 imperatrix
1118 2418 1239 2457 Anna,
1264 2427 1372 2461 quam
1399 2416 1530 2450 acerbo
1553 2416 1654 2450 luctu
1678 2428 1763 2462 pro—

313 2461 426 2493 secuti
466 2466 549 2494 sunt
582 2463 711 2494 moesti
747 2463 853 2496 cives.
908 2463 1074 2497 Baiazitis
1110 2473 1254 2508 quoque
1288 2463 1468 2503 filiorum,
1504 2475 1595 2509 quos
1618 2462 1764 2496 obsides

312 2507 477 2540 Manueli
516 2506 668 2540 dederat
706 2509 976 2551 Musulmanus,
1015 2521 1107 2543 unus
1143 2510 1247 2554 isque
1272 2515 1359 2542 natu
1396 2510 1512 2543 maior
1536 2521 1615 2543 cum
1641 2520 1763 2543 sorore

313 2564 378 2585 sua
402 2553 548 2587 Phatma
579 2555 745 2588 remissus
772 2556 891 2589 suerat
915 2562 952 2590 et
976 2557 1104 2590 Prusae
1125 2555 1356 2589 educabatur.
1385 2557 1478 2589 alter
1501 2557 1625 2590 literas
1650 2556 1763 2589 Grae-

312 2611 372 2632 cas
423 2600 633 2633 addiscendi
674 2612 794 2634 amore
837 2603 1051 2645 tenebatur,
1086 2608 1124 2636 et
1149 2615 1229 2635 cum
1262 2602 1424 2635 Iohanne
1459 2603 1686 2648 imperatoris
1721 2603 1760 2635 F.

312 2646 539 2679 familiariter
562 2646 781 2687 versabatur,
809 2649 1040 2695 scholamque
1068 2650 1300 2695 frequentans
1328 2650 1366 2682 iu
1384 2650 1498 2683 literis
1519 2649 1760 2683 erudiebatur.

311 2703 419 2737 porro
444 2704 487 2726 eo
508 2705 622 2738 usque
634 2696 809 2738 processit
832 2697 910 2729 eius
932 2708 1013 2740 erga
1033 2697 1199 2729 scientias
1224 2696 1392 2728 liberales
1417 2696 1587 2737 studium,
1604 2700 1640 2729 et
1663 2707 1761 2728 com—

311 2750 456 2773 munem
479 2740 550 2773 sibi
575 2751 653 2774 cum
682 2741 841 2775 Iohanne
870 2743 1121 2777 educationem
1149 2743 1241 2777 tanti
1275 2742 1455 2785 faciebat,
1488 2749 1530 2778 ut
1552 2743 1758 2779 manuelem
