1916 3210
446 160 658 206 rumen
711 162 1049 206 m'rssnpnss'm
1089 159 1345 206 mcssnTo.
1499 143 1577 214 44
1589 164 1608 201 ι

166 273 289 322 parte
307 293 321 317 ,
352 264 460 308 vodo
486 261 527 306 le
554 277 658 306 nave
693 278 809 306 come
831 264 964 306 insule
988 278 1013 306 a
1035 265 1193 309 castelli
1223 264 1265 306 in
1295 277 1408 305 mezo
1431 263 1473 305 ei
1502 264 1620 320 pela-

166 336 238 378 με
255 334 467 378 ιφοτοοωο
509 318 708 375 adunque
748 322 816 361 nel
858 323 994 361 animo
1042 335 1140 373 suo,
1167 319 1314 376 perche
1341 320 1552 375 guardava
1581 320 1619 362 el

161 378 483 421 monenti-avio
525 376 580 429 (in
610 376 703 430 quel
735 390 861 417 zorno
893 391 972 430 per
1003 382 1176 417 ventura
1206 376 1249 417 fo
1278 391 1362 417 una
1387 375 1618 430 tranquilla

136 433 406 485 'bunedah
448 445 533 472 non
573 431 755 472 savendo
787 433 894 472 altro
934 432 1010 472 che
1038 433 1148 480 fare,
1187 432 1335 472 mandi)
1362 431 1415 472 ad
1445 431 1703 479 Adornonw

166 487 456 539 una-barche,
505 500 584 540 per
623 485 662 526 la
707 488 826 542 quale
843 487 1070 528 »domandb
1110 488 1186 529 che
1223 487 1253 528 li
1292 486 1504 528 mandasse
1534 502 1620 528 uno

165 545 298 584 amieo
326 543 422 584 delli
450 542 511 583 ’ἑοί
538 543 613 596 piis
639 548 794 583 secreto
823 550 862 583 et
889 543 961 597 pii1
989 543 1136 594 fidele,
1165 542 1321 597 perche
1351 542 1488 584 voliva
1518 557 1621 596 par-

166 598 350 642 iam-*eon
392 597 467 642 lui.
532 597 702 637 Adorno
747 598 775 638 li
806 598 956 638 mandb
1002 598 1040 638 el
1068 613 1142 639 suo
1169 599 1324 639 vicario
1352 598 1542 638 Barnaba
1572 598 1624 639 de

167 653 462 695 Cornelia->Et
488 653 656 693 essendo
683 652 734 693 ad
763 653 970 709 colloquio
989 683 1001 706 ,
1033 654 1209 695 Mustafa
1241 654 1418 709 l'impose
1443 654 1519 695 che
1547 668 1625 708 per

158 722 240 751 wo
266 722 391 750 nome
418 716 678 763 promettesse
705 707 758 748 ad
787 710 959 750 Adorno
1029 710 1062 749 L
1108 710 1222 750 milia
1249 712 1494 750 numismata
1512 739 1524 761 ‚
1555 724 1627 750 so·-

167 765 345 807 {amente
373 763 450 805 che
482 778 564 805 non
605 766 768 804 lassasse
797 765 951 805 usscir'e
981 765 1118 819 quello
1149 767 1286 806 Morat
1314 766 1365 806 de
1395 779 1527 816 nave3
1557 780 1625 806 ma

165 819 344 861 inultm
376 818 469 860 loeo
500 819 537 860 el
565 827 766 871 mettesse‚
796 835 873 861 ove
902 821 1034 863 verra.
1067 821 1241 861 Adorno
1274 828 1510 862 veramente
1542 834 1626 860 non

165 875 285 916 walse
306 875 405 916 dare
434 875 626 916 orecchie
656 891 678 915 a
697 876 753 915 tal
782 876 998 916 domanda.
1053 877 1195 917 Morat
1223 875 1347 917 aldita
1377 877 1415 916 la
1447 875 1627 916 doman-

168 929 224 972 da
250 937 315 988 et*
337 931 375 971 la
418 938 630 986 resposta‚
666 931 875 971 benedisse
913 931 1112 979 Adorm,
1153 932 1354 972 dicendo:
1399 932 1440 972 fa
1469 931 1545 972 che
1571 931 1625 971 da

166 985 236 1027 mi)
263 988 306 1027 in
338 986 475 1027 avanti
504 993 552 1026 tu
582 988 615 1027 si
646 988 727 1026 mio
755 986 925 1027 fradello
952 993 994 1028 et
1026 987 1158 1028 amico
1186 987 1269 1028 mio
1294 986 1413 1028 fidele
1443 1001 1513 1041 per
1539 994 1626 1027 tut-

166 1048 211 1082 ta
234 1042 274 1082 la
316 1049 383 1082 toa
411 1043 509 1082 vita.
565 1042 900 1096 Appressandose
937 1042 974 1082 le
1002 1056 1107 1082 nave
1133 1056 1208 1097 per
1238 1044 1378 1083 venire
1406 1044 1449 1082 in
1476 1048 1628 1097 porto,

166 1097 301 1152 quelli.
321 1097 374 1138 de
388 1096 564 1138 Mustafa
585 1098 857 1151 repugnando
886 1112 969 1137 non
995 1098 1024 1138 li
1051 1097 1206 1138 lassava
1234 1105 1458 1142 accostare.
1488 1098 1628 1138 Ador-

165 1167 225 1194 no
254 1151 396 1194 alhora
423 1153 542 1193 armi)
561 1153 646 1192 XX
673 1152 829 1193 barche
857 1154 962 1193 delle
999 1167 1132 1201 nave,
1161 1168 1283 1209 sopra
1312 1153 1350 1193 le
1377 1154 1497 1208 quale
1529 1153 1628 1193 mise

163 1209 238 1263 pie
276 1208 331 1249 de
365 1209 637 1263 cinquecento
678 1209 825 1248 arcieri
869 1215 910 1248 et
939 1208 1182 1248 halestrieri.
1211 1210 1344 1264 questi
1373 1209 1623 1248 desmontati

166 1265 210 1305 in
249 1270 388 1314 terra,
435 1277 512 1304 con
553 1263 705 1318 grande
742 1263 904 1317 vigoria
944 1264 1212 1304 combatendo
1243 1265 1381 1304 feceno
1416 1263 1550 1304 voltar
1590 1264 1628 1305 le

164 1319 295 1376 spallo
320 1334 344 1360 a
372 1318 500 1374 quelli
530 1320 583 1359 de
605 1319 798 1358 Mustafa.
854 1318 1120 1360 Possedendo
1163 1319 1358 1375 adunque
1387 1319 1415 1359 li
1446 1319 1536 1370 liti,
1561 1318 1628 1360 fu-

164 1375 250 1430 gati
285 1373 315 1414 li
351 1374 545 1415 contrarii
574 1374 646 1428 pi&
671 1374 724 1414 de
762 1388 844 1414 uno
870 1375 1009 1428 miglio
1038 1374 1179 1414 lontan
1211 1375 1278 1415 dal
1310 1389 1421 1415 mare
1443 1403 1456 1423 ‚
1490 1375 1628 1415 Morat

162 1429 381 1471 doemontb
408 1431 452 1470 in
487 1437 598 1470 terra
618 1460 630 1480 ‚
677 1429 867 1469 havendo
897 1445 972 1484 per
1001 1430 1172 1484 guardia
1203 1430 1255 1470 de
1284 1431 1323 1470 la
1350 1445 1424 1470 sua
1453 1444 1627 1485 persona

197 1485 239 1525 ih
266 1484 318 1525 de
342 1485 440 1525 mile
480 1486 625 1526 ποίει-1
671 1492 711 1525 et
738 1486 809 1539 pin
839 1486 890 1526 de
918 1486 984 1526 tre
1007 1486 1120 1526 milia
1148 1486 1435 1526 combattenti.
1496 1486 1565 1525 Ma
1595 1484 1626 1525 li

201 1540 372 1591 ranchi,
401 1539 558 1582 homini
587 1540 717 1580 molto
747 1541 854 1582 virili
883 1547 925 1582 et
957 1544 1104 1582 assueti
1135 1541 1213 1582 alle
1244 1556 1411 1596 guerre,
1443 1540 1626 1581 andava-

161 1609 225 1636 no
252 1596 417 1644 avanti,
449 1595 723 1637 assecurando
761 1610 839 1636 con
869 1597 898 1636 li
925 1598 1106 1637 veretoni
1135 1597 1174 1638 la
1202 1597 1268 1638 via
1299 1596 1368 1637 alli
1397 1596 1553 1637 Tun-chi
1568 1626 1581 1647 ,
1610 1595 1625 1636 i

164 1651 278 1707 quali
319 1653 522 1693 venivano
567 1651 826 1707 sequitando.
895 1653 1178 1693 PoiFranch1
1211 1659 1256 1693 et
1283 1653 1443 1693 Turcbi
1471 1651 1626 1691 inseme

165 1706 207 1747 al
235 1720 336 1748 suno
379 1707 432 1747 de
466 1707 691 1748 trombette
734 1707 871 1747 fecero
908 1722 992 1748 uno
1030 1709 1185 1762 grande
1216 1708 1394 1763 impeto,
1422 1707 1707 1748 correndoneo

164 1768 316 1803 contra
346 1763 548 1813 Mustafa,
582 1764 621 1803 el
645 1762 765 1817 quaie
794 1777 869 1816 per
897 1764 1006 1804 for-za
1033 1779 1247 1805 convenne
1288 1765 1422 1805 voltar
1454 1763 1491 1803 le
1515 1762 1627 1816 spal-

164 1815 228 1865 le,
262 1817 378 1857 molti
405 1817 449 1857 di
475 1818 535 1858 soi
563 1820 700 1858 morti.
756 1818 812 1857 Et
841 1832 923 1858 non
952 1819 1126 1859 facendo
1154 1821 1258 1859 altro
1281 1825 1517 1867 contr-asto,
1550 1833 1626 1858 ca..

165 1871 368 1913 valcando
406 1873 449 1912 in
478 1873 633 1928 grande
667 1886 804 1927 pressa
840 1874 950 1914 andi)
994 1874 1035 1913 in
1076 1873 1378 1927 Andrinopoli,
1429 1879 1472 1914 et
1502 1879 1625 1912 zonto

163 1928 330 1967 subbito
374 1928 487 1968 intrb
533 1928 576 1968 in
624 1927 663 1968 la
705 1942 866 1968 camera
891 1928 957 1969 del
987 1929 1171 1979 thesoro,
1213 1929 1322 1970 onde
1350 1928 1452 1969 tolse
1482 1927 1626 1982 quanti

162 1982 295 2023 dinan-i
327 1982 469 2034 volse3
497 1985 567 2038 poi
597 1983 886 2024 incontenente
917 1998 995 2024 con
1024 1985 1146 2038 pochi
1181 1984 1224 2025 di
1251 1985 1312 2024 soi
1337 1984 1472 2024 veloci
1503 1998 1526 2022 a
1556 1997 1626 2023 ca-

165 2038 277 2078 vallo
319 2038 487 2093 scampi)
535 2053 652 2079 verso
694 2038 733 2079 le
760 2046 875 2092 parte
905 2039 956 2079 de
983 2040 1200 2084 Vulachia.
1257 2041 1421 2091 Mox-at,
1449 2045 1557 2078 rotto
1584 2045 1628 2079 et

164 2094 307 2147 fugato
335 2094 537 2143 Mustafa,
591 2109 666 2135 con
697 2094 737 2134 la
763 2095 993 2148 prosperita
1020 2109 1138 2136 corse
1166 2095 1205 2135 al
1235 2094 1402 2135 castello
1429 2093 1482 2134 de
1510 2094 1624 2135 Gali-

163 2147 277 2203 poli;
322 2147 359 2188 el
399 2149 498 2204 qual
536 2164 655 2190 senza
701 2157 908 2190 contrasto
950 2157 992 2190 et
1018 2164 1137 2191 senza
1166 2151 1322 2191 dimora
1350 2149 1530 2200 havuto,
1558 2148 1625 2189 tre

164 2204 276 2244 zorni
299 2203 471 2244 demorb
499 2206 541 2245 in
562 2203 737 2259 Galipoli
757 2235 770 2258 ,
796 2205 902 2245 dove
921 2206 1007 2246 fece
1032 2206 1314 2247 crudelmente
1343 2219 1501 2245 amazar
1526 2203 1625 2245 tutti

161 2259 290 2314 quelli
316 2259 393 2300 che
421 2258 451 2300 li
479 2260 608 2302 havea
638 2261 735 2301 dato
766 2267 1002 2310 contrasto,
1033 2262 1200 2301 essendo
1232 2261 1273 2301 in
1301 2274 1434 2313 nave,
1463 2260 1502 2300 al
1533 2259 1624 2300 des-

162 2322 356 2356 montare
393 2314 436 2355 in
464 2323 587 2357 terra.
642 2316 724 2357 Poi
756 2330 837 2357 con
870 2315 966 2370 ogni
1008 2316 1182 2356 velocita
1206 2316 1314 2358 andi)
1341 2317 1384 2356 in
1413 2315 1624 2355 Andrino-

165 2371 280 2424 poli,
311 2370 517 2412 menando
558 2386 639 2412 con
688 2386 782 2412 seco
808 2373 851 2412 lu
881 2371 1054 2411 exercito
1082 2372 1188 2412 delia
1215 2371 1405 2421 Natholia
1435 2377 1478 2412 et
1503 2371 1555 2411 de
1585 2371 1625 2412 la

162 2426 311 2467 Grecia
336 2439 413 2466 con
428 2427 621 2468 Zuhanni
651 2428 846 2478 Adorno‚
878 2440 958 2466 con
996 2426 1008 2465 i
1034 2428 1195 2481 patroni
1221 2427 1310 2468 dele
1340 2439 1445 2467 nave
1475 2433 1519 2467 et
1543 2441 1622 2468 con

163 2488 271 2522 tutto
291 2480 330 2522 Ιο
347 2481 456 2522 stolo
484 2482 536 2523 de
563 2483 722 2523 homini
739 2483 747 2496 ’
764 2482 918 2531 taliani,
945 2482 1041 2522 tutti
1070 2483 1225 2523 coverti
1248 2482 1300 2524 de
1324 2482 1436 2522 ferro
1459 2490 1590 2536 n'egro
1608 2511 1622 2533 ,

164 2537 292 2577 molto
334 2536 511 2578 valomsi
556 2544 599 2578 et
626 2540 772 2579 assueti
815 2536 924 2578 nelle
949 2551 1108 2591 guerre.
1179 2539 1267 2579 Con
1295 2538 1428 2593 questi
1454 2537 1624 2578 exerciti

166 2591 361 2632 intrando
407 2594 449 2632 in
485 2593 758 2646 Audi-inopoli
777 2621 790 2642 ‚
833 2599 938 2632 tutta
970 2593 1007 2632 la
1033 2594 1113 2632 cita
1143 2607 1220 2634 con
1251 2593 1404 2648 grande
1434 2592 1562 2633 letitia
1594 2592 1622 2632 li

166 2648 275 2688 ussc‘n-
298 2649 502 2696 incontra,
525 2645 802 2689 benedicendo
828 2656 870 2688 et
890 2647 1095 2688 laudando
1114 2649 1263 2691 Morat.
1291 2650 1348 2690 Et
1376 2648 1515 2703 quello
1542 2662 1622 2688 con

164 2701 343 2758 benigno
382 2710 424 2743 et
445 2703 598 2758 aliegro
636 2706 725 2744 viso
763 2705 857 2743 tutti
890 2703 1034 2757 quanti
1074 2702 1271 2745 salutava.
1342 2704 1503 2744 Intrate
1546 2717 1624 2743 con

165 2758 319 2813 grande
348 2759 557 2815 triumpho
588 2758 654 2801 nel
682 2759 821 2815 palazo
855 2759 907 2800 de
933 2773 1007 2801 suo
1035 2765 1180 2814 patre,
1213 2760 1300 2802 fece
1329 2758 1625 2816 apparechiare
