1884 3216
329 147 437 204 258
657 166 840 209 nucAE
876 166 1162 210 MicuAEms
1195 169 1419 211 ΝΕΡοΤιε

325 266 399 311 καὶ
424 267 588 325 ἀθυμίᾳ
624 284 719 320 περι
755 269 829 321 τῆς
855 265 1039 316 πόλεως·
1108 283 1178 310 και
1205 267 1243 311 οἱ
1268 270 1347 322 μὲν
1373 267 1574 312 ἐσκόπουν
1600 267 1659 318 ὥς
1682 282 1759 313 xa-

196 340 230 376 P
251 339 312 385 ¹45
326 330 732 388 ταπολεμισθήσεται
757 331 830 373 καί
855 329 935 373 ὑπὸ
963 335 1045 374 τῶν
1072 331 1299 389 βαρβάρων
1326 329 1612 388 ἁλωθῆσεται,
1643 332 1682 375 οἱ
1706 333 1760 382 ,δὲ

286 412 291 419 ’
325 396 551 452 ἐδόξαζον,
601 398 658 446 ὥς
695 396 716 439 ὃ
754 413 887 474 πατηρ
933 399 1007 438 καί
1045 395 1212 447 πάππος
1244 399 1400 451 αὐτοῦ,
1439 390 1695 454 βουληθείς
1699 394 1760 454 εἷς

325 464 495 512 ἕκαστος
525 463 617 542 τοῦτ
629 465 769 514 λαβεῖν
802 459 955 515 αἰτήν,
984 459 1198 518 ἐφάνησαν
1224 463 1283 512 εις
1311 462 1430 506 κενὸν
1455 461 1756 577 κεκοπιακότες,

325 524 436 569 οὕτω
466 528 538 568 καί
566 522 688 576 ουτος
712 525 785 580 τὴν
811 524 940 581 αὕτὴν
967 527 1105 582 τριβον
1132 529 1285 580 βαδιοῖ,
1765 528 1791 570 5

163 582 229 634 4ν.
249 602 312 635 ιι6
434 597 502 649 57.
569 588 868 667 Παρελθόντος
899 586 986 633 ουν
1024 593 1100 634 τοῦ
1127 593 1385 673 ΪΙΙανουαρίου
1425 592 1555 650 μηνὸς
1581 595 1655 636 και
1680 594 1758 638 τοῦ

281 649 307 681 Β
324 658 616 712 Φεβρουαρίου
647 652 845 710 α’ρξαντος
873 657 1062 699 ἐκέλευσε
1089 655 1166 712 τήν
1187 660 1368 711 χωνείαν
1397 658 1756 716 μετακομισθῆναι

319 725 364 766 ἐν
389 725 440 779 τῇ
457 719 904 773 Κωνσταντινουπόλει,
925 723 997 762 καί
1017 719 1161 773 ζεύξας
1181 719 1344 774 ἁμάξας
1370 721 1594 778 τριάκοντα
1614 717 1755 766 ἐἷλκον

318 786 452 842 αὐτὴν
472 781 645 828 ὄπισθεν
661 785 697 827 οἱ
725 784 754 836 ξ’
777 785 887 839 βόες,
909 786 1012 839 λέγω
1031 783 1125 839 βόες
1151 788 1282 839 βοῶν·
1311 787 1382 829 καί
1409 787 1455 830 ἐκ
1480 789 1655 843 πλαγίου
1681 788 1754 844 τῆς

314 854 493 907 χωνειάς
520 847 668 906 ἄνδρες
698 852 730 892 σ’
749 883 766 907 ‚4
810 850 883 892 καί
908 852 968 899 εἰς
992 849 1036 892 τὸ
1066 852 1109 893 ἓν
1134 850 1207 892 καί
1232 853 1291 900 εἰς
1316 850 1361 893 τό
1391 854 1547 909 ἕτερον,
1575 856 1652 896 τοῦ
1681 856 1751 898 ἓλ-
1769 869 1816 896 10

315 932 402 958 κειν
433 917 506 958 καί
532 917 697 967 ἐξισοῦν
728 915 872 970 αὐτήν,
903 916 970 958 ἵνα
997 915 1055 971 μὴ
1087 913 1305 971 ὄλισθήσει
1336 919 1414 958 τοῦ
1439 916 1625 972 δρόμου·
1681 918 1755 962 καὶ

315 980 553 1037 ἔμπροσθεν
581 982 662 1023 ταῖν
693 978 864 1034 ἁμαξῶν
891 984 1072 1030 τέκτονες
1103 979 1148 1033 ν’,
1179 984 1598 1035 τοῦκατασκευάζειν
1621 981 1753 1041 γεφῦ-

316 1063 395 1102 ρας
422 1046 611 1096 ξυλίνους
639 1046 699 1094 εἰς
739 1045 813 1095 τας
841 1046 1083 1099 ἀνωμαλίας
1116 1049 1190 1101 τῆς
1218 1045 1346 1102 ὁδοῦ,
1375 1049 1448 1089 καί
1473 1046 1643 1104 ἐργάται
1671 1046 1752 1093 σύν

317 1112 460 1161 αὐτοῖς
489 1108 539 1158 σ’.
599 1110 766 1166 ἐποίησε
790 1113 889 1165 γοῦν
919 1110 992 1153 τὸν
1016 1110 1311 1167 Φεβρουάριον
1336 1115 1409 1155 καί
1433 1111 1646 1170 Μάρτιον,
1674 1115 1753 1164 ἕως

317 1171 370 1220 οὗ
408 1176 659 1232 κατήντησεν
695 1178 740 1218 ἐν
780 1175 892 1234 τόπῳ
919 1175 1086 1232 μακράν
1128 1177 1200 1231 τῆς
1229 1175 1386 1228 πόλεως
1413 1177 1494 1220 dmi
1522 1177 1674 1232 μιλίων
1702 1174 1814 1235 ε’.115

316 1239 367 1297 ἦν
393 1243 473 1297 γὰρ
506 1241 528 1283 ὅ
559 1244 783 1295 Καρατζία
826 1257 940 1296 πεγις
967 1240 1045 1296 πρὸ
1076 1244 1227 1296 καιροῦ
1252 1242 1445 1292 σταλθείς
1472 1241 1549 1286 σὺν
1573 1241 1750 1298 δυνάμει

278 1307 377 1355 (ἱεῖς
404 1306 457 1348 τοὶ
486 1309 561 1348 τοῦ
589 1304 759 1348 Πόντου
789 1305 972 1362 κάστρα,
1000 1302 1126 1362 ἤγουν
1141 1310 1420 1363 [Μεσημβρίαν
1437 1308 1643 1364 Ἀχελῶοῆ
1659 1313 1749 1352 Βυ-

318 1369 391 1423 ζόν
425 1374 495 1413 καί
523 1370 574 1414 τὰ
604 1371 750 1423 λοιπά,
787 1371 858 1413 καὶ
897 1370 1002 1427 πρὸς
1029 1370 1179 1413 ἑαυτὸν
1208 1373 1443 1427 ἐποιήσατο.
1499 1371 1651 1428 ὁμοίως
1677 1377 1751 1417 καί

315 1435 421 1491 πρὸς
456 1436 530 1492 τὴν
567 1437 835 1492 Σηλυμβρίαν
877 1437 1043 1490 κειζιιενα
1076 1435 1231 1492 πύργια
1271 1439 1348 1479 τοῦ
1383 1439 1502 1494 ἁγίου
1531 1438 1747 1496 Στεφάνου

314 1502 395 1546 σύν
431 1505 595 1559 πολέμῳ
639 1501 780 1555 λαβών
820 1500 976 1552 πάντας
1013 1500 1109 1551 τούς
1150 1500 1267 1544 ἔνδον
1294 1505 1578 1560 κατέσφαξεν·
1633 1504 1672 1547 οἱ
1701 1507 1810 1547 δὲαο

313 1558 453 1611 λοιποὶ
484 1567 634 1622 πύργοι
676 1567 1010 1622 προσεκύνησαν,
1054 1568 1126 1608 καί
1151 1565 1190 1608 οἱ
1234 1567 1449 1622 ἐπιβάται·
1520 1565 1612 1612 ὅσοι
1646 1573 1747 1625 γοῦν

313 1631 613 1688 παρεδόθησαν
650 1632 847 1686 ἀβλαβεῖς
875 1633 1117 1686 ἐσώθησαν,
1163 1647 1201 1674 οι
1232 1634 1278 1674 δὲ
1307 1633 1619 1684 αντισταθέντες
1643 1652 1746 1678 απε-

312 1700 645 1753 κεφαλίσθησαν.
711 1695 735 1752 ἢ
780 1699 826 1739 δὲ
853 1699 1097 1752 Σηλυμβρία
1142 1701 1339 1751 μαγίμως
1370 1699 1610 1742 α’νθίστατο.
1669 1704 1745 1757 φέ-

313 1778 452 1818 ροντες
481 1758 557 1804 ουν
595 1778 668 1817 την
706 1778 860 1818 σκευην
899 1763 942 1804 ἐν
971 1779 1024 1820 τω
1054 1762 1163 1820 τόηω
1195 1764 1225 1802 ὠ
1252 1760 1528 1819 ἐκελεύθησαν
1548 1796 1561 1820 ,
1590 1768 1664 1808 καί
1689 1767 1746 1825 τῷ

311 1896 516 1940 profectura
540 1900 626 1928 erat.
652 1905 773 1927 omnes
797 1895 937 1928 interea
962 1895 1101 1928 insulae
1127 1896 1171 1929 de
1188 1896 1287 1930 urbis
1315 1897 1430 1931 salute
1454 1897 1581 1930 anxiae
1607 1908 1647 1930 ac
1670 1898 1743 1932 sol-

312 1942 434 1975 licitae
456 1942 562 1975 variis
599 1941 788 1974 sententiis
815 1941 1121 1975 distrahebantur:
1151 1943 1214 1975 alii
1252 1944 1328 1976 fore
1367 1949 1409 1977 ut
1441 1949 1701 1988 expugnaretur
1721 1956 1742 1978 a

311 1988 474 2021 barbaris
511 1994 547 2022 et
579 1994 814 2042 occuparetur
851 1989 1102 2022 coniiciehant.
1142 1990 1223 2030 alii,
1260 1989 1440 2034 quomodo
1466 1995 1568 2034 pater
1590 1995 1627 2024 et
1655 2001 1741 2025 avus

310 2035 428 2076 istius,
455 2046 518 2068 suo
542 2035 695 2079 quisque
710 2040 882 2079 tempore,
908 2036 999 2068 hanc
1020 2035 1285 2080 expeditionem
1306 2042 1535 2080 susceperant
1559 2042 1597 2070 et
1618 2048 1657 2070 re
1683 2037 1742 2071 in-

312 2081 406 2114 secta
447 2082 703 2122 discesserant,
742 2082 791 2114 ita
825 2081 920 2115 hunc
958 2082 1087 2115 iisdem
1118 2083 1277 2127 vestigiis
1311 2083 1536 2116 insistentem
1560 2093 1634 2117 non
1658 2083 1740 2129 plu·

310 2128 555 2173 profecturum
582 2107 833 2172 opinabantur.

404 2177 459 2219 37.
507 2176 673 2208 Ianuario
697 2186 819 2207 mense
845 2175 988 2218 elapso,
1015 2174 1080 2207 sub
1109 2174 1296 2207 Februarii
1319 2174 1483 2216 initium,
1506 2186 1618 2220 prope
1644 2174 1740 2220 Cpo-

310 2220 374 2252 lim
397 2227 614 2254 tormentum
639 2233 789 2254 aeneum
813 2221 944 2254 advehi
977 2221 1081 2254 iussit
1110 2221 1285 2265 princeps.
1311 2221 1370 2253 LX
1393 2221 1501 2255 boves
1526 2221 1738 2256 validissimi

308 2266 404 2299 XXX
430 2268 590 2301 curribus
611 2269 725 2301 iuncti
750 2267 842 2300 illud
866 2267 1074 2309 trahebant3
1101 2267 1145 2299 ab
1170 2273 1323 2311 utroque
1351 2268 1522 2301 tormenti
1544 2268 1657 2301 latere
1681 2267 1737 2302 CC

308 2312 473 2346 homines
496 2314 737 2354 incedebant,
762 2320 802 2347 ut
837 2315 874 2347 id
903 2315 970 2353 liae
1004 2320 1039 2347 et
1065 2314 1149 2346 illac
1175 2312 1350 2346 trahendo
1375 2314 1413 2347 in
1437 2315 1653 2359 aequilibrio
1680 2325 1738 2348 re-

306 2360 477 2393 tinerent.
518 2372 638 2394 currus
675 2362 939 2406 praecedebant
963 2360 1054 2393 fabri
1090 2361 1141 2401 L,
1167 2360 1393 2404 operat-iique
1419 2360 1492 2401 CC,
1520 2361 1586 2406 qui
1608 2367 1736 2406 pontes

308 2406 445 2450 ligneos
470 2407 515 2439 ad
539 2408 655 2452 compl
659 2408 813 2441 mandas
839 2410 913 2442 vias
938 2407 1161 2441 fabricarent.
1189 2406 1300 2451 elapsi
1317 2412 1399 2439 sunt
1422 2407 1546 2451 itaque
1578 2407 1756 2445 Februa-,

308 2453 382 2485 rius
420 2458 456 2485 et
483 2454 654 2494 Martius,
689 2466 767 2487 cum
807 2456 844 2487 in
882 2456 999 2487 locum
1034 2453 1222 2499 quemdam
1254 2452 1468 2486 milliaribus
1495 2453 1662 2508 quinque
1690 2454 1735 2486 ab

307 2498 398 2532 urbe
422 2498 588 2533 dissitum
614 2507 765 2534 tractum
793 2508 856 2534 est.
886 2500 1030 2535 Caracia
1055 2501 1166 2543 Begus
1191 2505 1296 2533 antea
1321 2511 1400 2532 cum
1424 2500 1537 2544 copiis
1561 2500 1607 2534 ad
1630 2500 1735 2534 Ponti

307 2545 442 2590 oppida
466 2547 738 2588 Mesembriam,
776 2548 994 2588 Acheloum,
1034 2548 1161 2589 Byzum
1199 2552 1235 2580 et
1258 2546 1328 2578 alia
1361 2547 1597 2591 praemissus,
1612 2557 1666 2579 ea
1689 2546 1735 2579 ad

308 2591 531 2626 deditionem
555 2595 737 2638 compulit.
762 2606 882 2627 versus
910 2593 1142 2638 Selymbriam
1167 2603 1312 2638 quoque
1338 2592 1372 2625 S.
1398 2592 1571 2637 Stephani
1599 2598 1733 2634 turres,

307 2638 474 2672 omnibus
516 2641 578 2684 qui
612 2641 705 2673 intra
740 2647 840 2674 erant
878 2642 1011 2681 caesis,
1035 2641 1070 2673 vi
1106 2640 1328 2684 expugnavit.
1368 2646 1485 2673 cetera
1509 2639 1673 2679 castella,
1699 2645 1735 2672 et

307 2686 371 2729 qui
394 2685 567 2730 Epibatae
601 2687 839 2728 vocabantur,
881 2699 917 2720 se
941 2667 1123 2720 dedidere.
1147 2691 1326 2731 quotquot
1348 2686 1474 2719 victori
1502 2696 1539 2718 se
1562 2685 1735 2730 permise-

307 2737 392 2765 runt
415 2732 566 2774 servati,
593 2734 872 2779 repugnantibus
901 2734 1017 2779 capita
1041 2733 1194 2767 abscissa
1220 2738 1325 2776 nunt3
1350 2743 1421 2766 una
1445 2731 1653 2777 Selymbria
1667 2730 1734 2764 ho-
