1916 3210
466 202 677 248 lumen
715 204 1050 248 :mmmm
1092 202 1348 248 meam-o.
1518 185 1627 260 49¹

189 311 292 349 zone
327 309 367 348 31
405 307 616 363 principe,
659 314 702 349 et
745 306 851 349 disse
876 309 952 349 che
991 308 1019 348 li
1045 307 1137 348 altri
1172 314 1392 349 stazevano
1423 303 1488 346 ala
1514 311 1640 360 porta

189 360 256 404 del
295 363 455 418 palazo-
513 362 567 404 El
604 362 744 419 signor
785 364 987 404 comando
1022 364 1072 404 ad
1105 364 1241 404 littore
1283 362 1361 404 che
1387 362 1573 417 tagliasse
1602 361 1641 401 le

189 423 295 460 mate
328 433 409 460 con
450 418 490 460 le
513 418 637 473 spada
679 433 703 459 3
735 420 860 472 quelli
891 419 967 459 che
995 427 1165 460 stuvnno
1192 417 1258 460 313
1284 423 1423 474 porta.
1483 415 1642 457 Alhora

187 471 227 516 el
253 474 392 516 littore
415 474 617 516 menando
656 476 780 528 quelli
821 475 959 529 pocho
996 474 1142 516 lontan
1166 473 1235 516 dal
1277 475 1449 529 palazzo,
1479 471 1509 512 li
1537 471 1643 513 disse

188 527 231 571 el
257 530 597 570 comandamento
623 529 688 570 del
714 544 790 570 suo
819 532 969 584 signor.
1026 529 1272 571 Ascoltando
1301 530 1329 569 li
1348 528 1486 584 figlioli
1508 528 1546 567 el
1573 541 1644 567 co-

175 581 483 626 ‘mandamento
513 583 622 626 della
653 593 784 626 morte
806 615 818 637 ,
847 587 1142 626 cominzarono
1175 600 1199 626 3
1227 585 1428 640 pianzere.
1509 585 1576 623 Ma
1606 581 1645 622 el

170 648 390 694 ‘generoso
421 647 541 695 patre
564 640 713 681 stando
745 641 849 681 forte
875 647 919 681 et
948 648 1186 692 constante,
1222 639 1419 681 conforto
1447 638 1476 679 li
1503 639 1646 678 zoveni

189 694 415 750 sbigoniti,
445 696 760 737 confirmandoli
790 702 829 736 et
857 696 1086 737 dicend01i=
1118 698 1157 737 Ο
1186 695 1322 749 figlioli
1345 695 1447 747 mei,
1475 694 1544 735 voi
1570 693 1648 733 ha-

189 756 286 792 vete
325 751 506 792 vistoche
533 753 715 792 hesterna
742 752 810 792 die
851 752 891 791 in
926 767 1009 792 uno
1037 759 1246 793 momento
1274 752 1325 792 de
1350 759 1491 804 tempo
1520 748 1648 789 have-

191 814 262 847 uio
302 807 477 861 perduto
501 814 609 848 tutte
648 807 686 847 le
720 813 860 847 nostre
888 822 998 847 cose.
1057 809 1115 848 Le
1143 807 1300 848 richeze
1329 814 1469 847 nostre
1501 804 1649 845 ineva‘-

192 862 384 913 enubile,
416 863 455 903 13
482 862 610 918 gloria
638 864 854 903 amirativa
900 863 975 903 che
1006 863 1233 904 havevamo
1259 864 1302 902 in
1330 869 1474 917 questa
1505 874 1651 915 magna

179 916 350 968 ciuile,
380 924 422 959 et
450 933 524 972 per
547 925 688 972 questa
716 919 757 957 in
777 926 885 958 tutto
914 918 955 958 lu
987 919 1181 959 universo
1209 919 1284 959 che
1315 918 1511 957 habitano
1526 916 1652 956 Chri-

193 972 338 1025 stimi,
364 979 472 1014 tutte
503 972 542 1014 le
572 980 714 1013 nostre
736 973 935 1014 felicitade
968 981 1010 1014 et
1029 974 1167 1015 tutto'l
1192 981 1333 1014 nostro
1351 974 1454 1013 bene
1483 973 1505 1011 ὲ
1532 985 1655 1025 prae-

193 1029 332 1069 terito.
389 1028 526 1069 Adeso
555 1041 638 1067 non
669 1027 732 1066 n'e
759 1029 907 1067 rimaso
931 1029 1036 1067 altro
1063 1035 1229 1082 excepto
1258 1030 1297 1068 la
1324 1035 1513 1083 presente
1544 1028 1624 1067 vita
1640 1055 1653 1076 ,

4 1079 33 1136 3
195 1082 237 1125 ln
283 1083 382 1137 qual
420 1097 503 1123 non
540 1085 563 1123 ὲ
614 1082 800 1135 infinita,
847 1083 998 1136 perche
1024 1097 1102 1137 per
1127 1091 1264 1137 tempo
1308 1096 1552 1124 moret-emo.
1580 1081 1659 1123 che

11 1152 25 1189 ῥξ,
195 1145 315 1180 tanto
353 1138 532 1179 mancho
574 1152 626 1178 ne
669 1138 772 1179 deve
801 1152 1048 1192 aggrevare‚
1076 1138 1247 1179 essendo
1277 1138 1422 1192 privati
1453 1137 1557 1178 delle
1582 1151 1660 1177 no·

5 1192 33 1275 l
191 1201 280 1236 stre
307 1208 432 1245 cose,
474 1193 551 1234 che
587 1193 762 1234 havemo
805 1193 983 1248 perduto
1019 1194 1057 1234 la
1084 1193 1245 1248 gloria,
1276 1195 1486 1242 l’honore,
1518 1194 1556 1232 la
1585 1193 1659 1233 do-

3 1250 35 1303 s-‚ff
184 1248 453 1301 v⁴minatione3
484 1256 527 1290 et
553 1250 596 1289 in
625 1248 691 1289 lor
716 1250 806 1290 vice
836 1262 1048 1290 recevemo
1076 1249 1266 1290 obrobrii
1297 1257 1339 1290 et
1366 1250 1461 1304 ogni
1490 1246 1660 1303 despre-
1671 1250 1740 1286 305

8 1291 33 1357 ᾗ)
198 1305 266 1361 'gio
283 1335 296 1357 ‚
323 1305 533 1360 fatigando
563 1319 751 1359 sempre,
782 1303 919 1344 finchb.
959 1303 1000 1344 la
1029 1313 1159 1345 morte
1188 1319 1317 1358 venga
1346 1319 1421 1359 per
1448 1303 1542 1354 noi,
1577 1303 1663 1345 tol-

199 1361 383 1402 leudone
410 1375 529 1402 senza
559 1360 695 1400 honor
724 1359 775 1400 de
803 1366 948 1414 questa
975 1362 1076 1404 vita.
1134 1361 1253 1400 Dove
1276 1362 1298 1400 ὲ
1325 1360 1367 1400 lu
1398 1366 1547 1399 nostro
1582 1361 1663 1400 im-

198 1415 408 1471 pendor?
474 1416 567 1456 Non
595 1416 638 1456 fo
679 1415 812 1456 occiso
842 1415 961 1455 heri?
990 1415 1095 1456 dove
1123 1417 1146 1456 ὲ
1175 1417 1203 1456 il
1234 1423 1307 1456 tuo
1340 1429 1484 1456 socero
1514 1429 1663 1470 magno

201 1473 454 1513 domestico?
519 1472 636 1512 Dove
665 1471 688 1511 ὲ
727 1471 756 1510 il
787 1470 1007 1526 Paleologo
1035 1472 1364 1526 prothostratora
1398 1485 1475 1510 con
1505 1470 1572 1510 doi
1600 1473 1663 1511 soi

200 1527 374 1583 figlioli?
441 1527 538 1568 Non
574 1528 720 1567 forono
760 1526 930 1582 iugulati
977 1527 1066 1567 heri
1092 1528 1132 1567 in
1162 1528 1201 1568 13
1229 1526 1431 1582 bataglia!
1495 1526 1665 1567 Utinam

198 1590 245 1624 et
282 1585 352 1624 noi
390 1582 567 1624 fossamo
596 1583 719 1623 morti
761 1597 839 1622 con
882 1584 955 1624 essi
993 1583 1094 1624 loro.
1167 1584 1483 1624 Nientedimeno
1523 1590 1667 1636 questu

199 1639 310 1680 hora
347 1645 540 1694 presente
581 1639 604 1679 e
645 1638 882 1680 sufficiente.
939 1639 1036 1678 Non
1064 1639 1262 1694 pecciamo
1294 1639 1391 1694 pin,
1424 1638 1574 1693 perche
1599 1638 1668 1678 chi

202 1695 320 1752 say'le
355 1709 472 1736 arme
514 1694 582 1734 del
627 1693 824 1734 diavolo?
862 1708 906 1735 se
935 1695 1188 1746 tardaremo‚
1219 1709 1401 1736 serremo
1427 1695 1533 1734 feriti
1562 1693 1670 1733 dalle

203 1763 277 1791 sne
306 1757 458 1801 saette,
488 1749 529 1790 le
557 1749 679 1804 quale
706 1749 913 1790 mundano
941 1754 1090 1802 toxico,
1127 1751 1245 1791 Nunc
1273 1765 1375 1791 nunc
1403 1750 1448 1790 lu
1478 1753 1620 1804 Agone
1647 1750 1670 1789 ὲ

204 1805 500 1859 apparechiato
538 1818 612 1858 per
655 1806 741 1845 noi.
809 1807 854 1845 In
885 1819 1007 1846 nome
1033 1805 1099 1846 del
1138 1807 1344 1847 crucifisso
1372 1814 1507 1846 morto
1538 1811 1579 1846 et
1604 1818 1671 1845 re-

204 1859 416 1909 suscitato,
443 1874 629 1900 moramo
658 1868 699 1900 et
725 1859 812 1910 noi,
844 1861 1014 1901 acioche
1044 1876 1123 1901 con
1152 1875 1240 1903 esso
1269 1863 1326 1902 lui
1356 1862 1519 1902 fruamo
1552 1860 1580 1900 li
1608 1859 1669 1900 soi

205 1915 318 1961 beni.
383 1916 439 1957 Et
481 1922 624 1971 queste
661 1930 753 1956 cose
781 1916 971 1956 havendo
998 1916 1109 1957 dicto
1133 1946 1146 1967 ,
1174 1919 1189 1956 i
1221 1917 1363 1959 zoveni
1391 1917 1670 1957 deventurono

207 1971 326 2012 fex-mi
354 1979 395 2011 et
428 1972 657 2019 constanti,
690 1973 776 2011 anzi
803 1971 948 2026 pronti
979 1979 1020 2011 et
1047 1972 1209 2013 solliciti
1238 1973 1290 2013 ad
1318 1973 1459 2014 morir.
1493 1979 1535 2013 et
1563 1972 1670 2012 disse

207 2027 247 2066 al
293 2028 418 2071 litor:
463 2028 503 2067 fo
544 2026 681 2080 quello
716 2027 793 2067 che
820 2033 862 2067 te
889 2028 912 2067 ὲ
952 2028 1197 2069 comandato
1218 2058 1230 2079 ‚
1261 2028 1539 2069 comenzando
1569 2027 1669 2068 dani

207 2082 366 2126 zovani.
422 2082 475 2123 El
504 2082 750 2138 manegoldo
785 2082 1041 2123 obhediendo
1070 2082 1197 2138 taglio
1225 2086 1261 2125 le
1289 2091 1392 2125 teste
1419 2084 1487 2124 alli
1507 2082 1668 2134 zovani,

211 2145 345 2179 stante
372 2138 651 2193 Megaducha,
698 2147 739 2178 et
782 2138 977 2178 dicendo:
1027 2139 1069 2179 A
1095 2154 1118 2180 ο
1165 2140 1239 2179 tibi
1283 2141 1465 2194 gratia-5,
1491 2140 1669 2180 domine.

209 2195 329 2234 iustus·
356 2208 426 2246 es,
465 2194 641 2234 domine.
705 2194 864 2234 Alhora
904 2194 1009 2234 disse
1053 2209 1076 2234 a
1130 2194 1270 2235 littor:
1312 2195 1519 2247 fradello,
1550 2195 1669 2235 dame

210 2263 318 2304 poca
355 2249 517 2289 indnzia
559 2264 632 2303 per
680 2249 813 2289 intrar
841 2264 863 2288 a
890 2250 958 2289 dir
997 2250 1037 2290 la
1065 2252 1252 2291 oratione
1280 2265 1349 2291 era
1378 2254 1418 2290 in
1452 2251 1545 2306 quel
1573 2249 1666 2291 loco

212 2319 296 2345 una
324 2304 479 2360 piccola
525 2305 687 2349 chiesia.
762 2308 921 2346 Intrate
951 2320 1031 2346 con
1060 2306 1221 2346 licentia
1253 2306 1319 2347 del
1347 2307 1461 2346 littor
1490 2306 1588 2356 orb,
1623 2312 1668 2346 εἰ

210 2360 343 2401 uscito
375 2360 483 2401 dalla
512 2367 634 2415 porta
664 2361 768 2401 dove
807 2375 933 2401 erano
961 2362 987 2401 li
1014 2364 1123 2416 corpi
1151 2362 1193 2402 di
1220 2364 1283 2403 soi
1312 2362 1452 2415 figlioli
1482 2362 1666 2402 anchora

211 2418 427 2464 trementi,
468 2418 611 2456 iterum
658 2417 792 2456 dando
833 2419 964 2470 gratie
1002 2418 1026 2457 ὲ
1070 2417 1167 2469 dio,
1215 2418 1257 2458 fo
1310 2418 1556 2472 decapitato.
1612 2417 1665 2458 El

212 2472 460 2527 manegoldo
499 2473 684 2525 compito
733 2473 769 2512 el
812 2472 1015 2525 penitioso
1056 2472 1189 2512 officio
1218 2487 1349 2515 venne
1375 2475 1413 2513 al
1443 2473 1749 2521 convivio‚306

212 2527 456 2568 mostrando
484 2528 520 2567 le
546 2535 649 2568 teste
689 2527 727 2567 al
755 2528 907 2567 dracon
955 2528 1241 2581 sanguinario,
1272 2529 1462 2570 lassando
1488 2530 1517 2570 li
1547 2530 1668 2582 corpi

215 2582 431 2622 inhumati.
493 2583 747 2623 Similmente
790 2583 933 2637 quanti
970 2583 1066 2624 delli
1104 2584 1263 2624 officiali
1308 2592 1349 2625 et
1389 2586 1572 2640 generosi
1602 2583 1669 2623 del

215 2636 354 2692 pulazo
391 2638 522 2678 havea
561 2640 847 2691 riconparato,
888 2641 982 2679 tutti
1011 2639 1038 2679 li
1068 2640 1215 2680 mando
1241 2639 1322 2681 alla
1351 2648 1496 2685 morte.
1553 2639 1670 2680 Delle

216 2692 411 2746 mogliere
438 2701 478 2734 et
503 2693 640 2748 figlioli
669 2693 722 2733 ha
751 2695 867 2734 electi
896 2694 923 2734 li
951 2696 1024 2748 pin
1053 2694 1148 2735 belli
1177 2699 1310 2751 corpi,
1338 2702 1380 2736 et
1407 2694 1669 2736 ricomando-

218 2746 247 2787 li
277 2747 317 2787 al
346 2749 648 2789 archieunucho
690 2749 765 2789 che
811 2764 884 2803 per
923 2751 977 2788 lui
1008 2751 1034 2790 li
1074 2751 1264 2792 salvasse.
1321 2752 1400 2792 Del
1426 2759 1534 2792 resto
1562 2751 1667 2791 della

219 2803 346 2857 preda
375 2804 429 2845 ha
461 2805 557 2846 dato
583 2804 622 2845 la
651 2819 747 2845 cura
776 2806 826 2846 ad
857 2806 976 2856 altri,
1024 2806 1156 2853 finch‘e
1184 2808 1296 2848 siano
1323 2809 1474 2849 menati
1505 2808 1546 2847 in
1577 2806 1666 2847 Au-
