1916 3210
290 144 423 214 .2l‡08
766 164 949 210 nucAE
995 162 1258 210 ms‘romA.

305 264 345 304 la
376 271 455 306 tua·
479 278 572 306 casa
612 278 727 309 come
767 266 807 305 la
841 266 947 313 mia,
984 269 1026 302 et
1060 269 1107 303 tu
1136 264 1174 304 la
1200 264 1281 305 mia
1309 277 1428 304 come
1454 265 1492 304 la
1519 266 1602 305 toa.
1651 264 1744 306 'Gon

334 326 445 359 uesta
482 319 676 363 heronica
718 319 906 362 doctrina
934 319 1062 362 havea
1087 319 1278 373 inganato
1304 320 1458 372 grande
1483 319 1747 364 multitudine

335 388 358 413 e
399 374 554 414 homini
597 375 738 426 grossi.
802 374 859 414 Et
899 380 1010 413 sotto
1049 381 1188 427 questa
1232 375 1417 428 ipocrisia
1437 374 1745 429 comparavit-⁶}-

303 429 483 469 amicitia
516 430 567 469 de
595 428 839 477 Christiani,
879 428 1121 480 predicando
1151 429 1445 482 publicamente
1470 429 1572 478 che,
1600 428 1666 469 obi
1693 429 1747 470 de

303 482 333 522 li
352 483 506 523 Turchi
536 485 622 523 dira
641 484 714 522 che
736 483 955 524 Christiani
983 497 1062 522 non
1083 498 1212 524 sonno
1240 483 1414 536 religiosi
1443 491 1484 523 et
1509 485 1590 537 pii,⁴
1606 483 1745 538 quello

263 539 274 548 ”
303 539 326 576 ὲ
357 537 482 592 impio
513 546 556 578 et
587 537 755 577 infidele.
812 538 928 577 Tutti
955 538 1145 591 adunque
1170 539 1197 578 li
1222 540 1404 578 settatori
1434 538 1484 578 de
1512 539 1744 593 questasrea

300 594 396 646 gula
414 624 425 642 ‚
456 593 618 648 quando
644 600 912 633 scontravano
939 593 990 632 de
1010 593 1237 643 Christiani,
1267 593 1310 633 111
1334 595 1571 646 ospitavano
1596 600 1641 634 et
1668 593 1746 633 ho·-

301 661 511 688 noravano
551 662 668 687 come
708 648 851 687 nuntio
881 648 933 688 de
967 648 1050 687 dio.
1104 649 1159 687 Et
1185 662 1272 688 esso
1300 651 1492 700 magistro
1521 649 1574 688 do
1603 655 1744 705 questa

300 709 404 742 setta
430 717 559 755 spesse
591 702 701 743 volte
736 702 886 742 veniva
923 717 948 742 a
976 703 1077 742 Chia
1107 702 1161 742 ad
1186 702 1350 742 visitare
1375 704 1403 742 li
1441 704 1604 757 signori*
1622 705 1743 749 Mao-

300 759 386 796 nesi
416 765 455 796 et
484 758 512 799 li
540 758 703 811 primati
731 757 838 798 della
866 759 956 799 cita.
1013 758 1083 796 Ali
1104 757 1256 797 cherici
1283 765 1514 798 veramente
1542 758 1745 798 mandzwa

299 811 328 850 li
358 813 414 850 soi
446 812 600 862 nuntii,
643 812 964 852 manifestandoli
1011 812 1048 851 la
1089 827 1160 852 sua
1197 813 1403 862 doctrina,
1452 819 1493 853 et
1530 813 1605 853 cho
1642 813 1742 853 salvi

298 875 537 909 veramente
575 881 685 906 esser
722 881 804 906 non
851 881 1050 921 possano,
1093 882 1134 907 se
1174 881 1256 906 non
1309 882 1384 920 per
1410 868 1448 907 la
1489 869 1638 908 unione
1656 882 1743 908 -con

298 920 532 963 Christiani.
604 922 650 960 ln
680 922 776 975 quel
804 930 938 975 tempo
965 936 1040 976 per
1060 929 1229 961 ventura
1258 922 1447 962 habitava
1477 923 1519 962 in
1546 923 1584 962 la
1612 923 1744 962 insula

296 974 348 1013 de
379 976 481 1015 Chio
511 990 592 1016 uno
618 978 762 1019 vechio
796 978 994 1017 Candioto
1023 977 1209 1016 solitario
1235 977 1275 1016 in
1305 978 1341 1016 la
1371 979 1512 1025 moni,
1540 976 1744 1017 chioniam

294 1028 484 1082 Turloti3
514 1029 553 1070 al
582 1033 701 1085 quale
731 1033 768 1071 el
797 1032 1136 1086 pseudo-abbate
1158 1032 1305 1071 mandi)
1333 1032 1402 1071 doi
1430 1032 1470 1070 di
1497 1032 1556 1072 soi
1584 1039 1745 1086 aposto—

294 1084 350 1132 11,
381 1084 408 1124 li
439 1085 550 1139 quali
579 1095 750 1139 portava
779 1089 863 1126 sola
892 1101 973 1126 una
1002 1088 1165 1135 camisa‚
1193 1101 1274 1126 con
1303 1085 1344 1126 la
1371 1093 1475 1130 testa
1506 1086 1617 1129 nuda
1645 1093 1688 1127 et
1713 1085 1744 1127 li

293 1139 402 1193 piedi
430 1141 590 1180 discalzi
619 1149 659 1180 et
690 1141 730 1181 13
758 1150 868 1182 vesta
895 1142 1100 1195 simplice,
1131 1142 1182 1181 de
1207 1156 1344 1194 grosso
1371 1141 1490 1195 pe103
1519 1141 1744 1184 nuntiando

292 1208 318 1240 a
343 1194 480 1248 quello
524 1202 566 1235 et
607 1196 816 1236 dicendo:
858 1198 898 1236 io
925 1211 1025 1236 sono
1067 1210 1264 1236 conservo
1292 1196 1342 1236 de
1367 1197 1467 1237 dio:
1500 1196 1539 1236 io
1565 1210 1688 1237 servo
1717 1211 1742 1237 a

293 1249 430 1302 quello
463 1250 530 1290 dio
558 1250 634 1290 che
660 1251 787 1291 adore
812 1259 873 1290 tu.
941 1252 1000 1291 Et
1023 1250 1140 1290 sex-rb
1173 1266 1247 1291 con
1280 1266 1365 1291 esso
1391 1259 1510 1302 teco,
1542 1251 1744 1304 passando

292 1304 329 1346 el
358 1305 500 1357 pelago
539 1305 589 1344 de
618 1313 735 1345 nocte
762 1322 786 1345 a
810 1306 952 1360 piade,
990 1321 1106 1345 senza
1133 1320 1230 1346 voce
1263 1320 1285 1345 6
1309 1320 1429 1345 senza
1456 1307 1635 1359 strepito.
1689 1306 1743 1346 El

289 1371 390 1402 vero
433 1360 579 1398 abbate
618 1362 808 1414 inganato
844 1361 912 1400 dai
960 1361 1060 1400 falso
1106 1361 1278 1409 abbate,
1313 1360 1496 1400 cominzb
1526 1360 1656 1400 anche
1682 1361 1741 1400 lui

291 1414 576 1465 respondendo
607 1429 630 1453 a
669 1415 732 1454 dir
763 1430 855 1455 cose
882 1430 1009 1465 vane,
1053 1415 1227 1454 dicendo
1255 1429 1369 1454 come
1397 1415 1438 1453 in
1468 1415 1506 1453 la
1534 1415 1663 1467 insuia
1690 1415 1742 1457 de

216 1467 414 1507 1=3Sam0
452 1469 711 1520 demorante,
757 1477 798 1510 et
838 1485 924 1509 esso
963 1470 1138 1509 deventi)
1179 1484 1376 1509 conservo
1415 1469 1464 1508 de
1491 1469 1561 1508 dio
1589 1470 1742 1510 inseme

291 1536 366 1561 con
397 1523 482 1571 lui,
537 1531 577 1563 et
605 1525 746 1564 adesso
777 1524 977 1577 passando
1008 1525 1066 1563 lui
1090 1539 1284 1563 conversa
1314 1539 1388 1563 con
1418 1524 1498 1570 mi,
1530 1538 1613 1563 uuo
1637 1525 1680 1564 d}
1706 1525 1752 1564 εὶ·

290 1584 331 1615 et
359 1592 442 1616 uno
472 1578 514 1618 d}
544 1578 613 1621 nb.
670 1579 727 1618 Et
755 1580 855 1619 altre
885 1587 1111 1618 mostruose
1143 1580 1285 1631 parole
1313 1580 1453 1618 diceva
1495 1593 1556 1618 me
1575 1581 1741 1634 scripto-

289 1646 334 1674 re
365 1643 564 1687 presente.
619 1634 815 1673 Susmano
842 1635 1042 1686 praefecto
1082 1634 1130 1671 de
1171 1633 1209 1671 la
1252 1634 1480 1686 provintia,
1513 1633 1659 1672 lassato
1686 1635 1740 1673 da

290 1687 570 1738 Mechemeth,
600 1703 713 1727 come
742 1690 778 1728 el
806 1703 963 1728 sermon
997 1695 1131 1726 nostro
1161 1688 1211 1726 (16
1238 1702 1354 1741 sopra
1380 1687 1433 1727 ha
1462 1687 1738 1741 demostrato,

290 1742 418 1782 intese
447 1750 588 1796 queste
617 1745 851 1786 inconsuete
877 1743 1123 1785 turbatione.
1182 1742 1434 1796 Congregato
1463 1742 1501 1781 el
1527 1757 1602 1782 suo
1627 1757 1740 1782 exer-

290 1797 396 1844 cito,
443 1805 483 1836 et
529 1812 659 1836 venue
687 1806 827 1837 contra
867 1799 903 1837 el
933 1797 1297 1851 pseudo-abbate.
1366 1799 1436 1836 Ma
1467 1810 1552 1836 non
1582 1805 1740 1851 possete

288 1866 447 1904 passare
475 1852 504 1890 li
534 1854 671 1892 strecti
699 1853 748 1895 de
780 1852 820 1892 lu
850 1851 1038 1892 Stellario
1055 1881 1065 1898 ‚
1098 1852 1250 1905 perebo
1280 1852 1415 1906 quella
1443 1857 1544 1891 setta
1571 1852 1638 1891 col
1666 1867 1740 1895 suo

293 1908 484 1960 magistro
512 1907 610 1947 tutti
642 1922 684 1946 se
724 1922 846 1947 erano
877 1909 1111 1960 congregati
1149 1907 1192 1945 in
1226 1921 1338 1958 uno,
1368 1914 1410 1946 et
1437 1907 1534 1946 foro
1563 1908 1635 1960 pii1
1663 1907 1739 1947 che

291 1964 345 2000 sei
374 1962 512 2011 milia,
542 1962 581 2000 in
617 1961 720 2003 lochi
751 1961 1028 2010 inaccessibili,
1059 1962 1137 2000 ben
1164 1961 1312 2000 muniti
1339 1962 1391 2000 de
1417 1962 1512 2015 ogni
1537 1961 1740 2004 munitio-

288 2030 340 2061 ne
367 2030 437 2071 per
478 2017 726 2056 combatere.
801 2018 999 2056 Susmano
1027 2017 1208 2055 venendo
1237 2017 1314 2056 3116
1339 2030 1456 2055 mane
1477 2031 1554 2056 con
1585 2015 1672 2056 loro
1698 2017 1739 2056 fo

289 2073 565 2117 crudelmente
593 2080 774 2111 amazalo
803 2087 881 2111 con
906 2079 1014 2112 tutta
1043 2071 1081 2110 la
1109 2085 1183 2110 sua
1207 2072 1456 2125 compagnia.
1514 2070 1670 2110 Alhora
1699 2071 1740 2112 el

289 2126 390 2165 falso
416 2127 585 2174 abbate,
621 2127 696 2167 che
726 2128 898 2166 Mustafa
926 2141 999 2179 peu·
1030 2140 1152 2165 nome
1181 2140 1222 2165 se
1251 2126 1472 2176 chiamava,
1501 2139 1579 2179 per
1604 2126 1738 2179 quella

290 2181 458 2219 victoria
506 2195 635 2223 venne
678 2196 700 2221 a
743 2182 981 2220 confirmare
1022 2180 1059 2219 la
1088 2195 1159 2219 sua
1202 2181 1384 2222 doctrina
1412 2187 1451 2218 et
1478 2180 1517 2220 la
1542 2194 1613 2219 sua
1637 2188 1738 2220 setta

288 2234 395 2277 nella
438 2237 654 2288 opinione,
693 2242 735 2275 et
774 2238 847 2289 pih
890 2236 964 2275 6116
1009 2235 1161 2287 profeta
1190 2235 1336 2280 veniva
1369 2233 1550 2279 laudato,
1607 2235 1738 2280 Ordi-

289 2290 423 2334 nando
450 2291 490 2335 111
515 2291 655 2333 habito
697 2291 803 2330 della
831 2306 901 2330 sua
928 2291 1142 2343 religione,
1173 2289 1295 2329 statu]
1323 2303 1404 2328 non
1434 2296 1572 2342 portan-
1599 2290 1669 2342 piii
1698 2289 1736 2333 61

288 2345 469 2392 zarcula,
517 2359 583 2384 ma
627 2353 766 2398 portar
805 2346 914 2384 nuda
962 2345 1011 2384 la'
1030 2351 1158 2394 testa,
1198 2358 1220 2383 6
1249 2344 1384 2385 vivere
1421 2344 1520 2383 nudi
1547 2358 1623 2384 con
1653 2359 1737 2384 una

288 2400 463 2448 camisia,
492 2413 707 2439 conversat·
735 2401 803 2453 pin
831 2415 907 2439 con
927 2400 1143 2439 Christiani
1173 2398 1248 2438 che
1276 2413 1353 2439 con
1381 2397 1549 2439 Turchi.
1568 2399 1734 2443 Moche-

287 2453 398 2491 meth
417 2483 427 2499 ‚
459 2456 585 2493 intesa
611 2455 650 2493 la
679 2463 812 2494 morte
838 2455 889 2502 de
921 2456 1139 2500 Susmano,
1185 2454 1327 2498 nuntia
1357 2452 1410 2494 ad
1436 2452 1572 2494 Alibei
1600 2454 1731 2506 prefe-

288 2514 355 2547 cto
396 2508 448 2552 de
488 2509 615 2561 Lydia
635 2540 645 2556 ‚
687 2510 760 2549 che
790 2510 908 2556 habia
949 2509 999 2553 ad
1028 2522 1245 2562 congregar
1271 2508 1314 2546 lu
1343 2508 1516 2556 exercito
1543 2507 1596 2547 de
1627 2514 1735 2551 tutte

288 2561 327 2601 16
368 2569 482 2605 zente
516 2563 567 2607 de
600 2563 730 2617 Lydia
768 2571 807 2608 et
854 2564 903 2603 de
939 2565 1080 2609 Ionia,
1125 2570 1164 2602 et
1202 2562 1305 2602 vada
1333 2569 1479 2609 contra
1505 2563 1534 2601 li
1564 2562 1729 2608 stilarii.

291 2616 486 2662 Havendo
512 2617 639 2659 inteso
668 2625 809 2670 questo
848 2619 876 2657 li
905 2618 1100 2665 Sffllarii,
1135 2616 1429 2662 conmunirono
1455 2616 1495 2659 16
1520 2615 1654 2664 1106116
1681 2617 1735 2658 de

287 2670 318 2710 li
348 2670 533 2710 Stellariif
556 2678 596 2714 et
633 2672 909 2724 apparechiati
948 2679 1192 2726 spectavano
1214 2671 1350 2711 Alibei
1374 2700 1387 2722 ,
1417 2672 1453 2710 el
1473 2670 1592 2724 quale
1618 2685 1731 2715 rom-

285 2732 452 2781 petteno
480 2740 555 2768 con
585 2727 737 2781 grande
764 2734 895 2784 strage
924 2735 965 2773 et
994 2734 1125 2770 morte
1152 2727 1242 2771 dela
1270 2740 1406 2772 mazor
1433 2733 1547 2780 parte
1567 2725 1619 2768 de
1645 2733 1731 2768 tut-
