1864 3210
326 163 403 235 96
661 177 844 222 nucius
882 174 1167 221 micmms
1195 178 1419 221 NEPo'ns

327 296 406 330 σας
434 277 503 322 τὸν
529 279 707 337 στρατόν
731 278 779 321 τὸ
815 280 892 333 μὲν
920 279 963 318 ἓν
990 279 1118 332 μέρος
1147 278 1253 334 πρὸς
1278 277 1331 322 τοὶ
1363 279 1439 321 τοῦ
1468 272 1671 330 Εύξείνου*
1690 279 1768 333 μέ-

329 362 382 400 ρη
411 343 601 399 έπεμψε,
641 342 688 387 τὸ
731 346 778 386 δὲ
818 339 919 385 ἄλλο
945 341 1023 397 τῆν
1058 340 1165 397 πρὸς
1190 342 1265 399 τὴν
1302 343 1532 399 Ἀδριανοῦ
1556 344 1768 400 φέρουσαν

329 408 477 453 ὥδευε.
541 408 636 453 τότε
661 408 684 452 ὅ
713 411 879 464 Μωσῆς
913 405 1036 450 πάλιν
1073 408 1280 464 οἰκούσας,
1309 411 1382 452 καί
1407 407 1562 461 μαθών
1587 406 1678 458 unffi:
1709 406 1770 458 εἷς

330 474 405 518 δύο
447 473 686 528 κατατομὰς
714 473 768 517 τὰ
816 471 994 530 φωσάτα
1022 474 1237 530 ἐμέρισεν,
1280 474 1332 518 τὰ
1361 472 1467 530 πρὸς
1498 471 1574 516 τὸν
1600 469 1770 516 Πόντον

329 543 437 597 μέρη
463 543 647 586 ἐὸῗωκεν.
714 538 787 581 καί
815 537 865 594 δὴ
896 537 1192 581 ἑπεισπεσόντα
1231 535 1363 596 ἄμφω
1391 538 1442 582 τὰ
1473 536 1804 593 στρατόπεδα,5

331 607 404 648 καί
431 604 469 648 οἱ
496 608 572 648 τοῦ
603 606 745 659 Μωσῆ
773 604 1020 658 ἡττηθέντες
1047 602 1150 660 πρὸς
1176 604 1248 647 τὸν
1266 606 1485 659 ·Μεχεμὲτ
1510 602 1770 660 ἠθροίζοντο,

333 671 358 712 ὁ
397 672 443 713 δὲ
482 673 699 718 α’σπασίως
743 669 986 722 ὑπεδέχετο.
1034 668 1057 711 ὅ
1091 671 1136 712 δὲ
1177 672 1344 726 Μωσῆς
1378 670 1426 713 τό
1466 667 1631 725 γενονὸς
1668 667 1773 712 ἰδών

289 735 406 779 Ducat*
448 734 494 778 τὸ
534 738 608 790 τῆς
651 732 783 789 τύχης
821 729 1098 788 εύμετάβολον
1136 733 1303 792 ἔφυγεν.
1372 737 1432 785 εἷς
1457 737 1548 786 ἕλος
1574 736 1623 778 δέ
1642 749 1685 777 ,τι
1711 731 1770 789 μή

331 800 457 856 γνούς
499 798 714 854 ἐμπεσών,
743 797 815 840 καί
841 795 903 848 εἷς
929 801 1012 842 τῶν
1051 802 1278 856 σατραπῶν
1305 802 1384 843 τοῦ
1410 800 1612 856 Μεχεμὲτ
1642 812 1773 843 κατα-

332 865 523 919 διώκων,
551 863 753 921 στραφείς
783 863 806 906 ὅ
844 866 1010 919 Μωσῆς
1037 866 1268 921 ἀπέκτεινεν
1302 865 1441 912 αὐτόν.
1469 865 1492 908 ὅ
1521 867 1568 909 δὲ
1596 867 1672 909 τοῦ
1695 881 1774 908 σα·-
1789 881 1837 909 ιο

330 929 490 987 τράπου
518 933 664 979 δοῦλος
684 928 853 986 φθάσας
885 929 1061 986 ἱππότης,
1084 932 1257 986 οἶφεῖλεν
1277 929 1506 987 αὐτοῦ’τὴν
1523 929 1664 983 δεξιὰν
1689 928 1771 972 α’πό

221 1004 259 1038 V.
275 1005 318 1049 4²
332 999 408 1039 τοῦ
437 992 554 1050 ὤμου
573 1028 585 1050 ,
626 996 760 1052 ῥίψας
787 994 919 1051 αὐτὴν
945 997 990 1038 ἐν
1019 998 1078 1054 τῷ
1105 998 1201 1039 ἕλει.
1270 995 1468 1052 μονόχειρ
1499 993 1776 1047 δὲεῖσελθών

123 1073 163 1105 Α.
179 1072 215 1105 C.
231 1073 316 1116 1413
329 1064 402 1105 καί
429 1061 500 1105 διὰ
527 1064 599 1118 τῆς
632 1061 789 1117 ῥύσεως
815 1063 894 1103 τοῦ
924 1062 1104 1114 αἳματος
1128 1059 1446 1118 λειποψυχῆσας
1463 1060 1609 1104 ἔπεσεν
1627 1062 1672 1104 ἐκ
1698 1061 1774 1102 τοῦ

124 1118 293 1163 ΗΒΕ-δώ
327 1128 471 1170 ἵππου.
526 1126 548 1170 ὃ
589 1129 636 1170 δὲ
670 1129 817 1177 δοῦλος
849 1127 924 1170 τοῦ
963 1128 1186 1182 σατράπου
1225 1128 1362 1170 ἐλθών
1398 1126 1458 1177 εἷς
1495 1125 1568 1169 τόν
1593 1122 1774 1181 ἡγεμόνα

327 1191 554 1249 ἀπήγγειλε
591 1194 666 1234 καί
687 1191 759 1235 τὸν
796 1190 980 1235 θάνατον
1017 1193 1093 1234 τοῦ
1127 1194 1273 1246 κυρίου
1303 1193 1436 1234 αὐτοῦ
1465 1191 1538 1235 καί
1564 1193 1641 1235 τοῦ
1663 1193 1837 1236 Meo-15

327 1260 384 1313 σῆ
423 1258 497 1313 τὴν
538 1256 719 1313 πληγήν·
787 1255 979 1307 ἐλθόντες
1016 1258 1061 1299 δὲ
1089 1258 1134 1299 ἐν
1159 1256 1217 1315 τῷ
1254 1258 1339 1299 ἕλει
1366 1250 1489 1312 ἐῖιρον
1515 1255 1774 1312 τεθνηκόταρ

327 1323 402 1366 καὶ
428 1318 535 1380 ἦραν
571 1322 617 1365 τὰ
648 1324 772 1375 σῶμα
811 1323 943 1364 αὐτοῦ
970 1320 1148 1364 ἐνώπιον
1171 1324 1248 1365 τοῦ
1277 1323 1535 1376 Μαχουμέτ.
1589 1319 1696 1365 ἰδών
1725 1322 1774 1364 δὲ

328 1389 402 1431 καί
437 1388 657 1445 θρηνήσας
698 1386 802 1430 κατὰ
840 1385 889 1430 τὸ
932 1385 1217 1442 ἀπάνθρωπον
1247 1385 1344 1437 ἔθος
1372 1388 1511 1430 αὐτῶν
1537 1385 1701 1442 ἔπεμψε
1725 1385 1773 1430 τὸ

215 1466 250 1500 Ρ.
269 1466 311 1500 53
327 1455 480 1508 πταῖμα
524 1454 654 1496 αὐτοῦ
691 1455 878 1510 ταφῆναι
920 1454 966 1495 ἐν
993 1451 1175 1510 Προύσῃ
1211 1455 1256 1495 ἐν
1285 1458 1373 1502 τοῖς
1398 1450 1606 1509 πατράσιν
1633 1453 1772 1508 ἐγγύς.

324 1520 348 1562 ὁ
381 1522 427 1563 δὲ
440 1520 645 1574 Μεχεμὲτ
672 1516 954 1571 ἔπαναζεύξας
982 1520 1027 1561 ἐν
1054 1517 1398 1574 Ἀδριανουπόλει
1425 1518 1498 1561 καί
1523 1518 1703 1570 καθίσας
1728 1522 1774 1564 ἐν
1785 1533 1837 1560 20

323 1592 411 1635 τοῖς
437 1584 592 1634 θώκοις
633 1590 718 1634 τοῖς
745 1589 989 1639 πατρικοῖς,
1021 1581 1262 1638 εἷσήρχοντο
1291 1582 1392 1626 καθ’
1430 1580 1606 1640 ἑκάστην
1630 1583 1672 1627 οἱ
1698 1586 1774 1641 τῆς

326 1649 487 1700 δύσεως
525 1649 781 1705 προύχοντες
805 1651 1030 1705 στρατηγοί
1055 1651 1128 1690 καί
1153 1647 1437 1704 προσεκύνουν
1466 1650 1595 1706 αὐτῷ.
1653 1651 1699 1693 ἐν
1725 1652 1775 1694 δὲ

326 1721 419 1765 ταῖς
459 1716 637 1771 ἡμέραις
676 1713 852 1763 ἐκείναις
882 1712 993 1768 ἔχων
1030 1712 1186 1769 σχολὴν
1228 1713 1302 1756 καί
1348 1715 1528 1768 α’γωνίαν
1557 1713 1579 1757 ὅ
1609 1717 1775 1772 Μωσῆς

326 1782 429 1835 μετὰ
472 1783 546 1823 τοῦ
589 1781 778 1836 α’δελφοῦ
811 1780 944 1822 αὐτοῦ
972 1781 1237 1834 Μαχουμέτ,
1277 1776 1406 1822 ἔλαθε
1434 1778 1643 1836 φεύγωνό
1676 1783 1773 1834 Τζι-

421 1903 453 1928 2.
478 1890 545 1935 τὴν
572 1890 674 1925 deest
697 1891 731 1926 P.

328 1993 507 2027 Euxinum
532 1993 683 2026 Pontum
707 1991 947 2037 properabat,
985 1991 1209 2037 insequitur3
1235 2003 1386 2038 cumque
1414 1993 1541 2027 ambae
1565 1993 1659 2027 acies
1686 2002 1773 2028 con-

329 2040 542 2080 currissent,
579 2039 690 2072 Mosis
726 2038 851 2083 copiae
886 2038 1001 2072 victae
1041 2039 1087 2071 ad
1132 2038 1346 2072 Mahometis
1379 2045 1499 2085 partes
1532 2041 1772 2082 transierunt,

328 2087 391 2132 qui
419 2097 478 2119 eas
503 2086 680 2119 benevole
709 2084 866 2119 admisit.
914 2085 1032 2118 Moses
1061 2085 1130 2118 hoc
1157 2097 1239 2119 casu
1270 2086 1508 2132 fortunaeque
1530 2087 1772 2120 inconstantia

327 2133 513 2177 perculsus
539 2132 701 2176 aufugit,
728 2132 839 2176 inque
863 2130 1032 2176 paludem
1056 2132 1216 2165 locorum
1239 2133 1382 2177 ignarus
1409 2133 1548 2167 incidit.
1573 2130 1769 2177 fugient'em

327 2179 588 2223 insequebatur
613 2184 650 2212 et
668 2178 820 2222 urgebat
842 2177 989 2223 quidam
1015 2189 1058 2211 ex
1082 2179 1230 2224 satrapis
1256 2180 1319 2225 qui
1333 2179 1528 2213 Mahometi
1552 2179 1770 2221 militabant,

328 2237 436 2270 quem
471 2235 660 2258 conversus
685 2225 804 2258 Moses
843 2224 987 2258 occidit.
1025 2230 1062 2258 at
1095 2231 1258 2270 satrapae
1298 2237 1417 2259 servus
1465 2237 1559 2270 equo
1607 2225 1770 2260 insidens

327 2273 466 2306 Mosem
491 2271 653 2312 invadit,
691 2272 799 2316 eique
825 2270 1011 2305 brachium
1038 2270 1202 2304 dextrum
1226 2272 1271 2304 ab
1297 2271 1446 2306 humero
1473 2272 1646 2306 rescindit
1671 2277 1707 2306 et
1730 2273 1769 2307 in

327 2319 497 2364 paludem
523 2318 671 2351 decutit.
697 2319 811 2352 altero
837 2318 961 2363 itaque
989 2318 1135 2351 brachio
1159 2323 1353 2363 amputato,
1377 2323 1414 2351 et
1438 2320 1610 2362 sanguine
1633 2319 1769 2353 affatim

328 2365 541 2410 profluente,
570 2365 687 2396 animo
715 2365 884 2398 deficiens
899 2375 942 2398 ex
966 2375 1059 2410 equo
1085 2364 1296 2398 devolvitur.
1325 2375 1484 2398 reversus
1504 2371 1666 2410 satrapae
1693 2377 1767 2399 ser-

327 2423 397 2446 vus·
427 2411 473 2443 ad
512 2411 710 2455 principem
749 2411 827 2444 heri
853 2411 908 2444 sui
939 2417 1089 2445 mortem
1122 2411 1292 2452 nuntiat,
1329 2411 1513 2456 Mosisque
1548 2413 1696 2446 vulnus:
1721 2412 1768 2445 ad

327 2457 497 2503 paludem
521 2457 653 2490 deinde
678 2468 757 2490 cum
779 2463 925 2491 ventum
953 2463 1057 2499 esset,
1079 2462 1258 2491 mortuum
1282 2457 1520 2500 offenderunt,
1545 2458 1766 2504 cadaverque

327 2506 366 2538 in
391 2503 607 2541 Mahometis
641 2510 869 2549 conspectum
894 2505 1059 2537 attulere.
1091 2503 1189 2549 quod
1214 2504 1472 2549 contemplatus
1497 2516 1576 2538 cum
1600 2516 1665 2550 pro
1689 2516 1767 2538 mo·-

327 2562 365 2584 re
388 2551 492 2584 istius
528 2550 642 2594 gentis
664 2550 740 2582 sero
767 2556 875 2595 atque
901 2551 1095 2584 inhumano
1123 2551 1274 2584 luxisset
1294 2556 1472 2584 mortuum
1495 2552 1660 2593 fratrem,
1679 2552 1766 2584 Pru-

326 2609 400 2631 sam
438 2597 624 2630 conditum
658 2597 771 2630 mittit
801 2598 840 2630 in
867 2596 1042 2631 maiorum
1074 2597 1440 2641 suorum-sepulchro.
1464 2598 1684 2631 Mahometes
1708 2597 1765 2632 his

325 2654 495 2689 prospere
529 2643 636 2686 gestis
660 2643 795 2686 magnis
822 2644 1014 2677 itineribus
1037 2643 1305 2689 Adrianopolim
1332 2644 1443 2689 petit,
1469 2645 1593 2690 ibique
1615 2650 1765 2689 paterno

326 2691 364 2723 in
389 2691 480 2723 solio
500 2689 683 2722 sedentem
703 2689 870 2722 adierunt
902 2690 1067 2736 quotidie
1095 2701 1258 2734 proceres
1289 2701 1329 2722 ac
1359 2697 1539 2735 magnates
1568 2691 1764 2724 occidentis

326 2738 442 2784 ipsum
466 2737 678 2773 veneraturi.
707 2735 791 2770 dum
815 2742 934 2772 autem
945 2737 1062 2772 Moses
1082 2735 1180 2771 bello
1205 2748 1225 2770 a
1248 2737 1356 2771 fratre
1382 2749 1446 2771 suo
1463 2737 1666 2772 Mahomete
1690 2737 1765 2772 ‹lis-
