1916 3210
299 148 416 216 434
776 167 957 211 DUCAE
997 167 1251 210 msToluA

296 283 419 317 namo
442 270 568 312 ormai
608 272 673 312 col
711 281 894 309 sermone
929 273 1072 306 nostro
1102 267 1171 310 ale,
1189 282 1282 308 cose
1318 267 1368 308 de
1396 269 1560 317 Moru,
1590 269 1633 310 in
1656 268 1742 311 dib

296 324 422 367 modo
448 325 551 366 have
571 327 615 372 ‚lo
647 325 868 379 principato
897 329 1094 374 patern0‚
1128 329 1166 362 et
1190 323 1336 376 perche
1355 323 1383 362 li
1413 323 1590 377 pensieri
1623 323 1742 365 dela·

301 379 554 432 imper-adore
589 379 629 420 di
667 379 786 419 Greci
815 390 897 415 non
924 383 1150 430 possetteno
1171 378 1316 418 sortire
1339 378 1377 417 el
1401 392 1476 418 suo
1497 377 1641 423 effecto
1654 385 1743 428 ret,

284 447 411 484 'come
450 434 487 474 el
529 436 669 474 Zonait
710 430 925 472 abandonb
965 430 1002 471 el
1051 445 1125 472 suo
1153 431 1277 473 'duca
1317 433 1520 481 Mustafa‚
1570 439 1611 474 et
1654 440 1746 474 oon-L

297 502 364 528 me
390 489 564 529 Mustafa
607 489 646 527 fo
689 491 855 527 morto:
887 486 1020 526 Morat
1055 486 1293 527 demorante
1330 487 1372 526 in
1408 486 1578 538 Barsia,
1611 501 1733 529 come

298 542 350 582 de
378 557 495 596 sopra
525 543 562 582 la
593 542 768 596 hystoria
789 540 839 579 ha
861 539 1131 593 demostrato,
1160 548 1201 581 et
1218 541 1420 582 visitando
1442 541 1578 596 quello
1605 556 1732 595 gran-

297 597 348 636 de
376 597 632 641 multitudine
662 596 711 635 de
737 596 799 634 soi
825 594 975 634 subditi
1013 610 1089 635 con
1135 596 1251 649 degni
1279 596 1408 648 doni,
1437 611 1460 636 a
1489 596 1547 637 lui
1575 596 1747 651 gratias

298 653 474 692 candose
503 650 609 691 della
641 665 712 692 sua
744 651 978 690 ascensione
1005 650 1042 689 al
1071 651 1219 690 ducato
1253 658 1454 704 paterno,
1484 665 1584 692 ecco
1612 649 1733 693 v'enir

297 708 428 745 nuntii
459 706 508 745 da
541 708 763 757 Lampsaco
782 733 794 754 ‚
823 704 852 743 li
882 704 994 757 quali
1030 719 1264 758 percosseno
1295 706 1332 746 la
1360 708 1492 746 anima
1512 705 1564 746 de
1591 707 1733 755 Morat

299 766 340 799 et
367 760 418 799 de
446 760 540 801 tutti
562 759 591 798 li
606 759 670 813 soi
684 759 854 813 satrapi,
884 760 1086 798 nuntianti
1106 758 1231 799 haver
1258 761 1406 801 vedute
1432 761 1556 800 molte
1585 761 1736 815 galiea

223 816 285 860 143
299 813 476 867 Galipoli
495 843 506 865 ‚
528 821 568 856 et
596 813 719 853 aldite
762 828 862 853 voce
894 820 935 853 et
963 815 1218 857 instrumenti
1243 814 1391 863 bellici,
1419 815 1448 856 li
1475 814 1587 869 quali
1610 815 1733 870 signi·

297 869 476 908 ficavano
516 868 544 908 li
581 869 730 908 inimici
760 883 870 908 esser
895 870 1034 908 venuti
1073 868 1152 908 allo
1178 870 1335 909 assedio
1364 871 1414 910 de
1440 869 1628 924 Galipoli.
1680 871 1732 909 Li

296 923 465 976 principi
494 923 545 962 de
574 924 715 963 Morat
744 923 898 978 grande
925 923 1073 963 invidia
1101 931 1140 963 et
1159 924 1283 964 hodio
1310 926 1439 964 antico
1466 924 1734 965 nuti-icavano
1760 950 1762 952 -

296 983 443 1017 contro
478 978 657 1017 Paiasith
685 992 760 1032 per
785 993 891 1018 esser
918 978 990 1030 pia
1031 978 1246 1019 excellente
1273 986 1313 1018 et
1340 980 1410 1032 pih
1434 979 1630 1019 honorato
1657 979 1734 1019 che

296 1029 444 1071 alcuno
476 1033 614 1083 altr03
649 1040 689 1072 et
718 1047 788 1085 per
812 1032 851 1072 la
878 1033 1029 1086 grande
1057 1033 1259 1074 auctorita
1283 1033 1357 1073 che
1387 1034 1414 1073 li
1442 1047 1510 1073 era
1534 1040 1637 1074 stata
1656 1039 1732 1075 ‘at-

239 1089 242 1093 ’
295 1087 477 1134 tribuita‚
511 1102 581 1126 era
608 1086 822 1127 deventato
849 1087 978 1127 molto
1003 1088 1178 1141 superbo
1205 1095 1246 1128 et
1276 1088 1439 1130 audace.
1467 1087 1594 1129 havea
1623 1088 1664 1128 in
1688 1087 1732 1139 le

295 1155 367 1180 sue
395 1154 513 1181 mane
553 1141 589 1180 le
617 1141 768 1195 breglie
804 1142 877 1182 del
909 1143 1162 1195 principato,
1201 1143 1367 1183 essendo
1393 1144 1526 1182 Morat
1556 1143 1732 1183 anchora

292 1209 461 1241 ,zovanffi
517 1196 564 1235 Li
593 1196 737 1235 baroni
766 1197 981 1250 adunque,
1012 1204 1174 1250 captato
1205 1197 1242 1236 el
1262 1204 1396 1251 tempo
1426 1198 1600 1238 eomodo
1620 1197 1733 1239 et.-lu

293 1264 446 1290 caxone
493 1253 761 1290 conveniente
790 1252 838 1290 ad
865 1251 1093 1291 allontanar
1130 1251 1180 1291 da
1209 1251 1239 1291 li
1270 1253 1327 1291 soi
1358 1252 1471 1292 ocehi
1499 1259 1640 1306 questo
1665 1265 1755 1292 sur

322 1306 418 1344 erbo
459 1312 498 1345 et
530 1305 729 1345 insolente
755 1305 949 1357 Paiasith,
984 1306 1034 1344 ad
1071 1308 1213 1346 Morat
1254 1306 1338 1346 cosi
1380 1307 1583 1360 pai-lando
1611 1306 1730 1346 disse.

292 1318 398 1399 Ksedi
427 1359 524 1410 ben,
553 1361 731 1412 signore,
773 1360 846 1399 che
875 1375 970 1399 cura
1009 1367 1048 1399 et
1082 1360 1157 1400 che
1184 1375 1369 1415 governo
1411 1361 1466 1400 ha
1504 1360 1573 1401 del
1608 1362 1731 1415 prin->

292 1413 428 1467 cipato
456 1412 493 1452 el
521 1421 591 1452 tuo
619 1415 773 1467 grande
812 1415 923 1454 visiri
957 1415 1151 1458 Paiasith.
1221 1416 1278 1454 Le
1316 1423 1426 1468 parte
1462 1415 1513 1455 de
1548 1415 1588 1455 la
1615 1413 1736 1464 Disi,‘

293 1468 370 1506 che
409 1469 435 1508 li
473 1469 592 1508 Greci
637 1469 848 1508 chiamano
887 1471 1113 1518 Romania,
1153 1484 1253 1509 sono
1290 1484 1413 1523 perse.
1476 1470 1535 1509 La
1577 1484 1733 1510 corona

292 1522 400 1561 della
438 1529 506 1562 tua
549 1525 719 1577 signoria
761 1524 896 1563 hanno
934 1538 1059 1563 messa
1098 1525 1139 1563 in
1195 1539 1294 1578 capo
1335 1525 1386 1564 de
1427 1524 1653 1576 Mustafas,
1695 1524 1733 1564 el

295 1577 417 1630 quale
457 1578 497 1616 in
527 1579 662 1630 pocho
693 1584 827 1631 tempo
853 1579 939 1618 sera
970 1581 1110 1632 signor
1141 1578 1190 1618 de
1223 1581 1316 1619 tutti
1346 1579 1375 1617 li
1401 1579 1555 1619 thesori
1587 1586 1628 1619 et
1653 1593 1735 1633 ,po—

291 1633 419 1671 tentie
456 1632 506 1671 de
532 1633 693 1676 Tratia.
721 1633 859 1687 Dapoi
892 1647 934 1672 se
971 1633 1107 1674 levat-a
1143 1640 1183 1672 et
1223 1634 1371 1674 venera
1398 1640 1540 1673 contra
1571 1633 1622 1673 de
1646 1634 1731 1677 noi.
1796 1648 1799 1653 ·

291 1686 500 1725 Comanda
540 1687 751 1742 adunque,
796 1688 983 1741 signore,
1023 1703 1047 1727 a
1090 1688 1272 1728 Paiasith
1320 1688 1395 1728 che
1436 1702 1514 1730 con
1555 1686 1594 1727 le
1627 1689 1733 1729 zenti

291 1741 342 1779 de
370 1755 502 1791 arme,
537 1741 611 1781 che
656 1745 688 1782 si
730 1749 868 1789 trove,
911 1744 1047 1783 subito
1091 1742 1208 1782 debia
1245 1757 1383 1797 passer
1418 1742 1462 1782 lu
1502 1747 1650 1783 strecto
1678 1742 1734 1784 de

290 1795 578 1848 Hellesponto,
620 1803 663 1836 et
701 1797 805 1838 vada
843 1804 988 1837 contra
1029 1798 1230 1847 Mustafa‚
1268 1797 1404 1836 avanti
1429 1797 1503 1837 che
1531 1798 1588 1836 lui
1615 1810 1735 1850 passe

289 1850 342 1888 dc
384 1851 462 1904 qua
490 1850 556 1889 dal
586 1853 746 1900 canale,
779 1858 819 1891 et
844 1852 982 1891 avanti
1010 1851 1085 1892 che
1114 1867 1157 1892 se
1184 1853 1321 1891 unisca
1363 1866 1441 1891 con
1478 1851 1517 1891 le
1550 1852 1734 1905 potentie

289 1903 396 1943 della
413 1907 583 1954 Grecia,
613 1907 766 1959 perche
790 1908 936 1947 nisuno
962 1906 1002 1946 di
1032 1907 1157 1948 vostri
1185 1907 1374 1960 capitanii
1402 1907 1424 1946 e
1449 1913 1547 1959 apto
1575 1919 1600 1946 a
1631 1920 1732 1946 con-

289 1965 462 2000 trastare
489 1967 527 2000 et
566 1961 813 2002 combattere
855 1975 969 2001 come
997 1962 1033 2000 el
1060 1962 1264 2011 Paiasith',
1299 1969 1339 2002 et
1385 1961 1532 2015 perche
1567 1960 1608 2000 le
1634 1974 1733 2004 zen-

214 2014 276 2059 344
291 2020 329 2053 te
371 2021 410 2054 et
446 2014 475 2053 li
517 2014 668 2069 signori
712 2017 763 2056 de
810 2017 962 2056 Traeia
1005 2017 1101 2057 tutti
1142 2017 1302 2056 honora
1351 2022 1392 2056 et
1433 2015 1632 2056 reverisce
1673 2014 1734 2056 lui

288 2083 404 2108 come
437 2071 611 2123 propr-io
648 2071 784 2124 signor
824 2078 862 2110 et
898 2078 1087 2124 prestano
1125 2087 1149 2111 a
1187 2072 1246 2111 lui
1284 2071 1434 2125 grande
1460 2070 1734 2113 obhedientia-

287 2124 470 2165 Paiasith
513 2133 744 2165 veramente
770 2126 973 2167 habiando
1010 2127 1136 2166 inteso
1177 2126 1214 2165 el
1247 2140 1407 2166 sermon
1448 2125 1497 2165 e’l
1535 2138 1731 2164 consenso

290 2178 384 2217 delli
413 2179 622 2233 principi,
653 2195 768 2220 senza
806 2181 962 2219 dimon-a
999 2195 1075 2220 con
1115 2181 1237 2235 quelli
1277 2181 1353 2221 che
1392 2179 1427 2220 si
1468 2186 1729 2225 trovavano,

288 2233 367 2272 che
392 2233 513 2272 soron
543 2231 661 2288 pochi
677 2265 690 2285 ,
721 2235 838 2288 passo
865 2235 902 2274 el
929 2235 1092 2287 canale3
1121 2243 1162 2275 et
1190 2236 1239 2275 de
1267 2235 1298 2275 li
1325 2234 1438 2275 indol
1471 2234 1584 2278 zorni
1612 2246 1732 2272 zonze

290 2287 331 2325 in
377 2288 667 2341 Andrinopoli.
733 2291 789 2330 Et
815 2297 1063 2344 congregato
1109 2291 1259 2344 grande
1296 2289 1470 2329 exercito
1494 2317 1506 2339 ‚
1547 2287 1729 2327 convoco

288 2341 386 2380 tutti
422 2342 448 2380 li
477 2339 652 2398 principi
681 2344 788 2384 della
819 2345 1040 2395 Romania,
1080 2343 1110 2383 li
1140 2344 1248 2398 quali
1269 2342 1548 2397 persuadendo
1574 2341 1728 2381 inclino

288 2397 339 2434 ad
378 2396 570 2436 ohservar
613 2399 868 2439 obhedientia
907 2407 947 2439 et
975 2400 1065 2439 fede
1088 2399 1138 2438 ad
1167 2401 1303 2440 Morat
1336 2413 1450 2438 come
1478 2411 1502 2436 a
1526 2411 1599 2436 suo
1628 2410 1729 2437 vero

288 2450 450 2503 signore
476 2460 619 2494 contra
646 2455 682 2493 el
712 2469 784 2494 suo
813 2456 987 2495 nemico.
1046 2455 1164 2507 Depo
1196 2460 1342 2507 questo
1371 2451 1471 2492 usse}
1500 2451 1551 2491 de
1570 2451 1729 2491 Andri-

289 2505 428 2557 nopoli
448 2535 460 2556 ‚
492 2514 533 2545 et
559 2522 687 2547 mosse
715 2508 750 2548 el
779 2524 854 2549 suo
888 2509 1062 2555 exercito
1090 2523 1205 2548 verso
1226 2508 1479 2548 Chieroniso.
1507 2513 1547 2546 et
1573 2505 1731 2545 andan-

288 2560 343 2598 do
375 2574 468 2599 ccco
513 2562 590 2601 che
629 2570 796 2602 tornare
825 2564 959 2607 alcuni
997 2563 1231 2612 coi-redori,
1261 2562 1289 2602 li
1317 2561 1428 2616 quali
1458 2561 1584 2599 havea
1610 2573 1730 2599 man-

289 2614 387 2654 dato
430 2618 598 2667 avanti3
632 2617 660 2657 li
709 2617 818 2670 quali
858 2618 1103 2658 nuntiarono
1142 2633 1166 2656 a
1194 2617 1375 2658 Paiasith
1416 2629 1529 2656 corne
1555 2615 1729 2655 Mustafa

289 2683 359 2708 era
408 2673 561 2722 partito
603 2671 655 2710 da
694 2673 952 2727 Peloponeso
993 2681 1032 2712 et
1073 2674 1118 2712 za
1144 2671 1275 2712 havea
1316 2678 1477 2725 passato
1506 2668 1544 2710 la
1572 2668 1730 2719 grando

285 2724 382 2766 villa
410 2727 624 2770 nominata
647 2727 768 2768 Caria
785 2757 797 2781 ,
827 2735 1070 2772 novamente
1091 2727 1251 2770 condita
1278 2727 1328 2768 de
1348 2725 1514 2771 Tui-chi.
1570 2724 1624 2767 Et
1653 2723 1733 2766 ha·-
