1916 3210
350 178 463 253 370
804 188 985 232 110οΑ11
1030 182 1288 228 Hls'romA

349 308 539 352 persona.
608 292 838 333 Francesco
879 287 1119 337 cathamo,
1158 299 1233 340 per
1260 295 1463 324 assecurar
1494 277 1781 334 l'imperadmf,

345 350 490 391 monto
520 362 595 389 con
642 347 700 387 lui
727 349 767 386 in
795 358 875 383 una
910 350 1056 392 torre3
1098 348 1140 382 et
1166 354 1243 380 con
1269 338 1384 379 molti
1412 336 1570 378 strenui
1596 336 1779 381 etmalo-

345 407 428 446 rosi
459 404 616 444 homini
657 400 798 440 armati
827 396 1086 438 discorrendo
1126 410 1199 450 per
1228 396 1264 435 le
1287 408 1403 434 mura
1427 393 1532 432 della
1559 398 1699 443 terra,
1725 391 1780 437 ad

346 461 428 501 alta
455 473 558 499 voce
603 455 825 496 cridando:
869 452 968 506 pola
999 459 1040 491 ta
1071 452 1126 492 eti
1152 466 1175 490 a
1201 451 1358 489 Zuanni
1391 448 1606 501 Paleologo
1634 446 1781 488 nosh'o

346 514 621 568 imperadore.
687 511 743 549 Ζὲ
784 511 1017 547 cominzava
1056 506 1108 545 ad
1133 506 1298 560 apparit·
1325 504 1518 554 ramora,
1545 503 1598 543 e’l
1625 503 1782 556 populo

346 569 540 610 sentendo
575 568 612 605 la
655 577 753 604 voce
798 564 958 602 con-iva
994 563 1033 601 al
1061 562 1150 600 loco
1192 560 1295 600 dove
1326 559 1356 599 li
1395 559 1538 599 cavalli
1579 571 1778 607 corrono,

346 624 545 664 chiam-ato
586 619 847 674 Ipodromon.
912 616 1070 656 Zuanni
1102 614 1393 664 Cathacusino,
1435 614 1473 654 el
1506 613 1626 668 quale
1650 612 1782 654 anche

343 679 404 719 lui
432 679 575 718 veniva
601 674 799 714 chiamato
826 672 1071 726 imperador,
1106 670 1352 711 intend-ando
1380 671 1420 709 la
1447 674 1600 709 venata
1627 667 1781 708 de'suo

345 746 500 782 zenero,
534 737 572 770 et
592 730 665 769 che
688 729 779 767 dala
804 727 883 767 0113
911 729 1056 767 veniva
1084 726 1285 766 chiamato
1309 725 1585 779 imperadore‚
1610 722 1781 764 ,subbito

345 788 430 827 use}
449 787 514 825 del
527 786 666 838 palazo
683 791 722 823 et
746 783 855 823 ando
874 783 912 821 al
931 781 1174 821 monastiero
1191 781 1256 822 del
1270 781 1518 833 Pervilepto,
1537 785 1578 818 et
1598 777 1641 819 in
1662 791 1782 818 man..

343 848 508 881 tenente
533 836 573 879 se
600 840 684 878 feze
705 839 789 879 fare
814 839 852 878 la
883 851 1030 877 corona
1052 837 1245 887 clericale,
1272 835 1508 876 vestendose
1525 840 1638 874 veste
1655 842 1782 886 negre

342 896 561 936 monacale.
593 894 788 934 Vedendo
804 893 995 947 adunque
1010 891 1405 943 ZuannePaleologo
1423 890 1496 929 che
1520 895 1625 928 tutta
1643 888 1680 928 la
1703 887 1782 929 eit&

344 950 523 1004 pendiva
553 950 703 1004 grande
719 950 896 1002 alegreza
921 955 960 987 et
986 955 1174 987 contento
1206 946 1311 986 della
1335 959 1406 985 sua
1431 950 1598 996 venum,
1620 943 1783 985 descese

327 1004 450 1055 *della
468 1012 606 1055 torre3
627 1011 668 1043 et
695 1011 983 1057 acompagnato
1004 1003 1054 1041 da
1074 1003 1302 1041 Francesco
1329 999 1566 1049 cathamo,
1584 1011 1658 1039 suo
1687 999 1784 1042 caro

344 1074 587 1113 compagno,
610 1066 651 1098 et
674 1059 726 1097 da
756 1059 876 1098 molti
905 1059 1080 1097 zenerosi
1103 1057 1258 1097 homini
1286 1056 1407 1095 Greci
1425 1062 1465 1094 et
1481 1053 1615 1094 Latini
1633 1059 1717 1105 „et
1742 1052 1785 1092 la

290 1127 332 1170 43
346 1110 547 1169 popdlare
575 1114 831 1153 moltitudine
872 1114 1004 1153 drieto
1033 1113 1100 1152 alli
1129 1113 1262 1152 ordini
1290 1111 1331 1151 di
1360 1109 1487 1149 nobili
1516 1108 1785 1163 subsequente

345 1184 422 1209 con
453 1169 607 1223 grande
644 1170 771 1222 gloria
803 1170 946 1208 veniva
991 1181 1108 1207 verso
1141 1168 1179 1207 el
1217 1168 1360 1221 palazo
1383 1163 1605 1219 imperiale.
1659 1162 1784 1205 Alora

344 1225 383 1264 la
403 1224 659 1277 imperatrice
682 1223 957 1263 descendendo
978 1223 1043 1261 dal
1060 1223 1200 1276 palazo
1217 1235 1348 1262 venne
1364 1223 1548 1260 incontra
1564 1219 1628 1260 alo
1654 1219 1786 1271 impe-

343 1279 466 1318 rador
495 1293 574 1318 con
591 1279 832 1318 Andronico
863 1292 936 1317 suo
968 1278 1125 1330 piccolo
1153 1277 1277 1327 fiolo3
1308 1283 1347 1316 et
1375 1275 1484 1315 l'una
1515 1274 1650 1315 l'altro
1675 1275 1784 1314 salu-

344 1333 506 1373 tandosi
534 1334 656 1386 alegri
687 1331 726 1372 et
755 1335 934 1372 contenti
956 1334 1164 1371 intrat-ono
1192 1332 1259 1372 nel
1284 1331 1434 1385 grande
1461 1330 1616 1383 palazo.
1649 1330 1787 1371 Znan-

344 1390 388 1427 ni
429 1388 701 1427 Cathacusino
721 1415 735 1437 .,
778 1389 815 1427 el
842 1388 981 1441 quale,
1027 1386 1166 1426 come’l
1193 1400 1354 1426 sermon
1393 1392 1533 1424 nostro
1561 1385 1615 1424 113
1643 1384 1786 1425 demo·

343 1449 489 1491 strato,
517 1457 584 1482 era
626 1442 778 1482 intrato
816 1443 880 1481 nel
922 1442 1163 1481 monasterio
1200 1448 1240 1480 et
1268 1442 1454 1480 vestitose
1479 1440 1525 1479 lu
1551 1439 1691 1480 habito
1716 1455 1786 1481 ca·-

346 1497 574 1548 loiericole,
616 1497 766 1538 nuntii>
804 1496 1085 1550 al’imperador
1124 1509 1199 1535 suo
1228 1509 1404 1546 zenero,
1451 1494 1527 1534 che
1555 1508 1731 1548 conpace
1762 1510 1788 1536 a

347 1566 420 1591 sua
449 1552 553 1591 bona
583 1552 740 1591 licentia
771 1565 961 1591 concesso
990 1552 1020 1590 li
1057 1551 1161 1590 fosse
1182 1551 1289 1589 uscir
1316 1550 1405 1589 dela
1429 1549 1509 1589 cite
1539 1556 1580 1588 et
1605 1550 1732 1590 andat-
1761 1565 1786 1590 a

345 1608 490 1646 Monte
523 1608 670 1646 Sancto
697 1621 724 1645 3.
748 1607 931 1659 compire
955 1606 998 1645 in
1039 1618 1121 1644 uno
1150 1605 1201 1644 de
1231 1605 1355 1659 quelli
1387 1605 1616 1644 monasterii
1642 1606 1680 1645 el
1715 1619 1786 1646 re-

349 1668 412 1700 sto
436 1661 487 1699 de
529 1662 640 1701 viver
685 1661 760 1701 che
801 1662 831 1700 li
857 1674 1069 1700 avanzava.
1142 1660 1201 1699 La
1231 1660 1326 1713 qual
1358 1658 1546 1699 dimanda
1576 1672 1651 1698 con
1679 1659 1786 1700 hona

346 1716 567 1755 voluutade
595 1731 619 1755 a
647 1716 705 1755 lui
731 1729 915 1755 concessa
935 1744 946 1765 ‚
976 1729 1018 1754 se
1041 1729 1092 1754 ne
1120 1713 1229 1754 andb
1262 1729 1286 1753 a
1313 1716 1454 1753 Monte
1481 1715 1649 1763 Sancto,
1682 1715 1788 1755 dove

349 1771 526 1809 caloiero
552 1771 665 1810 molti
685 1772 780 1810 anni
807 1770 980 1810 vivendo
997 1771 1125 1823 polin
1149 1783 1249 1823 pace
1275 1768 1396 1808 mox-¹1.
1427 1769 1546 1808 Circa
1571 1769 1667 1822 quel
1683 1777 1788 1809 tem-

350 1839 406 1878 po
437 1825 603 1864 Orchan
632 1826 703 1864 fin]
734 1826 773 1864 la
804 1839 875 1864 sua
904 1826 1007 1875 vita,
1037 1824 1222 1864 lassando
1252 1825 1288 1863 el
1316 1824 1463 1863 ducato
1491 1824 1530 1863 31
1556 1837 1630 1862 suo
1660 1824 1788 1877 figliol

350 1878 557 1921 Moratho.
632 1880 900 1921 Trovandose
937 1879 1195 1932 l'irnperador
1234 1880 1397 1918 Zoanne
1431 1880 1473 1917 in
1505 1879 1541 1918 la
1570 1893 1642 1918 sua
1671 1880 1788 1919 virile

351 1934 489 1984 etade,
533 1935 562 1973 li
602 1949 724 1974 erano
753 1936 837 1975 nati
862 1935 930 1973 doi
970 1935 1061 1973 altri
1090 1934 1227 1988 figlioli
1262 1934 1366 1987 dapo
1395 1933 1635 1973 Andronico
1653 1961 1665 1981 ‚
1696 1935 1788 1974 Ma-

351 1990 471 2028 nuele
512 1996 551 2028 et
578 1990 812 2030 Theodoro.
878 1991 947 2028 Ma
975 1989 1213 2029 Andronico
1258 1989 1309 2028 de
1345 1989 1453 2033 for-ze
1489 2003 1512 2027 e
1540 1989 1710 2029 bellezze
1737 1989 1788 2028 de

353 2057 480 2096 corpo
518 2059 719 2084 avanzava
758 2046 856 2084 tutti
886 2045 914 2083 li
956 2045 1051 2083 altri
1085 2044 1135 2083 de
1161 2058 1233 2083 sua
1259 2043 1398 2084 etade„
1445 2043 1632 2082 Mor-atho
1656 2044 1786 2083 havea

355 2099 482 2137 anche
509 2100 564 2138 lui
597 2101 639 2138 in
686 2099 781 2153 quel
814 2107 951 2152 tempo
993 2106 1056 2138 tre
1088 2099 1255 2152 figlioli‚
1287 2099 1484 2148 Sanutio,
1512 2099 1788 2139 Condusioret

355 2154 552 2192 Paiasith.
613 2155 814 2194 Condusio
843 2169 910 2194 era
939 2161 1130 2193 coetaneo
1160 2154 1210 2193 de
1237 2153 1507 2204 Andronic03
1535 2155 1550 2192 i
1578 2153 1691 2208 quali
1719 2167 1789 2193 co-

355 2222 419 2246 me
447 2212 663 2262 compagni
693 2217 735 2249 et
776 2211 936 2262 parenti
970 2222 1272 2248 convers-avano
1303 2209 1464 2249 inseme.
1528 2207 1581 2247 Et
1605 2207 1787 2248 zocando

358 2276 439 2301 uno
465 2278 592 2302 zorno
628 2279 703 2318 par
736 2265 811 2304 che
854 2263 1006 2303 sussino
1053 2264 1173 2302 aldite
1214 2263 1264 2302 de
1293 2263 1356 2302 lor
1393 2262 1514 2301 bocca
1542 2264 1684 2315 parole
1713 2263 1787 2302 che

356 2331 563 2357 sonavano
592 2315 704 2358 come
733 2320 797 2359 elli
830 2321 1024 2358 volevano
1052 2332 1233 2358 amazare
1258 2318 1285 2356 li
1315 2318 1374 2356 soi
1402 2318 1588 2371 genitori,
1624 2318 1789 2357 Andro-

298 2373 446 2420 44nico
475 2374 641 2414 Zuanne
673 2380 714 2413 et
728 2375 928 2414 Condusio
958 2376 1130 2423 Moram,
1159 2380 1200 2412 et
1225 2371 1333 2412 l'uno
1362 2372 1467 2411 farse
1507 2372 1611 2411 duca
1636 2380 1675 2412 et
1702 2372 1787 2412 l’al-

356 2433 421 2465 ‘tro
450 2428 723 2480 imperadore,
766 2437 805 2468 et
846 2437 914 2472 tra
953 2429 1038 2467 loro
1077 2441 1236 2467 zurarse
1265 2427 1527 2466 fraternitade
1553 2429 1594 2466 in
1622 2435 1726 2466 tutta
1748 2429 1786 2467 la

357 2495 428 2520 sua
459 2483 554 2521 vita.
611 2485 760 2535 Queste
786 2499 876 2523 cose
904 2484 1107 2522 habiando
1135 2485 1261 2523 inteso
1291 2484 1466 2529 Murato,
1499 2488 1540 2521 et
1571 2483 1786 2536 inquiren-

357 2536 409 2573 do
440 2536 475 2573 13
504 2538 631 2576 verite
660 2539 885 2579 sotilmente
914 2539 1035 2578 trovb
1068 2552 1173 2578 esser
1199 2550 1325 2586 verer,
1357 2537 1462 2576 onde
1490 2537 1578 2576 fece
1607 2551 1726 2575 cavaz-
1756 2537 1786 2576 li

359 2590 473 2628 occhi
515 2591 552 2629 al
581 2607 654 2631 suo
695 2594 819 2647 figliol
865 2594 1080 2633 Condusio.
1148 2593 1201 2631 Et
1227 2591 1390 2631 subbito
1430 2592 1498 2644 poi
1525 2591 1676 2643 scripse
1705 2606 1786 2632 una

359 2645 502 2683 lettera
530 2661 552 2684 a
581 2647 738 2687 Zuanni
771 2650 1045 2702 imper-adore,
1075 2648 1318 2687 notificando
1339 2646 1368 2686 li
1396 2646 1470 2686 che
1497 2646 1786 2685 havea-cecato

359 2699 588 2750 Conclusio,
634 2710 672 2740 ct
715 2704 751 2741 la
791 2718 935 2742 cazone
959 2703 1063 2743 della
1100 2703 1222 2742 cecina
1239 2732 1250 2751 ,
1278 2708 1319 2741 et
1345 2701 1383 2740 la
1412 2701 1686 2740 coniuratione
1712 2701 1788 2741 che

358 2754 616 2796 facta1havea
644 2758 706 2797 coi
743 2772 815 2797 suo
855 2758 1005 2812 figliolo
1046 2757 1316 2807 Andronico,
1355 2761 1399 2796 ct
1426 2755 1499 2795 che
1534 2770 1576 2795 se
1619 2755 1677 2794 lui
1704 2770 1782 2794 non
