1890 3204
485 185 561 226 An
602 183 721 228 clu».
761 185 979 227 xxxvnr.
1016 183 1219 227 NOTAE.
1485 169 1553 225 δι
1568 189 1599 245 7

143 289 356 340 redderet,
395 287 630 342 Hungeriae
667 295 803 342 partes
830 288 1046 329 inferiores
1067 288 1242 330 tuendas
1270 287 1480 329 Corvinus
1512 304 1605 330 sus·

142 346 263 400 oepit.
288 357 463 398 >perque
497 343 665 383 multos·
687 343 775 384 dies
816 344 860 384 in
888 346 998 399 regia
1023 344 1117 384 aula
1146 351 1336 385 versatus
1359 375 1371 394 ‚
1402 353 1441 385 et
1467 360 1604 386 secum

143 399 335 443 omnibus
364 398 547 453 consiliis
571 399 883 439 communicatis
901 429 914 451 ,
944 415 967 439 a
992 399 1183 441 Ladislao
1209 400 1436 441 honorifice
1460 401 1605 441 dimit-

142 456 261 497 titur.
288 456 362 497 sed
392 454 447 496 de
474 467 578 510 paee
605 454 711 495 inter
739 454 1012 496 Mehemetem
1039 463 1080 496 et
1111 456 1342 496 Corvinum
1374 456 1474 496 inita
1490 486 1501 503 ‚
1533 464 1606 497 aut

145 511 200 553 de
225 512 335 567 pacis
367 509 460 551 illus
486 509 761 551 instrumento
789 511 945 565 scripto
975 510 1139 552 reddito
1155 540 1168 562 ,
1198 513 1404 567 missoque
1433 512 1483 551 ad
1514 514 1605 552 Me..

140 567 346 608 hemetem
361 567 526 617 nuntio,
545 564 703 605 nullum
727 566 904 606 verbum
925 566 1100 608 historia
1122 567 1358 622 Hungarica
1375 568 1482 607 facit.
1522 570 1604 607 imo

142 622 220 664 ubi
244 621 458 663 Ladislam
484 621 600 676 regni
629 622 1030 662 administrationem
1058 624 1252 677 suscepit,
1285 620 1481 664 adversus
1495 623 1608 662 Tur-

142 690 214 720 cos
250 677 438 718 Iohanne
471 675 713 731 capistrano
756 676 1021 719 adhortatore
1062 678 1271 720 Corvinus
1298 679 1435 720 statim
1464 694 1509 720 se
1537 693 1608 718 ac-

148 732 308 775 cinxit.-
1320 760 1322 762 -

256 787 308 830 P.
337 786 433 843 274,
471 785 536 829 ¹8.
613 781 679 828 ὅτι
707 787 755 828 δὲ
782 783 891 840 μετὰ
920 784 994 842 τὴν
1017 789 1163 842 τρίτην
1187 780 1338 843 ἧτταν]
1395 782 1514 842 Quae
1541 804 1609 830 ac·

143 843 243 886 cidit
269 856 381 884 anno
414 842 518 896 1448
545 843 598 884 ad
630 844 863 883 Cossovum
891 858 1109 898 eampum,
1135 859 1210 885 seu
1240 845 1442 886 Merulae.

254 900 308 940 P.
341 898 437 954 275,
467 914 509 954 9.
563 900 641 940 τοῦ
665 896 789 950 ἁγίου
813 894 1053 952 Ῥωμαίων]
1112 901 1156 941 S.
1174 901 1352 940 Romani
1387 909 1506 955 porta
1538 902 1611 940 lno-

147 953 218 996 die
243 962 420 996 vocatur
445 969 469 994 a
496 955 646 995 Turcis
690 955 948 1011 Top-capi‚
988 955 1029 995 id
1059 963 1118 996 est
1145 963 1453 996 tormentorum
1493 956 1614 997 belli-

142 1023 294 1052 eorum
337 1024 412 1052 seu
451 1010 771 1050 bombardarum
798 1016 920 1065 porta
938 1040 951 1060 ‚
980 1025 1030 1051 eo
1061 1012 1175 1065 quod
1203 1011 1410 1052 machinas
1439 1012 1529 1053 illas
1560 1013 1610 1052 ad

146 1065 462 1121 expugnandam
498 1067 644 1107 urbem
684 1073 831 1106 contra
860 1067 982 1105 istam
1011 1074 1178 1121 portam
1206 1068 1422 1121 praecipue
1451 1069 1611 1108 direxe-

144 1123 204 1163 rit
230 1121 491 1162 Mehenmtes.
519 1129 599 1162 stat
618 1127 758 1163 autem
784 1124 871 1176 ipsa
902 1123 1008 1161 inter
1022 1122 1434 1177 Adrianopolitanarn
1465 1125 1612 1164 etNo-

142 1191 238 1218 vam
265 1177 416 1217 'rumis
447 1178 555 1218 Geni
564 1179 701 1233 ·capi'
721 1179 985 1232 appellatam.

256 1233 311 1277 P.
339 1234 440 1288 275,
468 1246 537 1286 αι,
595 1232 642 1274 ἐν
679 1231 731 1287 τῇ
757 1231 958 1286 βασιλικῇ
989 1231 1130 1289 πύλῃ]
1200 1234 1311 1276 Haec
1335 1242 1459 1289 porta
1486 1236 1613 1290 Regia

142 1288 393 1339 Leunclavio
424 1288 567 1329 eadem
599 1294 662 1328 est
699 1302 792 1328 cum
824 1288 1018 1328 Pulchra.

256 1345 310 1390 Ρ.
337 1343 443 1398 276,
476 1344 519 1396 4.
572 1338 842 1395 ἐκδεχόμενος
877 1340 955 1395 τῆν
991 1338 1135 1396 ὥραν]
1211 1339 1305 1386 Huc
1347 1345 1487 1384 referri
1537 1344 1613 1384 de-

143 1399 271 1450 beat,
313 1413 422 1455 quae
461 1400 502 1439 in
540 1399 764 1454 Legatione
803 1399 1019 1453 Cpolitana
1052 1400 1295 1455 Luitprandi
1329 1402 1614 1441 Cremonensis

145 1455 327 1509 episcopi
354 1453 574 1511 leguntur3
614 1469 739 1509 quam
778 1455 865 1510 ipse
889 1469 1000 1494 anno
1028 1454 1111 1509 968
1140 1457 1244 1496 obiit
1272 1470 1350 1510 pro
1379 1456 1614 1497 othonibus

144 1511 342 1565 Augustis
386 1518 429 1551 et
478 1510 706 1551 Adelheida
739 1509 791 1550 ad
829 1510 1108 1564 Nicephorum
1146 1511 1343 1553 Phocam.
1374 1514 1460 1551 eius
1490 1512 1613 1550 verba

146 1567 245 1607 talia
269 1573 379 1607 sunt.
410 1567 496 1607 Sed
518 1580 590 1606 cur
613 1566 836 1606 exercitum
865 1580 948 1606 non
974 1567 1019 1606 in
1045 1566 1235 1620 Assyrios
1261 1568 1458 1616 diczent,
1485 1581 1612 1622 qnae-

144 1635 189 1663 so
212 1621 425 1667 adm-tice.
453 1623 605 1663 habent
642 1620 793 1661 Graeci
827 1631 867 1661 et
901 1623 1104 1662 Saraceni
1141 1623 1263 1663 libros
1278 1652 1290 1674 ‚
1315 1637 1418 1678 quos
1445 1617 1614 1675 ὁράσεις

143 1691 214 1718 seu
250 1678 429 1720 visiones
467 1678 657 1719 Danielis
691 1686 862 1727 vocant,
902 1691 973 1730 ego
1015 1686 1149 1718 autem
1187 1678 1450 1730 Silffllnnom
1476 1679 1615 1733 quibus

144 1733 339 1788 scriptum
364 1735 587 1790 nepa-itur,
613 1743 711 1788 quot
732 1735 853 1773 annis
879 1734 1102 1788 imperator
1126 1735 1297 1790 quisque
1327 1735 1446 1775 vivat
1465 1764 1477 1784 ‚
1505 1746 1616 1786 qnae

143 1789 228 1829 sint
237 1789 393 1840 fictura
416 1803 463 1829 eo
479 1790 735 1844 imperitante
754 1798 949 1844 tempora,
974 1802 1069 1843 pax
1087 1802 1147 1830 an
1175 1790 1377 1837 simultas,
1405 1788 1616 1829 secundae

145 1843 445 1884 Saracenorum
474 1858 539 1883 res
569 1858 624 1883 an
661 1845 874 1887 adversae.
919 1843 1065 1896 legitur
1088 1846 1226 1900 itaque
1255 1845 1368 1884 Ιιαίιιε
1395 1843 1618 1899 ΝίεεῬΙιονί

145 1899 387 1955 temporibus
428 1899 620 1952 Assyrios
646 1899 818 1939 Graecis
848 1913 929 1938 non
962 1913 1085 1953 posse
1111 1901 1318 1947 resistere,
1349 1900 1526 1955 hancque
1555 1914 1618 1938 se-

140 1955 310 2010 ptennio
352 1963 505 1996 tantum
543 1956 683 1995 vivere
697 1985 708 2002 ,
744 1962 840 2010 post
879 1954 992 1995 cuius
1039 1955 1189 1996 obitum
1220 1957 1512 2010 imperatorem
1543 1956 1617 1994 isto

95 2060 99 2065 Ι
145 2011 388 2051 deteriorem
415 2009 507 2059 (sed
535 2012 655 2050 timeo
683 2011 793 2066 qaod
819 2010 998 2050 inveniri
1026 2024 1107 2050 non
1130 2011 1274 2066 possit)
1302 2019 1340 2050 et
1368 2011 1505 2064 magis
1533 2011 1616 2049 im..

147 2066 291 2107 bellem
317 2067 467 2107 debere
493 2081 674 2119 surgere3
702 2067 816 2106 cuius
844 2065 1089 2120 temporibus
1111 2066 1353 2122 praevalere
1369 2066 1516 2106 debent
1540 2065 1617 2105 ad-

140 2136 195 2161 eo
223 2122 391 2175 Assyrii
417 2131 459 2162 ut
485 2123 527 2161 in
546 2122 880 2165 Chalcedoniam'
895 2135 1036 2177 usque,
1067 2135 1173 2177 quae
1202 2122 1331 2162 distat
1358 2121 1477 2177 Cpoli
1503 2121 1621 2161 leand

144 2178 286 2230 longe,
306 2179 545 2234 potestative
584 2186 734 2218 cancta
772 2177 947 2217 debeant
987 2176 1174 2227 obtinere.
1218 2177 1483 2218 considerant
1507 2177 1616 2216 enim

147 2234 304 2290 utrique
339 2241 521 2288 tempora
535 2251 548 2272 .-
580 2247 663 2273 una
689 2232 837 2273 eadem
865 2247 910 2272 re
941 2232 1097 2272 Graeci
1119 2234 1300 2273 animati
1327 2234 1584 2289 inseqawztur
1602 2262 1615 2284 ,

146 2288 349 2331 Saraceni
372 2287 588 2344 desperati
622 2302 701 2328 non
738 2290 946 2339 resistant,
989 2296 1143 2343 tempus
1166 2297 1422 2342 expectantes
1453 2302 1546 2328 cum
1575 2297 1616 2329 et

145 2344 229 2399 ipsi
268 2345 560 2400 insequantur,
595 2342 747 2384 Graeci
781 2345 942 2384 interim
971 2356 1052 2383 non
1081 2345 1284 2385 resistant.
1316 2344 1518 2393 hactenus
1545 2345 1614 2382 in-

146 2406 216 2440 ter
243 2399 401 2440 Turcos
432 2401 586 2454 piratas
626 2400 701 2440 iste
729 2413 817 2439 mos
849 2399 1048 2448 invaluit,
1082 2406 1128 2439 ut
1153 2400 1306 2440 librum
1335 2399 1538 2454 quendam
1571 2399 1614 2439 in

146 2454 286 2509 pretio
334 2455 523 2496 habitum
560 2461 602 2494 et
634 2455 820 2508 religiose
861 2455 1125 2495 observatum
1168 2455 1346 2509 adeant,
1385 2462 1517 2496 sortes
1566 2469 1612 2494 ex

148 2525 200 2551 eo
225 2510 405 2563 ducant,
438 2518 484 2551 ut
518 2510 615 2550 olim
646 2510 887 2551 Homericas
918 2518 960 2551 et
984 2509 1234 2563 Virgilianas
1263 2518 1304 2551 et
1331 2513 1515 2551 omnium
1545 2525 1614 2549 ae-

148 2566 386 2607 stimatione
422 2581 469 2606 ac
512 2567 719 2620 religionis
759 2566 959 2620 opinione
986 2567 1207 2620 praecipue
1225 2566 1354 2607 cultas
1379 2567 1614 2607 Praenesti-

148 2635 221 2662 nas
249 2621 500 2662 consuluisse
537 2629 691 2661 veteres
729 2624 927 2665 novimus.
963 2621 1110 2676 quodsi
1141 2636 1186 2662 ex
1220 2621 1329 2663 libro
1359 2622 1490 2675 pirata
1523 2622 1614 2660 fiiu-

149 2684 254 2716 stam
293 2685 446 2718 sortem
476 2678 659 2728 duxerit,
702 2692 826 2718 naves
863 2692 1130 2732 quascunque
1156 2677 1323 2732 adgredi
1352 2678 1461 2717 haud
1492 2677 1614 2716 dubi·

150 2738 212 2772 tat
238 2746 314 2773 nee
340 2740 572 2773 cunctatur.
601 2746 723 2787 saepe
750 2741 885 2773 tamen
920 2732 1084 2773 delusus
1113 2735 1258 2773 stultae
1288 2733 1538 2774 credulitatis
1564 2741 1611 2772 ac'
1623 2737 1735 2784 1127·

146 2788 352 2830 barbarae
380 2789 680 2844 superstitionis
707 2803 875 2844 poenas,
910 2789 1062 2844 praeda
1095 2792 1182 2844 ipse
1211 2789 1354 2840 sactus,
1385 2789 1476 2829 luit.
1508 2802 1608 2841 gen-
