1890 3204
557 170 633 215 An
673 172 793 216 CAP.
835 173 987 214 xvm.
1024 167 1224 214 NOTAE.
1497 147 1605 224 57¹

156 277 244 324 rius
269 275 405 323 Affinis
417 309 436 331 ,
485 275 526 322 id
565 287 626 322 est
654 279 873 322 Adinensis
907 279 1099 332 ditionis,
1130 291 1255 334 quam
1283 272 1415 317 'rm-ct
1444 272 1612 333 Aidin-

154 337 200 378 ili
225 335 456 393 appellant:
485 347 582 377 cum
599 336 782 378 Homure
811 337 920 378 enim
951 337 1003 377 ab
1024 335 1146 376 Atiae
1168 341 1263 375 orto
1291 331 1485 389 affinitate
1510 343 1615 373 cona-

156 398 314 442 men,
345 392 477 433 soceri
502 390 567 433 sui
595 392 773 432 vicarius
801 391 1000 448 generalis
1030 392 1301 446 proclamatus
1322 395 1397 429 est.

267 446 319 488 Ρ.
347 446 418 499 85,-
455 445 518 490 15.
589 447 668 487 τοῦ
695 443 1165 503 Ἕρμωνοςηποταμοῦ]
1222 445 1399 486 Hermus
1435 450 1499 484 est
1542 444 1615 499 qui

156 502 409 560 smyrnaeos
435 516 611 559 campos·
627 502 756 543 alluit.

270 558 322 608 Ρ.
353 556 436 611 84,
465 571 507 598 2.
589 553 612 597 ὅ
647 556 693 599 δὲ
733 556 1030 610 ΙΙἸουσουλμὰν
1060 553 1119 611 μὴ
1153 553 1316 612 φέρων]
1371 554 1615 609 Expeditio-

157 626 254 662 nem
282 614 504 668 suscepisse
545 612 660 654 hunc
690 613 994 654 Musulmanum
1022 628 1092 654 seu
1121 611 1390 654 Soleimanem
1423 609 1619 650 adversus

153 669 458 719 Mebemetem,
500 674 543 709 et
591 669 631 710 in
661 669 803 710 Asiam
828 669 1061 721 transiisse,
1090 666 1364 710 Leunclavius
1389 666 1462 711 lib.
1496 679 1542 707 uo
1570 678 1619 707 cx

155 723 446 766 Hanivaldana
471 723 642 765 historia
671 725 812 770 tradit.

158 773 162 779 ’
269 779 321 821 Ρ.
348 778 416 831 85,
445 779 490 831 4.
557 779 617 837 τῷ
657 777 808 836 κόμπῳ
838 779 915 821 τοῦ
953 777 1254 834 Μαινομένου]
1313 777 1446 818 Hodie
1473 775 1622 818 retinet

155 833 268 876 idem
293 848 457 887 nomen,
486 841 526 875 et
554 836 608 876 ab
635 836 828 876 omnibus
856 836 1055 891 Smyrnae
1084 834 1226 875 incolis
1252 832 1483 888 appellatur
1494 831 1621 872 Mat-

153 903 310 944 νεμαι,
336 890 539 933 Meneme‘.
567 891 755 946 planities
787 905 1028 945 camporum
1044 891 1116 947 illa
1142 905 1267 945 quam
1285 891 1462 930 Hermus
1490 887 1623 937 alluit,

155 944 358 1001 Smyrnae
413 946 580 1001 eiusque
621 947 728 987 sinui
768 962 791 986 a
822 949 1109 1004 Septentrione
1158 946 1336 987 obiacet.
1382 943 1522 985 fertilis
1561 949 1623 984 est

151 1004 178 1042 'a
208 1015 280 1052 er,
321 1002 409 1043 vini
453 1004 663 1057 generosi,
706 1010 911 1058 peponum
942 1001 1203 1058 aliorumque
1240 1002 1449 1041 fructuum
1494 1000 1623 1043 ferax.

157 1058 169 1068 “
204 1070 232 1098 e
267 1056 384 1098 locus
423 1065 484 1097 est
518 1058 570 1099 de
606 1073 688 1113 quo
729 1058 1004 1099 Leunclavius
1048 1058 1123 1098 lib.
1155 1056 1183 1098 6
1220 1057 1475 1096 mentionem
1500 1055 1622 1106 facit,

154 1124 335 1168 eumque
362 1113 404 1153 in
427 1113 646 1155 Sarchanis
674 1127 746 1155 seu
764 1113 1014 1155 Saruchanis
1039 1113 1198 1154 ditione
1223 1113 1348 1152 situm
1379 1112 1498 1152 fuisse
1528 1117 1568 1152 et
1599 1117 1622 1151 a

153 1167 303 1210 Tun-ets
337 1168 515 1210 Metmen
561 1169 760 1226 appellari
796 1170 945 1222 docet;
981 1170 1053 1210 ubi
1080 1176 1179 1210 tunc
1206 1167 1404 1224 temporis
1432 1167 1524 1208 salis
1554 1166 1621 1207 of-

153 1224 301 1265 ficinae
330 1231 461 1265 erant.

272 1280 326 1322 P.
358 1279 442 1331 85,
470 1295 511 1336 7.
585 1274 855 1337 Μεσαύλιον]
924 1282 988 1321 De
1016 1280 1088 1320 illo
1117 1279 1208 1321 loco
1237 1278 1339 1319 nihil
1370 1278 1463 1333 legi.
1495 1278 1528 1319 si
1558 1279 1626 1320 cui

159 1335 269 1376 sorte
298 1333 523 1405 appellatio
552 1336 631 1377 loci
659 1336 768 1378 illius
798 1345 991 1391 corrupta
1019 1336 1210 1384 videtur,
1235 1334 1421 1389 dispiciat
1447 1348 1549 1374 num
1577 1339 1626 1375 ex'

159 1392 262 1440 νέας
297 1391 431 1446 αυλῆς
459 1391 794 1447 degeneraverit3
834 1408 957 1448 quam
985 1392 1131 1432 urbem
1157 1389 1375 1444 Catalogus
1402 1404 1471 1430 seu
1501 1391 1624 1431 Noti-

158 1446 218 1487 tia
237 1447 548 1502 episcopatuum
576 1448 653 1488 suh
698 1449 960 1504 patriarchali
990 1447 1165 1502 Cpoleos
1192 1446 1347 1486 throno
1377 1447 1625 1486 constituto-

154 1514 250 1543 rum
281 1502 413 1543 refert
440 1503 690 1558 suppositam
720 1519 806 1545 esse
839 1505 1046 1559 Ephesino
1080 1501 1385 1556 metropolitae.

189 1599 191 1604 .
243 1556 324 1599 ¹P.
357 1556 426 1606 85,
459 1571 521 1613 ¹9·
547 1555 702 1611 μαθών
731 1558 779 1600 δὲ
804 1559 928 1602 τοῦτο
958 1555 979 1598 ὃ
1014 1553 1209 1613 Τζινεήτ]
1249 1557 1375 1598 Vafer
1404 1555 1625 1598 admodum

154 1626 205 1654 ac
231 1612 463 1669 versipellis
491 1614 559 1655 hic
587 1615 765 1656 Cineites
781 1616 881 1667 fuit,
910 1615 1156 1670 ingenioque
1183 1621 1267 1653 tam
1293 1614 1474 1654 versatili
1501 1627 1626 1667 prae-

154 1668 267 1709 ditus
309 1677 359 1726 ut
395 1671 558 1723 saepius
611 1670 666 1711 ad
702 1672 933 1713 contrarias
970 1678 1104 1726 partes
1143 1670 1366 1710 transierit.
1405 1669 1626 1709 diuturnos

155 1737 342 1776 carceres
378 1724 572 1766 toleravit
614 1727 652 1766 ir
694 1727 875 1774 Lemno,
927 1734 969 1768 et
996 1726 1164 1766 tandem
1201 1739 1225 1765 a
1265 1724 1437 1765 ducibus
1464 1723 1625 1765 Sultani

150 1780 332 1821 Moratis
359 1787 504 1835 captus
524 1780 654 1822 vitam
690 1782 835 1836 laqueo
865 1782 1011 1823 finivit.
1541 1776 1544 1781 ⁸

266 1834 318 1875 P.
346 1834 415 1891 87,
452 1849 513 1879 ιο.
579 1833 682 1888 πρὸς
727 1838 769 1878 Γ
768 1834 941 1891 αλὴσιον
983 1830 1102 1891 ὅρος]
1170 1836 1292 1876 Mons
1330 1834 1399 1874 ille
1437 1833 1621 1875 Galesius

155 1889 324 1944 Epheso
366 1889 523 1931 vicinus
569 1899 652 1943 est,
681 1899 720 1932 et
744 1893 887 1948 procul
917 1892 1044 1932 dubio
1070 1906 1219 1932 nomen
1247 1891 1300 1931 ab
1331 1889 1433 1929 urbe
1460 1889 1676 1930 GalesioV.
1699 1894 1757 1930 181

146 1947 276 1986 traxit
294 1975 306 1998 ‚
340 1947 454 1986 cuius
493 1949 680 1988 meminit
707 1948 937 2003 Stephanus
974 1948 1025 1988 de
1054 1947 1242 1991 urbibus.
1301 1946 1342 1987 Γ
1341 1941 1516 1998 αλήσιον
1539 1942 1621 1984 πό..

154 2003 221 2048 λις
243 1995 434 2054 Ἐφέσου.
465 2002 714 2055 Παρθένιος
741 2003 787 2044 ἐν
828 2000 1050 2059 ἑπικηδείῳ
1076 2002 1136 2059 τῷ
1162 2002 1221 2050 εἰς
1239 1999 1498 2052 Αὖξιᾯεμιν.
1533 2001 1622 2041 Ga-

153 2058 297 2097 lesium
325 2057 418 2096 urbs
445 2058 605 2114 Epheso
634 2059 815 2100 subdita.
845 2059 1089 2099 Parthenius
1116 2059 1161 2099 in
1189 2057 1457 2098 Amiclaemin
1486 2057 1623 2113 epice-

153 2112 240 2153 dio.
298 2112 555 2154 Abrahamus
594 2115 778 2155 Ortelius
808 2114 860 2155 de
890 2114 960 2154 illo
995 2120 1136 2154 monte
1162 2126 1377 2168 perperam
1409 2111 1624 2166 opinatur,

156 2182 250 2208 cum
282 2169 465 2209 vicinum
490 2169 605 2224 cpoli
637 2170 754 2210 illum
782 2170 897 2223 facit,
928 2178 968 2210 et
998 2171 1258 2225 Gregoram‚
1287 2175 1334 2209 ut
1360 2181 1478 2208 suam
1503 2167 1622 2208 tuea-

155 2230 228 2265 tur
256 2226 523 2275 sententiam‚
555 2225 736 2269 adducit.

268 2279 319 2322 P.
347 2279 417 2335 87,
453 2281 514 2321 18.
577 2278 710 2335 πήξας
748 2274 824 2321 οὖν
852 2278 929 2329 τὰς
966 2276 1136 2336 σκηνάς]
1194 2280 1285 2320 Lib.
1324 2293 1368 2319 ιο
1399 2278 1492 2320 hist.
1523 2279 1624 2318 Mu-

156 2334 277 2378 sulm.
305 2342 423 2376 notat
450 2336 722 2389 Leunplavius
749 2337 859 2377 hunc
887 2337 1007 2377 fuisse
1027 2337 1270 2378 Soleimanis
1297 2350 1368 2376 seu
1391 2333 1622 2375 Musulma-

155 2392 200 2430 ni
227 2392 390 2445 genium
409 2421 422 2441 ‚
459 2400 505 2432 ut
530 2392 758 2444 diuturnis,
799 2392 1024 2447 aliquando
1054 2392 1423 2447 quadrimestribus
1452 2403 1622 2444 compo-

155 2447 383 2487 tationibus
407 2447 662 2502 indulgeret3
694 2463 799 2502 quae
828 2450 991 2503 ignavia
1022 2462 1068 2488 ac
1087 2448 1272 2489 socordia
1305 2447 1493 2488 ultimam
1524 2460 1623 2501 per-

158 2504 306 2544 niciem
338 2502 375 2542 ei
404 2504 572 2543 tandem
602 2504 839 2544 attulerunt.

270 2558 320 2600 P.
350 2556 423 2612 87,
454 2559 523 2601 23.
585 2561 681 2614 Cap.
719 2573 779 2615 ¹9·
836 2557 1107 2598 Leunclavius
1123 2557 1192 2597 lib.
1230 2571 1277 2598 ιο
1316 2558 1441 2598 Μοείε
1467 2556 1619 2597 adver-
1634 2567 1669 2605 Ρ,
1685 2565 1755 2602 238
1804 2573 1806 2575 ’

158 2628 227 2654 sus
256 2613 527 2654 Suleimancm
558 2629 627 2655 seu
657 2616 963 2655 Musulmanum
989 2621 1099 2669 gesta
1128 2620 1291 2665 narrat,
1321 2622 1623 2668 auctorumque

151 2669 438 2710 dissentientes
475 2673 730 2711 narrationes
760 2677 888 2713 notat.

270 2725 324 2766 Ρ.
354 2726 432 2776 88,
458 2740 499 2766 2.
567 2722 798 2781 Σπεντιάρ]
863 2725 1107 2766 Issendiares
1146 2740 1167 2764 a
1202 2725 1451 2765 Leunclavio
1482 2722 1624 2776 appel-

160 2781 298 2834 latur,
328 2782 493 2837 eiusque
530 2782 805 2836 genealogiam
844 2781 1069 2836 descripsit.
1100 2796 1123 2820 a
1153 2781 1298 2822 Tui-cis
1328 2778 1554 2833 Omeroglii
1585 2784 1624 2817 et
