1884 3216
282 226 286 235 ,
339 181 447 256 ι94
687 201 869 244 υυοΑΕ
906 199 1193 247 ΜιοΗΑΕιιε
1226 202 1450 244 NEPOTJS

293 312 318 346 Β
332 314 466 347 κοντα.
542 301 800 355 διαπεράσας
838 301 884 342 δὲ
924 301 976 357 τῇ
1014 300 1150 358 ἡμέρᾳ
1192 302 1324 359 ἐκείνῃ
1352 300 1405 344 τοὶ
1433 299 1539 358 πρὸς
1568 302 1611 344 Γ
1607 302 1774 358 alnidum

332 360 429 423 ὅρος
452 367 622 420 κειζιιενα
667 365 773 422 πρὸς
797 366 1011 408 θάλατταν
1039 360 1136 422 ὅρη,
1165 366 1307 425 πρώτῃ
1339 369 1509 425 φυλακῇ
1531 367 1604 422 τῆς
1629 365 1774 418 νυκτὸς

331 433 514 488 παρέστη
541 435 590 489 τῇ
611 429 791 488 Ὑψηλῇ,
823 432 897 473 καί
921 432 1118 488 ἐξαίφνης
1145 431 1225 475 σύν
1250 435 1330 491 βοῇ
1356 431 1428 475 καὶ
1457 429 1588 491 κρότῳ
1615 429 1775 476 diahi-

330 500 488 551 ξαντες,
519 497 564 540 τὸ
589 499 890 551 παρακείμενον
919 494 1111 551 φωσάτον
1131 495 1304 553 ἐτράπη,
1333 499 1407 540 καί
1430 497 1469 540 οἱ
1494 499 1573 551 μὲν
1600 495 1775 554 ἔφευγον

332 563 372 605 οἱ
404 564 450 605 δὲ
480 561 772 615 α’ντεμάχοντο.
828 559 902 601 καί
924 559 969 602 τὸ
1000 562 1213 615 πολίχνιον
1237 561 1313 612 τὰς
1341 564 1478 618 θύρας
1498 559 1812 616 οἷναπετάσας,5

330 628 506 682 ἐξῆλθον
537 626 575 668 οἱ
605 626 722 669 ἔνδον
752 625 826 667 καί
854 624 933 668 συν
959 632 1044 676 τοῖς
1063 625 1141 678 ἔξω
1167 630 1446 682 συμμίξαντες
1472 627 1571 678 τούς
1594 629 1778 671 &usvav-

328 693 443 742 τιόυς
461 690 680 748 ἔσφαττον.
711 691 874 744 πρωΐας
901 691 948 732 δὲ
972 693 1193 748 γενομένης
1216 695 1289 735 καί
1310 695 1384 735 τοῦ
1412 696 1595 749 στρατοῦ
1625 694 1778 750 ἄθροι-

329 760 500 806 σθέντος
536 758 597 806 εἰς
638 758 708 809 ἓν,
739 754 891 809 ἔβαλον
922 754 1080 806 πάντας
1108 759 1153 800 ἐν
1178 761 1234 815 τῷ
1262 762 1462 817 πολιχνίῳ
1489 757 1645 814 καὶμὴ
1677 762 1778 813 βου-

330 824 549 876 λομένους,
591 824 664 863 καί
689 819 821 863 αὐτὸν
868 819 942 864 τὸν
975 821 1173 877 Τζινεήτ·
1228 818 1335 878 ἦσαν
1361 822 1442 879 γὰρ
1473 823 1512 866 οἱ
1539 823 1655 874 ἐκτὸς
1681 825 1778 868 ἐπέ-

327 903 447 928 κεινα
472 888 557 928 τῶν
585 885 835 941 πεντήκοντα
861 885 1088 941 χιλιάδων,
1121 887 1159 930 οἱ
1187 889 1234 931 δὲ
1252 888 1369 938 ε’ντὸς
1394 889 1517 941 μόλις
1538 893 1677 944 χίλιον
1696 889 1778 933 σύν
1795 906 1842 932 10

1398 957 1417 966 u
1468 950 1487 968 (l

291 958 417 1003 Οτοῖς
458 954 536 994 τοῦ
570 949 857 1006 Καραμάνου.
932 952 1043 1007 ὁρῶν
1086 947 1162 995 οὖν
1203 952 1226 995 ὅ
1255 956 1438 1007 Χαμζας
1465 970 1526 996 οτι
1553 953 1623 998 διὰ
1651 957 1778 1011 ξηρᾶς

329 1018 405 1058 οὐκ
433 1018 574 1071 ἰσχύει
616 1012 688 1072 (ἧν
724 1015 801 1071 γάρ
842 1014 1111 1072 ὀχυρώτατον
1152 1021 1227 1060 καί
1254 1020 1299 1060 ἐν
1326 1019 1477 1078 ὑψηλῷ
1500 1020 1613 1078 τόπῳ
1634 1022 1778 1074 ›xeme-

327 1085 440 1138 νον),
469 1081 620 1138 μηνύει
644 1084 701 1140 τῷ
732 1081 916 1137 ΙΙίἱουράτ
944 1084 1014 1125 ἵνα
1044 1081 1118 1126 διά
1137 1083 1360 1140 θαλάσσης
1385 1082 1778 1141 προνοήσωσιννῆ-

329 1164 380 1198 ας
422 1147 653 1198 Γενουικάς
700 1149 760 1197 εἰς
787 1147 1012 1203 βοήθειαν·
1080 1144 1132 1203 ἦν
1171 1147 1253 1204 γάρ
1282 1149 1327 1192 τὸ
1361 1149 1564 1207 φρούριον
1589 1149 1779 1207 οἱς-πρὸς

326 1212 540 1256 θάλατταν
582 1212 778 1269 κεχηνός,
805 1213 877 1255 καὶ
911 1213 984 1268 τήν
1014 1214 1134 1256 ἔνδον
1161 1212 1331 1257 ἅπασαν
1356 1218 1478 1262 θέσιν
1505 1215 1778 1260 α’ποδεικνὺον
1796 1219 1842 1260 15

326 1279 402 1334 την
440 1277 682 1330 θάλατταν,
721 1280 796 1321 καί
834 1277 970 1333 γυμνά
999 1279 1135 1321 πάντα
1176 1280 1474 1333 α’ποσκευάζον.
1528 1279 1589 1332 εἷς
1620 1284 1669 1325 δὲ
1695 1282 1779 1325 τῶν

326 1345 369 1387 Γ
366 1345 563 1386 ενουιτῶν
586 1343 795 1398 γνώριμος
824 1346 882 1400 τῷ
910 1344 1111 1400 Μουράτ,
1143 1345 1365 1401 Περσιβάς
1394 1346 1594 1402 ὀνόματι,
1628 1351 1778 1391 Παλα·

327 1410 510 1462 βιτζϊνος
546 1408 623 1465 τήν
664 1411 929 1463 ἐπωνυμίαν,
968 1412 1165 1452 συνέθετο
1189 1413 1245 1468 τῷ
1277 1413 1451 1471 α’ρχηγῷ
1478 1416 1555 1455 τοῦ
1581 1414 1780 1462 ἀπελθεῖν

330 1476 405 1516 καί
426 1478 571 1528 λαβεῖν
604 1473 651 1517 τὸ
682 1475 915 1531 φρούριον·
972 1474 994 1516 ὄ
1034 1474 1114 1530 γὰρ
1140 1476 1368 1532 Ἀδοῦρνος
1396 1476 1700 1534 προετεθνήκει.
1755 1474 1778 1519 ὅ

329 1541 379 1582 δὲ
405 1539 543 1582 ἐλθών
586 1542 631 1582 ἐν
666 1538 775 1598 νήσῳ
817 1543 912 1598 Χίῳ
937 1541 1009 1582 καί
1045 1541 1366 1594 μισθωσάμενος
1393 1545 1496 1597 νῆας
1530 1550 1640 1598 τρεῖς
1663 1561 1775 1597 παμ-
1791 1558 1842 1585 20

328 1607 521 1660 μεγέθεις
548 1600 652 1661 ἦλθε
681 1605 752 1647 διὰ
785 1606 1003 1660 θαλάσσης
1040 1607 1085 1648 ἐν
1116 1609 1169 1662 τῇ
1187 1606 1361 1664 Ύψηλῇ.
1416 1606 1454 1650 οἱ
1482 1609 1529 1651 δὲ
1554 1607 1674 1651 ἔνδον
1698 1608 1778 1651 miv

284 1673 389 1729 1)τῷ
421 1670 590 1726 Τζινεὴτ
634 1670 792 1721 ἰδόντες
829 1669 906 1720 τὰς
943 1673 1047 1720 ναῦς
1077 1671 1314 1714 ἐδειλίασαν
1334 1705 1346 1723 ,
1377 1674 1450 1715 καί
1474 1673 1778 1729 πολεμήσαντες

327 1738 380 1793 τῇ
404 1734 547 1794 πρώτῃ
577 1735 714 1794 ἡμέρᾳ
745 1735 926 1792 ἔγνωσαν
948 1733 1012 1778 ὅτι
1040 1738 1093 1794 τῇ
1116 1740 1210 1790 μετ’
1235 1734 1365 1793 αὗτὴν
1394 1737 1778 1796 παραδοθήσονται.

326 1887 357 1920 ti
382 1886 643 1927 subiiciuntur,
683 1897 847 1931 campos,
884 1888 1021 1933 quique
1060 1890 1150 1921 mari
1175 1888 1362 1930 adiacent,
1389 1895 1552 1932 montes,
1577 1891 1691 1935 prima
1710 1902 1778 1924 no-

326 1933 375 1966 tis
402 1934 524 1977 vigilia
552 1933 745 1976 Hypselam
782 1932 898 1974 redit,
938 1934 1133 1980 subitoque
1159 1936 1313 1968 clamore
1339 1936 1437 1969 edito
1463 1937 1691 1983 strepituque
1716 1949 1778 1970 ex—

325 1979 464 2020 citato,
491 1979 571 2012 aliis
601 1979 749 2024 quidem
784 1980 1005 2024 fugientibus
1031 1982 1111 2014 aliis
1146 1982 1451 2027 repugnantibus,
1481 1984 1676 2026 exercitus,
1704 1992 1777 2030 quo

326 2037 392 2059 arx
415 2026 532 2059 cincta
570 2031 669 2067 erat,
708 2026 913 2071 dissipatur.
952 2029 1086 2072 apertis
1121 2029 1228 2062 etiam
1254 2030 1360 2062 castri
1385 2029 1499 2074 portis
1525 2030 1776 2075 praesidiarii,

326 2073 393 2118 qui
417 2074 527 2106 muris
552 2083 589 2104 se
615 2073 876 2114 continebant,
904 2080 1119 2119 erumpunt,
1160 2088 1239 2108 cum
1265 2075 1517 2110 obsidentibus
1540 2088 1666 2110 manus
1691 2088 1777 2110 con-

327 2125 453 2152 serunt
477 2125 791 2165 repugnantesque
825 2120 992 2154 caedunt.
1018 2121 1084 2153 ubi
1111 2122 1233 2156 illuxit
1253 2124 1512 2168 universusque
1538 2124 1714 2157 exercitus
1739 2123 1777 2156 in

326 2177 438 2198 unum
464 2167 638 2198 collectus
669 2172 740 2206 est,
767 2173 913 2200 cunctos
941 2168 998 2200 vel
1024 2168 1156 2202 invitos
1181 2169 1372 2214 ipsumque
1398 2169 1574 2202 Cineitem
1598 2171 1693 2203 intra
1718 2181 1777 2202 ca—

327 2213 391 2244 stri
420 2213 563 2245 moenia
589 2214 851 2257 compulerunt.
875 2225 1043 2247 numerus
1066 2216 1200 2260 quippe
1226 2216 1509 2260 oppugnantium
1534 2217 1778 2262 quinquagin-

326 2263 363 2290 ta
387 2259 503 2291 millia
527 2259 740 2303 superabat;
784 2260 846 2305 qui
869 2271 953 2293 vero
980 2266 1132 2294 castrum
1155 2262 1374 2303 tuebantur,
1402 2263 1517 2295 censis
1543 2263 1651 2296 etiam
1674 2264 1778 2296 auxi—

327 2305 479 2338 liaribus
495 2330 503 2345 ,
551 2306 651 2338 mille
685 2307 746 2339 vix
771 2307 986 2351 aequabant.
1013 2308 1267 2341 animadvertit
1291 2309 1458 2349 Hamzazm
1485 2309 1570 2342 dum
1596 2315 1692 2342 terra
1717 2321 1776 2342 ca-

326 2357 438 2383 strum
477 2358 661 2396 oppugnat
699 2354 958 2395 firmissimum,
997 2359 1033 2387 et
1057 2354 1095 2386 in
1123 2355 1222 2387 edito
1246 2355 1325 2387 loco
1353 2356 1484 2396 situm,
1509 2355 1603 2389 nihil
1632 2363 1671 2389 se'
1692 2367 1777 2400 pro-

324 2408 479 2430 movere.
545 2399 721 2432 Moratem
757 2406 882 2433 monet
913 2407 954 2433 ut
993 2401 1031 2435 in
1071 2401 1245 2433 auxilium
1279 2413 1385 2435 naves
1419 2401 1665 2436 Genuensium
1705 2402 1775 2435 sihi

325 2445 462 2477 mittat:
488 2450 641 2478 castrum
668 2447 781 2487 enim,
807 2458 877 2491 qua
903 2458 999 2480 mare
1024 2448 1170 2491 aspicit,
1195 2453 1318 2492 patere
1343 2447 1514 2493 nudaque
1539 2449 1659 2482 omnia
1685 2460 1776 2494 pan-

326 2490 430 2530 dere,
466 2496 656 2535 totumque
690 2494 797 2526 situm
836 2494 1017 2526 internum
1051 2494 1135 2527 illac
1169 2494 1361 2527 observari.
1430 2496 1561 2528 Morati
1586 2501 1776 2540 postquam

325 2537 492 2571 Adurnus
515 2538 630 2578 obiit,
666 2539 813 2583 quidam
839 2541 1040 2573 Genuensis
1074 2546 1181 2574 notus
1216 2547 1311 2582 erat,
1354 2542 1512 2576 Persivas
1553 2542 1776 2575 Palavicinus

326 2584 550 2629 appellatus:
576 2585 605 2616 is
632 2596 711 2617 cum
727 2586 790 2618 illo
816 2593 940 2631 pactus
961 2586 1227 2632 expeditionem
1250 2588 1296 2620 ad
1321 2594 1474 2622 castrum
1501 2588 1777 2633 expugnandum

326 2631 485 2675 suscipit.
517 2630 643 2662 Chium
673 2632 797 2676 itaque.
821 2633 974 2666 insulam
1009 2635 1180 2678 appulsus
1209 2646 1316 2668 naves
1340 2641 1413 2668 tres
1437 2646 1582 2679 magnas
1610 2634 1776 2668 mercede

326 2677 518 2715 conducit,
555 2677 686 2722 quibus
713 2679 904 2723 Hypsclam
932 2681 1132 2713 devehitur.
1157 2682 1241 2714 visis
1267 2682 1419 2714 navibus
1439 2707 1448 2721 ‚
1489 2682 1549 2727 qui
1577 2681 1711 2714 Cineiti
1737 2682 1775 2715 in

325 2730 442 2756 castro
468 2724 696 2764 militabant,
733 2737 864 2769 pavore
891 2728 1047 2771 perculsi
1072 2733 1176 2767 sunt,
1203 2740 1355 2774 cumque
1380 2729 1495 2774 prima
1521 2727 1580 2760 die
1607 2727 1775 2761 dimicas-

327 2776 424 2812 sent,
459 2770 634 2816 postridie
668 2782 705 2805 se
735 2772 780 2804 ad
807 2772 1030 2808 deditionem
1065 2775 1288 2819 compulsum
1322 2776 1366 2808 iri
1403 2779 1702 2821 praesenserunt,
1730 2785 1773 2807 eo
