1916 3210
472 148 686 207 JTAmCE
730 151 1066 193 lNTERPRETE
1104 151 1359 194 mcfflz'm.
1524 134 1632 209 357

175 253 311 303 avaiffi
338 259 392 302 da
437 258 624 306 Catalani
667 270 736 296 era
769 264 873 296 stata
911 258 1084 300 minata.
1123 256 1190 310 poi
1221 257 1272 296 da
1313 259 1387 298 essi
1419 258 1635 298 mcdcsimi

175 314 353 362 Tarchi‘
377 329 447 357 era
495 321 555 356 sta
599 313 921 366 compitamente
960 312 1154 353 desfacta.‘
1191 312 1330 380 quella
1372 315 1526 354 forteza
1557 329 1636 354 con

176 371 334 426 grande
355 369 493 417 studio
534 376 578 410 et
601 382 715 422 spesa
752 367 937 408 instauro
965 374 1007 407 et
1045 367 1234 415 reedifico
1260 368 1327 408 dai
1357 369 1631 412 fondamenti.

177 427 520 474 An‘comeazonse
549 425 587 465 el
615 430 743 477 porto
764 431 805 462 et
834 423 1052 464 l’arsenato
1070 437 1148 463 con
1182 422 1263 464 alte
1294 431 1337 465 et
1363 440 1495 479 spesse
1521 431 1635 466 torre

174 481 335 524 muniti
354 495 435 536 per
459 480 620 522 salvare
649 478 688 518 lc
714 477 821 532 galie
850 485 891 518 et
916 479 954 516 le
988 478 1237 520 munitione.

245 537 324 578 ‚A
353 542 500 592 questo
539 543 682 588 tempo
713 534 874 573 Zuanni
915 533 1156 589 Palleologo
1201 535 1258 574 im
1289 535 1485 586 eradore,
1516 534 1637 575 habi-

174 591 285 636 ando
312 592 463 646 passati
493 591 618 632 l’anni
649 589 754 629 della
783 589 966 644 pueritia
995 597 1037 630 et
1075 605 1258 644 pervenu
1290 606 1314 631 o
1335 591 1636 639 adolescentia,

179 647 380 703 iwopere
405 653 448 688 et
476 646 518 686 in
549 645 696 701 parole
725 660 766 685 se
795 652 1002 685 mostwva
1030 646 1203 697 vechio,
1239 647 1391 701 perche
1433 661 1506 687 era
1531 653 1639 686 stato

105 725 109 729 ¹
173 702 353 746 educato
383 709 427 743 et
474 702 680 743 instituito
723 702 775 740 da
803 703 970 740 Zuanne
1000 702 1272 752 Catacusino,
1298 702 1428 742 homo
1458 701 1572 742 savio
1599 709 1640 742 et

173 757 310 799 molto
335 764 519 798 exertato
565 758 607 798 in
636 760 673 798 le
700 771 794 797 cose
827 757 997 808 bellice3
1039 759 1075 796 el
1117 758 1215 813 qual
1240 758 1282 797 fo
1314 772 1369 797 un
1396 758 1478 797 fior
1502 758 1638 804 molto

176 812 398 854 odorifero
429 820 471 854 et
495 828 692 868 generoso
712 819 871 867 quanto
897 813 1140 853 nisun'altro
1161 828 1202 853 se
1222 819 1401 853 trovasse
1430 813 1473 852 in
1503 813 1641 867 quella

176 868 311 910 etade.
367 869 488 909 Onde
517 870 593 910 che
619 868 788 910 essendo
817 868 900 908 tale
928 875 968 908 et
993 867 1045 907 da
1073 875 1189 908 tante
1218 869 1381 908 virtude
1410 868 1574 922 predito
1600 875 1641 908 et

174 923 396 977 decorato,
426 925 670 965 Andronico
697 923 938 977 Palleologo
984 920 1252 977 imperadore
1281 923 1327 963 lu
1352 919 1570 964 honorava
1599 931 1640 963 et
1656 935 1700 959 πο

177 979 318 1020 teniva
371 994 489 1019 come
518 980 682 1021 fratello
713 994 823 1021 caro.
893 980 949 1019 Et
978 980 1167 1019 venendo
1198 978 1235 1019 el
1264 986 1406 1033 tempo
1438 978 1546 1019 della
1571 994 1644 1019 sua

174 1042 345 1087 morte,
377 1034 456 1074 alla
497 1045 570 1075 sua
614 1036 849 1075 indubitata
896 1035 990 1074 fedc
1022 1034 1269 1074 recomandb
1300 1042 1341 1074 et
1363 1031 1575 1088 'l'imperio
1603 1041 1644 1075 et

177 1090 349 1130 Zuaune
368 1121 381 1141 ‚
411 1106 487 1130 suo
518 1092 645 1132 unico
676 1091 792 1133 fiolo.
853 1092 922 1129 Ma
953 1089 991 1129 la
1017 1091 1124 1130 mala
1149 1092 1319 1131 fortuna
1349 1090 1399 1130 de
1425 1090 1546 1130 Greci
1580 1105 1645 1130 se..

177 1145 291 1186 mino
342 1145 524 1197 invidia,
569 1147 609 1187 la
655 1147 752 1202 qual
790 1146 956 1199 partor}
995 1145 1095 1185 odio
1142 1153 1182 1186 et
1212 1145 1458 1196 inimicitia3
1495 1145 1647 1199 perche

210 1207 338 1242 uanto
368 1201 444 1255 pih
486 1202 526 1241 la
555 1204 677 1242 vertil
701 1217 742 1243 se
769 1201 925 1248 exalta,
967 1206 1088 1240 tanto
1118 1202 1192 1255 pii]
1222 1201 1261 1240 la
1292 1201 1450 1240 invidia
1479 1200 1648 1240 inimica

178 1212 268 1297 gele
288 1256 455 1297 vivtude
472 1271 619 1297 cresce.
650 1259 695 1296 In
717 1255 815 1312 quel
834 1263 975 1309 tempo
997 1257 1167 1296 Zuanne
1186 1256 1429 1309 Palleologo
1448 1270 1517 1295 era
1534 1271 1649 1296 zove-

176 1325 231 1352 κιο
249 1312 398 1352 dotato
420 1311 512 1352 dela
526 1320 688 1353 'natura
702 1313 752 1352 de
766 1313 804 1351 la
832 1311 1113 1365 mii-avigliosa
1138 1312 1305 1351 belleza.
1363 1311 1484 1351 Onde
1510 1327 1533 1352 a
1562 1314 1649 1351 Zu..

177 1380 286 1407 anne
313 1367 591 1408 Cathacusino
631 1383 767 1408 venne
810 1366 852 1406 in
883 1381 984 1406 core
1022 1367 1072 1406 de
1099 1366 1261 1407 vole1·lo
1289 1381 1363 1419 per
1391 1381 1466 1406 suo
1494 1382 1648 1422 genero

175 1429 218 1463 et
246 1422 494 1474 coniugarlo
525 1438 606 1463 con
627 1423 783 1464 Helena
810 1438 882 1463 sua
905 1422 1113 1463 carissima
1143 1421 1310 1476 figliola.
1340 1421 1379 1460 la
1410 1424 1508 1475 qual
1535 1437 1650 1462 cossa

177 1477 337 1532 grande
363 1477 518 1518 invidia
548 1479 642 1518 creo
670 1479 769 1519 nelli
797 1478 924 1517 animi
950 1479 1000 1518 de
1029 1477 1131 1517 tutti
1159 1479 1187 1517 li
1217 1477 1403 1532 principi
1434 1477 1499 1516 del
1527 1477 1647 1531 pala-

176 1546 226 1574 ιο
245 1532 603 1586 del'imperadore3
621 1534 763 1588 liquali
779 1533 987 1573 habiando
1006 1533 1201 1587 confugio
1219 1534 1270 1573 ad
1287 1536 1404 1572 Anna
1423 1532 1650 1586 imperati-i-

176 1601 240 1638 οε,
263 1587 314 1628 d‘e
344 1584 429 1628 tale
454 1588 659 1643 indignit&
678 1603 720 1629 se
746 1603 1024 1643 agremwono,
1056 1589 1231 1629 dicendo
1255 1603 1340 1629 non
1360 1588 1582 1628 convenire
1604 1588 1646 1628 al

175 1658 256 1687 suo
296 1641 395 1684 fiolo
437 1643 698 1698 imperadore
735 1644 911 1699 pigliarc
953 1644 994 1684 la
1019 1644 1115 1684 fiola
1161 1644 1228 1684 del
1267 1659 1344 1685 suo
1373 1643 1539 1683 subdito
1572 1660 1650 1698 per

168 1698 404 1753 mogliera,
449 1715 517 1739 ma
556 1699 891 1754 del'imperadori
937 1699 988 1739 de
1030 1699 1246 1739 Alamania
1275 1706 1318 1740 et
1347 1699 1396 1738 de
1426 1700 1648 1739 Germania

175 1755 356 1795 secundo
393 1753 433 1794 la
479 1754 602 1810 longa
643 1771 791 1796 usanza
846 1754 1175 1808 del'imperadori
1216 1755 1259 1794 di
1300 1753 1446 1802 Greci,
1493 1755 1562 1794 azo
1596 1756 1648 1795 da

179 1810 313 1873 quelle
350 1809 502 1864 inclyte
541 1811 807 1865 generatione
847 1810 1007 1850 haversi
1046 1825 1166 1863 possa
1194 1810 1235 1850 la
1262 1824 1446 1863 congrua
1476 1817 1649 1865 reputa-

178 1866 298 1905 tione
334 1872 378 1905 et
406 1865 473 1905 nel
502 1871 644 1919 tempo
685 1866 751 1906 del
781 1866 956 1918 bisogno
989 1865 1171 1907 aiutorio
1202 1873 1242 1906 et
1272 1879 1482 1906 soccorso.
1540 1867 1649 1906 Per·-

181 1934 301 1960 suasa
341 1920 537 1975 adunque
578 1922 699 1960 Anna
738 1920 1035 1975 impet-adiice,
1081 1921 1122 1960 la
1153 1922 1274 1975 quale
1306 1936 1374 1961 cra
1405 1920 1564 1960 descesa
1596 1921 1649 1962 (Ie

178 1975 392 2023 mamam,
424 1991 465 2016 se
495 1975 661 2030 inclynb
692 1978 769 2016 alla
799 1976 997 2030 opinione
1025 1975 1067 2014 di
1099 1976 1250 2025 nobili,
1283 1982 1325 2016 et
1350 1974 1646 2015 maximamen-

177 2037 221 2071 te
244 2045 324 2084 per
354 2031 430 2078 dar
472 2047 496 2071 a
520 2046 595 2072 suo
623 2032 724 2072 fiolo
765 2047 884 2086 sposa
914 2030 982 2071 del
1010 2045 1161 2084 sangue
1193 2030 1414 2073 Alamano.
1474 2033 1532 2072 Et
1563 2033 1648 2072 cos}

177 2087 348 2127 zuanne
378 2087 653 2128 Cathacusino
676 2088 719 2127 fo
747 2083 895 2127 lassato
922 2087 974 2126 da
995 2094 1145 2140 sparte.
1202 2087 1255 2127 El
1286 2086 1384 2141 qual
1414 2087 1648 2127 vedendose

176 2142 396 2189 refudato,
430 2143 561 2182 anche
608 2142 668 2181 lui
709 2156 750 2182 se
781 2142 974 2182 descarcb
1015 2142 1079 2181 del
1109 2157 1207 2195 peso
1240 2142 1346 2182 della
1375 2143 1609 2183 comissaria
1633 2172 1647 2193 ,

177 2204 220 2238 et
249 2197 402 2250 partise
440 2198 494 2238 da
524 2197 925 2251 Constantinopoli,
967 2204 1008 2237 et
1038 2198 1144 2236 ando
1185 2198 1236 2236 ad
1262 2197 1452 2238 habitare
1482 2198 1524 2237 in
1552 2200 1646 2237 Ma-

177 2251 368 2296 cedonia.
435 2254 485 2294 Li
531 2253 665 2294 nobili
710 2253 775 2293 dcl
801 2254 969 2308 palazo‚‘
1015 2252 1068 2292 da
1104 2253 1234 2293 hodio
1276 2259 1316 2294 et
1358 2253 1647 2293 malivolentia

175 2309 403 2358 conmossi,
434 2309 744 2364 consigliarono
775 2309 812 2348 la
838 2307 1114 2362 impcradrice
1145 2323 1230 2348 uno
1259 2309 1468 2363 conseglio
1489 2323 1646 2363 sagace,

137 2367 139 2369 ’
176 2363 255 2403 che
284 2364 429 2405 facesse
454 2365 516 2404 far·
542 2366 887 2405 comandamento
919 2380 941 2402 a
962 2365 1131 2404 Zuanne
1158 2364 1433 2404 Cathacusino
1466 2366 1519 2404 da
1544 2379 1645 2417 par..

177 2424 221 2458 te
249 2419 301 2458 de
330 2419 560 2473 l‘imperio‚
591 2421 667 2460 che
693 2421 863 2460 subbito
892 2419 1077 2472 tagliesse
1107 2419 1137 2460 li
1165 2420 1311 2460 ordeni
1338 2421 1379 2460 di
1402 2416 1646 2460 Machie'do-

178 2473 247 2525 ni,
273 2480 315 2514 et
340 2475 467 2529 quelli
497 2484 680 2529 portasse
710 2492 731 2515 a
750 2476 932 2516 Bisantio
955 2490 965 2525 3
997 2475 1193 2515 dicendo:
1222 2474 1291 2515 s'el
1319 2478 1489 2524 venera,
1521 2476 1698 2519 have-21

177 2536 264 2569 rete
289 2529 453 2571 l’ucello
479 2531 520 2570 in
542 2532 579 2572 la
612 2539 701 2571 rcle
726 2546 873 2584 p1·eso;
903 2545 944 2571 se
962 2545 1048 2569 non
1067 2531 1238 2571 obedire
1263 2531 1301 2570 al
1322 2532 1644 2571 comandamen-

177 2591 250 2631 to,
283 2584 390 2625 iusta
428 2601 577 2627 casonc
616 2588 815 2628 havcrete
856 2589 907 2626 dc
938 2586 1123 2639 privarlo
1164 2587 1214 2625 de
1244 2585 1286 2625 lo
1317 2586 1454 2627 honor
1482 2593 1523 2626 et
1549 2586 1644 2624 delu

179 2638 311 2680 offitio
331 2672 343 2691 ,
383 2648 425 2681 et
451 2642 579 2683 favete
610 2642 649 2681 in
692 2657 766 2681 suo
798 2642 895 2681 loco
939 2656 1052 2681 novo
1086 2641 1354 2695 Mcgaducha.
1414 2645 1481 2681 Ma
1510 2642 1538 2681 li
1566 2656 1643 2694 pa-

181 2694 289 2734 renti
319 2703 361 2735 et
401 2698 519 2737 amici
566 2699 616 2737 de
648 2698 949 2744 Catlmcusiiio,
998 2696 1128 2736 inleso
1161 2696 1197 2736 cl
1228 2698 1463 2750 pernicioso
1497 2712 1643 2736 conse·-

178 2749 292 2804 glio,
330 2752 498 2794 subbito
541 2760 842 2805 secrctamcnlc
887 2752 916 2792 li
965 2752 1134 2793 dctteno
1172 2753 1308 2806 wiso,
1341 2752 1645 2794 manifestando
