1916 3210
349 147 469 224 496
830 162 1012 206 DUCAE
1048 159 1307 204 ms‘romA

349 273 394 309 et
418 265 472 307 da
497 278 638 321 presso
670 263 708 304 al
736 277 811 304 suo
837 263 1008 317 imperio
1027 275 1216 303 ⁴vennero
1241 261 1293 302 ad
1319 260 1513 302 salutarlo
1536 290 1551 314 ‚
1580 260 1789 317 gratulan-

347 323 445 363 dose
472 335 497 362 a
524 321 583 361 lui
611 319 715 360 della
755 319 906 359 havuta
934 319 1118 357 victoria.
1171 318 1240 357 Ma
1265 331 1459 372 pensamo
1487 330 1563 357 eon
1592 311 1789 372 qnalseo-

350 392 413 429 re,
441 373 516 417 con
546 375 621 415 0110
651 373 802 414 boccha
830 379 870 412 et
898 385 970 411 con
1000 371 1074 411 che
1103 370 1218 415 labri.
1250 373 1338 411 Con
1368 372 1408 412 la
1438 378 1575 412 mente
1602 370 1792 415 simulata
1854 392 1855 395 ¹

350 439 590 486 prestavano
619 429 902 477 obhedientia,
929 432 969 466 et
993 440 1067 466 con
1095 426 1209 466 molti
1238 427 1418 480 presenti
1445 435 1486 467 et
1508 425 1789 476 'molti-doni,

349 501 433 528 non
462 500 538 540 per
576 498 737 531 amore,
790 496 856 519 ma
905 495 981 534 per
1021 481 1131 521 fos-za
1160 487 1201 521 et
1229 495 1301 535 per
1337 495 1479 535 paura.
1536 481 1589 522 El
1615 487 1792 536 tyranno

350 541 567 582 victorioso
610 544 721 577 stava
766 535 869 575 00113
911 535 1068 576 cervice
1099 534 1192 585 „alta
1219 542 1261 576 et
1303 537 1489 591 superba.
1545 537 1593 576 Li
1619 535 1790 591 principi

351 611 454 637 vero
488 591 703 634 Christiani
730 597 896 630 stavano
926 589 1059 644 pavidi
1091 599 1132 630 et
1161 591 1375 642 trementi,
1403 591 1624 646 spectando
1654 590 1693 632 la
1717 605 1792 632 sua

349 652 534 692 vicenna.
603 648 778 700 Respose
826 645 1017 699 adunque
1055 647 1371 699 primeramente
1403 645 1702 687 al’ambaxador
1737 645 1791 687 de

351 705 495 746 Servia
529 701 603 742 che
632 700 727 754 ogni
767 714 874 740 anno
902 700 1058 740 dezesse
1085 700 1124 740 al
1154 700 1331 745 duchato
1361 700 1412 742 de
1438 701 1682 742 Musulmani
1711 714 1790 740 nu-

351 762 539 800 mismata
569 756 649 796 XII
677 754 801 798 milia.
867 755 925 805 'Li
953 755 1106 808 dispoti
1132 755 1183 795 de
1209 755 1466 809 Peloponeso
1493 757 1533 795 X
1560 755 1679 796 milia·
1696 756 1792 809 ogni

352 828 476 864 anno,
506 820 545 852 et
577 811 652 851 che
676 824 862 864 vegnano
891 824 969 849 con
1002 810 1098 850 doni
1129 810 1180 850 ad
1205 809 1376 850 inclinar
1401 810 1480 851 3113
1505 820 1577 851 sua
1600 811 1792 865 signoria.

351 870 400 908 Li
431 867 582 923 signori
611 866 662 906 de
693 866 795 904 Chio
822 864 1011 918 pagheno
1042 865 1100 904 VI
1143 865 1253 904 milia
1278 867 1518 906 numismata
1546 866 1642 920 ogni
1669 877 1792 907 anno.

350 924 404 964 El
432 923 573 977 signor
600 921 650 961 de
684 919 858 960 Mitilino
887 920 943 959 111
965 919 1076 959 milia
1104 919 1347 959 numismata
1377 922 1472 975 ogni
1502 934 1626 960 anno.
1657 918 1793 971 Quem

355 978 407 1018 de
434 975 724 1031 Trapesonda‚
768 982 808 1015 et
834 976 928 1014 tutti
961 975 1037 1014 che
1064 974 1255 1014 habitano
1284 989 1442 1026 apresso
1472 973 1511 1014 el
1534 987 1623 1014 mar
1648 973 1795 1015 Ponti-

351 1047 425 1084 co,
456 1046 645 1085 vengano
675 1042 780 1082 ogno
809 1041 917 1066 anno
942 1040 1021 1066 con
1051 1027 1146 1066 doni
1166 1040 1189 1066 a
1216 1025 1290 1066 dar
1317 1027 1572 1068 obhedientia
1600 1035 1642 1068 et
1666 1041 1690 1068 a
1717 1028 1795 1070 dar

352 1087 398 1127 el'
418 1088 575 1126 tributo
615 1084 653 1124 al
690 1082 824 1137 primo
866 1082 916 1121 de
943 1082 1146 1136 Augusto.
1215 1082 1396 1122 Essendo
1429 1081 1569 1124 venuti
1597 1083 1625 1123 li
1651 1082 1792 1123 amba-

351 1144 496 1182 xiatori
526 1140 591 1180 del
626 1139 785 1192 dispoto
813 1137 918 1177 della
945 1136 1109 1186 Servia,
1160 1142 1200 1176 et
1227 1136 1430 1177 habiando
1462 1137 1562 1178 dato
1590 1136 1619 1178 li
1647 1136 1795 1178 tributi

351 1197 494 1251 quanti
524 1195 706 1234 doveano
753 1193 875 1242 dare,
917 1206 990 1246 per
1032 1192 1312 1231 commissione
1341 1192 1406 1232 del
1433 1191 1593 1247 dispote
1627 1193 1793 1247 Giorgio

271 1262 338 1297 315
355 1254 491 1292 feceno
525 1249 694 1305 grande·
718 1246 928 1287 elimosine
969 1248 1010 1286 in
1054 1246 1354 1300 Andrinopoli‚
1399 1247 1650 1288 franchando
1698 1247 1791 1288 dala

354 1307 512 1347 servitii
538 1303 732 1344 monache
759 1302 948 1356 religiose
985 1316 1131 1341 zovene
1175 1307 1216 1341 et
1243 1301 1385 1342 vechie
1410 1302 1489 1342 fine
1521 1317 1544 1343 a
1573 1309 1721 1354 cento,
1748 1308 1791 1344 et

350 1361 385 1401 lif
406 1363 476 1415 piix
500 1360 686 1400 honorati
716 1357 821 1397 della
847 1372 935 1397 casa
963 1357 1004 1395 di
1020 1355 1243 1409 Paleologi.
1272 1357 1393 1396 Onde
1419 1357 1572 1411 grande
1597 1358 1792 1412 frequen-

349 1418 406 1456 tia
435 1416 485 1455 de
511 1415 664 1455 schiavi
693 1412 852 1452 corriva
879 1414 920 1451 in
948 1412 1091 1450 Servia
1124 1410 1162 1450 al
1181 1411 1318 1464 signor
1346 1412 1504 1466 dispoto
1533 1419 1574 1452 et
1600 1411 1678 1452 alla
1708 1411 1791 1453 dis-

351 1478 539 1525 potessa‚
582 1468 613 1508 li
655 1467 765 1522 quali
804 1467 1097 1520 dispensarono
1139 1467 1262 1504 molto
1305 1466 1454 1507 havere
1481 1466 1726 1521 recaptando
1761 1465 1790 1507 li

350 1527 486 1565 miseri
523 1523 672 1564 schiavi
719 1521 825 1561 dalla
869 1522 1041 1561 obscura
1068 1521 1237 1560 ‘servitii
1273 1520 1315 1559 di
1354 1521 1530 1561 barbari.
1590 1522 1790 1570 intrando

350 1580 575 1620 l’autumno
605 1577 671 1618 del
698 1591 805 1616 anno
832 1576 874 1615 di
900 1576 1006 1630 6962
1028 1605 1040 1626 ‚
1068 1582 1107 1615 et
1134 1575 1320 1615 havendo
1352 1575 1529 1616 hiemato
1557 1582 1664 1616 tutto
1693 1576 1789 1616 l’in-

350 1649 477 1676 verno
505 1637 546 1674 in
577 1647 667 1673 casa
685 1661 697 1683 ‚
740 1631 1041 1672 conmenzaudo
1089 1630 1125 1669 la
1169 1631 1394 1683 primavera
1422 1630 1601 1671 delibero
1627 1645 1790 1686 romper

352 1705 500 1745 guerra
545 1690 584 1729 al
634 1688 788 1740 dispote
817 1687 958 1739 Giorgi
999 1692 1038 1725 et
1066 1691 1339 1724 sottomettere
1377 1691 1484 1726 tutta
1510 1685 1550 1725 la
1577 1687 1719 1726 Servia
1747 1688 1787 1726 al

352 1760 425 1785 suo
458 1746 620 1786 ducato.
690 1743 740 1782 El
770 1741 960 1794 dispoto‚
993 1740 1030 1779 el
1064 1738 1182 1794 quale
1212 1754 1283 1779 era
1313 1740 1502 1792 vecchio,
1534 1735 1691 1781 a‘ssuet'zo
1718 1741 1789 1796 pia

352 1801 462 1839 volte
486 1813 590 1839 esser
616 1798 789 1836 battutto
816 1797 882 1835 dal
911 1803 1113 1849 tyranno,
1146 1808 1259 1834 come
1287 1796 1423 1835 avanti
1449 1795 1619 1835 havemo
1649 1810 1790 1836 narra-

351 1864 425 1903 to,
464 1855 571 1908 dapo
610 1853 647 1892 13
677 1865 795 1906 presa
833 1851 883 1890 de
923 1849 1270 1902 Constantinopoli
1312 1852 1404 1903 ogni
1445 1864 1566 1890 zorno
1604 1858 1790 1903 spectava

357 1916 501 1965 questa
530 1923 665 1948 amara
696 1907 853 1946 novella
888 1919 962 1959 per
991 1906 1027 1943 la
1058 1904 1279 1943 insatiabile
1304 1905 1472 1944 avaritia
1501 1904 1567 1945 del
1595 1905 1788 1947 dracone.

354 1965 474 2005 Onde
500 1965 602 2004 tolse
627 1963 666 2002 la
691 1963 900 2001 occasione
927 1960 963 1999 el
991 1967 1165 2014 tyranno
1181 1963 1201 1998 ⁴?
1238 1959 1385 1998 mando
1414 1974 1497 2000 uno
1523 1959 1565 1999 di
1591 1961 1652 2000 soi
1682 1960 1790 2000 fideli

356 2020 461 2060 servi
487 2019 523 2059 al
550 2019 734 2071 dispoto,
763 2015 997 2055 dicendoli:
1026 2014 1064 2054 la
1094 2022 1204 2054 terra
1232 2014 1307 2054 che
1334 2022 1378 2053 tu
1399 2016 1625 2068 signomze,
1657 2030 1734 2054 non
1766 2016 1788 2055 ὲ

354 2083 446 2122 tua,
477 2081 518 2114 et
549 2073 588 2113 la
599 2074 741 2113 Servia
769 2086 852 2110 non
879 2072 900 2109 ὲ
927 2084 1016 2110 0053
1045 2076 1236 2123 paterna,
1270 2083 1337 2108 ma
1362 2070 1383 2108 0
1414 2070 1463 2109 (10
1490 2071 1638 2109 Lazaro
1661 2061 1788 2124 'fig-nol

357 2131 407 2169 de
435 2130 628 2180 Stesan03
669 2128 857 2180 adunque
883 2126 1025 2165 toccha
1062 2140 1084 2164 a
1114 2139 1191 2164 me.
1251 2124 1368 2163 Siche
1394 2139 1443 2163 va
1471 2125 1556 2164 fora
1584 2134 1717 2178 presto
1747 2125 1789 2164 di

359 2186 438 2224 mei
469 2184 593 2223 lochi.
666 2183 748 2222 Ben
777 2183 807 2220 ti
834 2195 951 2234 posso
983 2181 1079 2219 dare
1106 2194 1185 2219 una
1217 2187 1334 2232 parte
1366 2179 1468 2219 della
1500 2187 1610 2219 terra
1643 2180 1692 2219 de
1716 2187 1788 2218 tuo

358 2247 478 2294 patre
506 2238 667 2278 Vulcho
694 2244 733 2276 et
760 2235 798 2274 la
826 2236 902 2274 cita
928 2235 978 2275 de
991 2234 1150 2288 Sophia.
1207 2234 1416 2274 Habiando
1447 2236 1617 2287 imposte
1647 2241 1788 2288 questa

359 2294 592 2333 imbasciata
628 2293 667 2333 al
709 2292 850 2331 nuntio
879 2290 951 2329 che
993 2291 1165 2340 facesse,
1194 2296 1233 2328 et
1262 2302 1448 2342 appresso
1477 2289 1506 2327 li
1534 2289 1789 2328 comandasse

359 2349 434 2388 che
461 2351 503 2387 in
533 2349 706 2388 termine
741 2346 791 2385 de
820 2346 938 2385 XXV
966 2347 1075 2384 zorni
1109 2358 1151 2383 se
1180 2351 1360 2383 trovasse
1387 2343 1462 2383 alla
1487 2357 1557 2383 sua
1586 2346 1789 2397 presentia

360 2403 410 2443 ad
449 2404 596 2443 render
640 2403 678 2442 la
725 2403 898 2454 risposta
939 2400 1188 2452 (altramente
1230 2398 1411 2452 tagliaria
1442 2399 1479 2437 la
1507 2413 1579 2437 sua
1607 2404 1710 2446 testa
1739 2398 1787 2437 e'l

282 2465 350 2499 316
361 2473 484 2512 corpo
504 2454 506 2456 ’
526 2458 706 2497 buttaria
734 2471 756 2496 a
794 2469 978 2494 manzare
1005 2455 1082 2494 3110
1112 2454 1244 2504 fiere),
1270 2453 1540 2493 l’ambaxador
1572 2453 1717 2492 intrato
1743 2454 1786 2491 in

360 2513 400 2552 la
432 2514 573 2553 Servia
612 2515 736 2552 intese
760 2510 858 2550 ch’el
902 2509 1061 2562 dispoto
1092 2509 1310 2548 demorava
1338 2509 1379 2547 in
1407 2507 1534 2547 l'altra
1562 2507 1697 2546 banda
1722 2507 1787 2546 del

360 2568 516 2611 Histro.
573 2567 627 2606 Et
654 2566 684 2606 li
721 2565 862 2606 baroni
902 2564 1007 2604 della
1034 2564 1174 2603 Sei-via
1203 2562 1393 2603 tenentilo
1417 2564 1458 2601 in
1482 2561 1623 2615 parole
1650 2568 1692 2601 et
1722 2562 1788 2600 di-

360 2623 492 2663 centi:
544 2621 699 2661 311011ὀί
728 2634 887 2671 νο11110;
925 2619 1095 2658 domane
1134 2619 1320 2672 zognera.
1350 2624 1389 2655 et
1415 2617 1456 2655 in
1485 2623 1626 2670 questo
1655 2616 1784 2668 spatio

361 2685 587 2716 mettevano
622 2675 650 2715 li
690 2674 839 2715 castelli
867 2676 908 2713 in
952 2674 1094 2713 ordine
1113 2702 1125 2719 ,
1154 2679 1195 2711 et
1225 2672 1319 2724 ogni
1342 2685 1434 2710 cosa
1459 2670 1678 2710 necessaria
1708 2670 1786 2710 alla

361 2746 505 2787 guerra
543 2730 871 2786 apparecchiava.
941 2728 991 2769 El
1024 2727 1166 2767 nuntio
1198 2726 1384 2780 adunque
1410 2726 1595 2766 vedendo
1622 2725 1719 2765 ch'el
1747 2725 1787 2764 so
