1916 3210
318 137 430 195 358
584 144 587 146 ’
796 157 979 199 DUCAE
1020 156 1275 198 msTomA

315 260 344 301 li
371 260 467 310 che,
505 275 547 302 se
586 260 726 302 voliva
755 259 878 300 veder
906 256 939 297 el
985 256 1071 297 sole
1100 263 1139 297 et
1169 257 1275 310 fugit·
1304 256 1511 297 l’oscurita
1537 263 1578 297 et
1602 255 1642 296 le
1667 264 1768 297 mn-v

316 317 429 370 ligne
460 315 642 368 tenebre,
673 330 758 356 non
785 313 1000 354 obbedisca
1031 311 1068 351 el
1094 313 1432 352 comandamento
1463 312 1514 352 de
1543 310 1760 367 l'imperio',

314 371 456 411 sotto'l
504 372 626 426 quale
662 386 731 410 era
774 376 860 408 teso
896 367 933 406 el
959 367 1044 407 lazo
1074 374 1229 407 secreto
1255 368 1306 407 de
1333 367 1372 406 la
1397 382 1470 407 sua
1493 374 1643 412 morte.
1698 370 1760 410 L'e

315 426 428 481 quali
457 440 552 466 cose
575 425 699 466 aldite
720 455 730 474 ‚
778 423 1002 476 Megaduca
1041 423 1126 462 fece
1154 422 1467 476 al'imperatrice
1492 422 1768 465 conveniente

314 488 503 535 resposta
522 510 534 532 ‚
579 479 819 521 mostrando
852 493 875 516 a
900 477 956 518 lei
989 472 1342 533 rasone'legitime
1371 477 1436 518 del
1462 492 1538 518 suo
1567 492 1652 533 non
1681 478 1759 519 ob-

311 537 455 576 bedito
485 536 843 575 comandamento·
902 534 961 572 La
985 533 1274 587 imperatrice,
1307 532 1433 573 aldita
1474 533 1515 573 la
1544 540 1758 587 resposta,

311 591 380 630 col
423 590 629 644 conseglio
666 590 709 629 di
749 587 881 628 nobili
908 588 949 627 in
980 603 1053 628 suo
1084 588 1176 628 loco
1204 589 1290 628 fece
1322 588 1468 629 Alexio
1495 587 1758 643 Apocaphon

310 646 535 700 Megaduca
565 644 844 698 del'imperio,
874 643 1000 683 homo
1017 643 1107 684 ‘'vile
1135 644 1186 683 de
1207 643 1343 683 animo
1369 658 1392 683 e
1420 644 1470 683 de
1498 658 1661 698 sangue,
1690 654 1759 685 ma

311 701 353 739 in
386 701 480 754 ogni
510 700 692 739 scelerita
721 712 861 753 sagace
892 699 942 738 ed
972 705 1121 739 astuto.
1175 698 1366 751 Sapendo
1395 699 1586 754 adunque
1604 699 1757 752 ‚Alexio

310 755 571 808 Apocaphon
603 755 669 794 chi
699 755 855 794 furono
888 754 1015 808 quelli
1045 754 1059 792 i
1089 753 1202 809 quali
1227 755 1409 794 haveano
1428 755 1688 796 manifestato
1718 755 1758 797 le

313 824 406 849 cose
434 816 589 849 secrete
617 810 684 850 del
714 809 944 863 conseglio,
987 824 1106 863 prese
1133 809 1232 849 tutti
1261 809 1274 847 i
1302 809 1467 862 parenti
1492 816 1532 851 et
1560 810 1679 851 amici
1705 810 1759 852 de

311 864 587 904 Cathacusino
603 896 615 915 ,
643 865 717 919 piii
747 865 796 904 de
821 865 1000 904 doxento
1031 863 1122 905 eroi
1153 871 1195 904 et
1225 863 1392 904 semidei
1421 864 1572 905 descesi
1595 865 1646 906 de
1673 865 1757 906 Pe.

308 920 406 972 Iope
436 926 477 958 et
503 920 552 958 de
594 920 721 963 Eaco.
789 921 846 959 Et
873 919 1080 959 habiando
1119 920 1253 974 questi
1291 933 1408 959 come
1447 920 1566 960 ucelli
1595 921 1657 962 ale
1678 922 1758 963 reti

307 973 438 1027 presi,
468 974 613 1014 dubito
659 975 734 1015 che
762 990 846 1014 non
878 975 1060 1029 sequisse
1092 975 1263 1029 qualche
1288 988 1397 1014 nova
1426 974 1684 1028 turbatione,
1715 984 1758 1018 et

307 1030 347 1067 le
375 1043 555 1082 prexone
585 1044 668 1069 non
697 1044 917 1070 venesseno
950 1036 1073 1083 ropte
1098 1045 1174 1083 per
1203 1030 1242 1069 la
1270 1029 1500 1084 frequentia
1529 1031 1610 1071 deli
1636 1033 1759 1072 amici

309 1090 351 1122 et
375 1084 555 1136 parenti,
586 1085 698 1139 quali
728 1085 930 1125 venivano
962 1099 984 1123 a
1010 1084 1156 1124 visitar
1183 1084 1213 1123 li
1241 1084 1472 1138 prexoneri.
1525 1086 1582 1126 Et
1610 1087 1759 1140 perche

308 1139 408 1178 tutti
437 1139 466 1178 li
502 1139 641 1179 vecchi
670 1140 761 1179 dela
787 1141 867 1193 cita
896 1141 944 1180 e'l
971 1139 1131 1193 popolo
1171 1141 1302 1180 molto
1332 1139 1519 1181 reveriva
1545 1148 1587 1181 et
1615 1156 1757 1182 amava

309 1194 588 1234 Cathacusino
616 1209 733 1234 corne
770 1195 948 1234 donator
974 1195 1077 1234 delle
1107 1195 1236 1248 gratie
1263 1202 1304 1234 et
1330 1194 1426 1234 delli
1452 1196 1661 1247 beneficii,
1691 1197 1758 1237 eol

252 1248 346 1287 22la
374 1263 518 1303 sagace
552 1256 688 1289 mente
733 1250 893 1289 ordeni)
924 1250 1000 1289 che
1030 1250 1080 1288 de
1109 1265 1236 1290 zorno
1267 1250 1366 1290 tutti
1396 1250 1410 1288 i
1436 1251 1648 1303 prezoneri
1673 1267 1756 1306 po-

306 1304 469 1343 dessero
500 1311 606 1343 stare
635 1304 786 1344 inseme
812 1304 852 1343 in
884 1305 925 1343 la
958 1305 1112 1358 grande
1149 1320 1306 1359 prexon
1335 1303 1399 1343 del
1427 1306 1595 1358 palazo;
1625 1322 1692 1346 ma
1718 1307 1759 1347 la

304 1364 428 1397 nocte
455 1359 618 1398 fosseno
648 1359 774 1398 serati
801 1374 824 1397 a
852 1359 924 1399 doi
955 1375 977 1398 a
997 1360 1072 1410 *tre
1098 1359 1140 1398 in
1169 1360 1308 1413 picole
1335 1367 1550 1400 camerete.
1607 1361 1665 1401 Et
1692 1361 1757 1400 fa..

304 1418 372 1452 cto
402 1413 539 1453 venire
564 1413 668 1452 fabri
698 1421 739 1454 et
768 1413 949 1453 dolatori
971 1428 1051 1453 con
1075 1413 1244 1467 lignami
1274 1421 1314 1454 et
1333 1414 1568 1455 ferramenti
1598 1430 1622 1454 a
1648 1422 1756 1456 met.'

303 1474 392 1507 tere
417 1468 459 1507 in
487 1482 617 1521 opera
643 1470 682 1507 la
710 1469 882 1508 volunta
923 1468 1235 1523 del’Apocopho
1255 1499 1266 1516 ‚
1298 1467 1571 1510 l’infortunati
1599 1484 1756 1523 prexo-

303 1522 397 1561 neri
427 1523 717 1563 cominzarono
743 1531 1003 1577 gravemente
1023 1530 1087 1563 tra
1113 1538 1155 1563 se
1180 1523 1296 1562 stessi
1327 1539 1350 1562 a
1375 1524 1655 1575 contristarse,
1687 1525 1755 1566 di-

305 1578 464 1617 cendo:
497 1585 640 1632 questa
667 1579 927 1632 seperatione
961 1579 1071 1618 l'uno
1101 1578 1287 1617 dal’altro
1317 1592 1403 1618 non
1438 1578 1618 1632 significa
1647 1579 1756 1621 altro

306 1632 380 1672 che
409 1632 448 1672 la
477 1633 721 1673 suffocation
748 1641 892 1673 nostra
921 1634 971 1672 de
1000 1640 1122 1672 nocte
1148 1648 1246 1672 over
1273 1633 1555 1674 submersione
1583 1634 1624 1673 in
1654 1645 1757 1689 per.

305 1687 438 1727 fundo
471 1689 535 1727 del
575 1703 700 1730 mare.
757 1691 802 1729 In
831 1695 978 1743 questo
1011 1703 1126 1727 mezo
1154 1688 1368 1742 vegnando
1394 1687 1647 1743 l’Apocapho
1677 1705 1758 1744 per

306 1743 440 1794 par-tii·
465 1742 502 1781 le
530 1757 687 1782 camere
717 1750 757 1783 et
786 1744 974 1797 designat·
1008 1742 1163 1796 l’opera
1192 1744 1244 1782 ali
1266 1743 1435 1793 maistri,
1460 1758 1579 1784 come
1606 1744 1754 1785 doves..

306 1811 402 1836 seno
453 1798 681 1850 fabricare,
717 1799 835 1837 entrb
871 1799 1018 1838 dentro
1058 1799 1101 1837 in
1139 1800 1176 1838 le
1204 1813 1382 1853 prexone
1423 1798 1514 1838 solo
1545 1814 1568 1838 a
1597 1798 1754 1840 cavallo

307 1866 384 1891 con
413 1867 498 1893 uno
524 1868 647 1893 servo
678 1869 701 1892 a
723 1854 844 1907 piede
872 1853 1050 1893 secundo
1080 1853 1120 1892 la
1146 1869 1219 1893 sua
1247 1868 1406 1893 usanza.
1465 1853 1602 1906 Quelli
1629 1869 1753 1894 vera..

306 1914 443 1947 mente
461 1938 475 1959 ,
510 1909 540 1948 li
579 1909 692 1963 quali
720 1905 845 1948 erano
877 1909 918 1947 in
949 1908 987 1948 le
1014 1923 1195 1962 prexone
1225 1909 1432 1959 retenuti‚
1464 1909 1649 1950 vedendo
1680 1924 1754 1949 co-

305 1962 387 2001 stui
428 1977 546 2003 corne
587 1978 766 2004 comune
792 1964 1009 2017 proditore
1048 1970 1089 2003 et
1119 1971 1266 2016 raptor
1293 1964 1344 2004 de
1372 1964 1410 2003 le
1439 1964 1592 2013 anime,
1623 1971 1664 2004 et
1690 1970 1755 2004 tra

304 2017 333 2055 li
379 2017 474 2058 altri
512 2033 597 2058 uno
635 2021 769 2068 Raul‚
805 2015 859 2059 'de
905 2019 1043 2058 animo
1091 2026 1132 2058 et
1157 2020 1207 2058 de
1236 2033 1387 2073 sangue
1414 2034 1637 2073 generoso,
1668 2033 1754 2059 non

304 2074 511 2125 possando
550 2074 623 2128 pii]
669 2075 757 2114 l'ira
795 2081 835 2114 et
861 2073 907 2113 lu
946 2073 1074 2113 hodio
1115 2074 1340 2122 refrenare,
1369 2089 1485 2128 prese
1514 2074 1554 2113 in
1582 2074 1676 2114 loco
1704 2073 1756 2115 de

304 2129 431 2180 spada
478 2125 567 2168 una*
609 2130 756 2179 stella,
797 2130 836 2168 la
878 2129 998 2183 quale
1044 2144 1064 2167 a
1091 2143 1184 2168 caso
1229 2129 1257 2167 h
1287 2143 1328 2168 se
1369 2137 1570 2174 trovava,
1603 2135 1644 2168 et
1672 2142 1752 2168 con

249 2185 293 2216 23
308 2183 443 2235 quella
473 2199 661 2236 pereosse
686 2181 947 2238 l’Apocap‘ho
979 2184 1019 2222 in
1043 2184 1083 2222 la
1109 2190 1238 2234 testa3
1269 2184 1304 2223 el
1330 2185 1451 2239 quale
1473 2199 1549 2238 per
1565 2183 1606 2222 la
1626 2197 1754 2236 gran..

306 2238 357 2275 de
384 2235 502 2277 botta
530 2240 669 2279 subito
701 2240 753 2278 da
781 2239 939 2279 cavallo
971 2239 1011 2277 in
1045 2245 1154 2278 terra
1182 2245 1356 2289 cazette,
1388 2253 1505 2279 come
1531 2238 1661 2277 l’altro
1677 2238 1753 2276 Sa..

306 2299 376 2330 tan
405 2293 456 2331 da
487 2294 588 2334 cielo
620 2302 772 2335 cazette
802 2295 843 2333 in
870 2301 999 2337 terra.
1053 2293 1105 2333 El
1133 2308 1251 2333 servo
1279 2300 1510 2333 veramente
1539 2307 1583 2332 se
1608 2291 1755 2331 abrazb

305 2362 383 2386 con
417 2348 549 2395 Rani,
598 2357 639 2390 et
680 2350 778 2389 tutti
814 2350 885 2389 doi
923 2363 1041 2388 come
1069 2349 1109 2387 in
1154 2347 1191 2386 la
1215 2350 1390 2401 palestra
1431 2348 1750 2387 conbattevano.

305 2401 374 2440 Un
404 2403 507 2442 altro
534 2404 575 2442 di
601 2406 819 2457 prexoneri
865 2403 971 2444 tolse
1000 2419 1081 2442 una
1106 2399 1270 2442 manara
1301 2403 1390 2442 dele
1417 2417 1536 2442 mane
1565 2402 1644 2441 deli
1673 2402 1752 2442 do..

307 2455 431 2496 latori
478 2458 551 2498 che
587 2459 616 2497 h
661 2461 694 2499 si
724 2466 958 2499 trovavano
979 2489 990 2507 ‚
1022 2466 1062 2498 et
1105 2458 1229 2512 taglib
1259 2458 1295 2497 la
1323 2464 1428 2497 testa
1459 2472 1482 2495 a
1511 2457 1648 2510 quello
1679 2457 1754 2496 che

306 2526 374 2549 era
399 2519 541 2552 cazuto
572 2515 623 2551 da
649 2515 833 2564 eavallo3
879 2514 917 2552 la
948 2514 1045 2568 qual
1071 2520 1228 2566 passata
1254 2527 1334 2552 eon
1364 2527 1419 2550 un
1449 2511 1569 2565 legno
1588 2540 1600 2560 ‚
1629 2525 1753 2564 sopra

306 2581 362 2604 un
409 2566 538 2605 merlo
584 2569 622 2606 la
652 2570 805 2608 flecho.
837 2584 912 2622 per
940 2568 1085 2623 liquali
1115 2567 1319 2622 inopinati
1363 2566 1446 2606 casi
1501 2565 1680 2605 Bisantio
1711 2571 1754 2605 et

308 2628 416 2660 tutta
453 2622 600 2661 Grecia
639 2631 916 2663 amai-amente
955 2625 1116 2676 pianze.
1162 2623 1214 2662 dc
1255 2623 1324 2676 qu}
1366 2635 1469 2660 sono
1518 2620 1693 2659 derivati
1721 2619 1751 2659 li

306 2676 443 2714 damni
486 2684 527 2715 et
569 2678 834 2716 intollerabili
879 2679 1014 2717 aflinni
1063 2679 1103 2717 di
1143 2678 1281 2716 miseri
1311 2675 1486 2725 Romei,
1516 2682 1557 2714 et
1583 2675 1751 2714 ultima-

306 2738 441 2770 mente
467 2731 505 2770 la
534 2732 765 2785 perditione
790 2733 895 2772 della
913 2734 1007 2772 eiua
1034 2740 1074 2772 et
1094 2732 1342 2785 del'imperio
1371 2729 1436 2770 del
1463 2730 1618 2783 grande
1637 2731 1751 2770 Con.-
