1884 3216
348 124 458 192 224
675 142 860 187 nucem
895 141 1183 186 meminus
1217 122 1444 186 NEPoTis

344 247 477 299 μέσον
506 243 643 286 πάντα
671 239 994 300 παρεληλυθότα
1022 239 1248 286 σκάνδαλα.
1300 240 1524 298 βουληθείς
1550 243 1599 286 δὲ
1623 241 1783 299 νόμους

212 317 246 351 Ρ.
270 317 335 352 126
346 311 517 365 ποιῆσαι
544 311 602 367 τῷ
619 309 698 368 υἱῷ
732 308 863 351 αὖτοῦ
880 305 1051 362 ἠγάγετο
1079 309 1248 365 νύμφην
1267 310 1313 351 ἐκ
1330 309 1414 352 τῶν
1440 307 1784 363 ἧγεμόνωνέπρός

346 374 400 418 τά
440 377 512 430 τῆς
538 375 761 429 Ἀρμενίας
795 370 890 428 ὅρια
921 373 1145 427 κειμένων,
1190 376 1404 429 θυγατέρα
1433 377 1510 417 τοῦ
1543 374 1784 430 Τουργατηρ

348 439 503 494 α’νδρὸς
554 435 745 493 οἷρχηγοῦ
799 439 883 478 τῶν
924 438 1056 480 ἐκεῖσε
1102 441 1414 494 παρακειμένων
1462 437 1787 496 Τουρκομάνφν,

349 504 543 560 ὑπεράνω
581 503 891 547 Καππαδόκων.
954 500 1031 557 τὴν
1061 504 1106 546 δὲ
1141 505 1385 561 ,συγγένειαν
1414 501 1567 560 ταύτην
1596 506 1648 547 οὐ
1671 507 1827 548 κατε-5

351 573 495 622 δέξατο
525 569 581 618 ὥς
609 571 653 612 ἑν
681 564 859 620 δυνάμει
894 568 967 608 καί
990 567 1155 627 πλούτῳ
1184 571 1423 624 ι’σοτερίζων
1446 570 1581 628 αὐτῷ,
1610 570 1703 612 ἀλλ’
1729 566 1791 612 ὅτι

352 637 398 678 ἐν
424 637 537 692 μέσῳ
566 635 647 676 τῶν
671 631 997 687 Τουρκοπερσῶν
1020 635 1093 675 καί
1117 634 1193 675 τοῦ
1207 633 1431 690 Καραμάν»
1447 635 1570 677 οἶκῶν
1598 634 1620 677 ὅ
1650 634 1792 691 ῥηθείς

357 697 599 757 Τουργατὴρ
643 693 731 751 εἶχε
758 698 936 739 πάντοτε
961 704 1199 753 συμμαχεῖν
1233 702 1292 757 τῷ
1321 701 1367 742 ἐν
1393 702 1443 758 τῇ
1464 696 1670 759 Ἀμασειξι
1697 701 1794 756 ἦγε·

354 763 572 820 μονεύοντι
597 762 676 821 υἱῷ
698 764 775 804 τοῦ
791 762 978 818 Μωράτ,
1000 765 1073 805 καί
1090 762 1363 819 προσκρούειν
1389 767 1464 807 καί
1492 766 1794 822 τῷ-Καραμοὶν

356 829 543 873 κάτωθεν
585 827 769 883 ὃρμῶντι
797 826 870 869 καὶ
900 829 958 885 τῷ
985 827 1115 883 Καρὰ
1138 824 1343 884 ’[ουσοὺφ»
1365 825 1553 885 ἄνωθεν,
1579 834 1651 874 καί
1674 847 1796 886 μεσι-
1812 843 1861 870 10

354 894 555 949 τευούσης
582 896 655 949 τῆς
682 894 920 947 συγγενείας
947 895 1171 954 κεκτῆσθαι
1197 896 1297 948 παρ’
1325 890 1457 936 αὐτοῦ
1485 895 1560 950 τήν
1585 899 1797 952 τυχοῦσαν

315 959 522 1016 Βάρωγῆν
550 957 622 1001 καὶ
647 959 850 1014 βοήθειαν
868 972 878 983 ·
937 954 1037 1001 ὅθεν
1074 957 1148 1000 καὶ
1171 962 1333 1008 στείλας
1360 961 1432 1002 ἕνα
1458 962 1543 1003 τῶν
1570 962 1701 1005 αὐτοῦ
1726 966 1799 1016 βε-

357 1025 527 1080 ζιρίδων
554 1023 622 1067 τὸν
664 1022 883 1079 λεγόμενον
921 1025 1145 1079 Σαριτζίαν
1182 1021 1336 1078 ἤγαγεν
1355 1023 1485 1080 αὐτὴν
1512 1027 1558 1068 ἐκ
1581 1029 1661 1071 τοῦ
1685 1025 1798 1071 οἴκου

354 1088 510 1145 πατρὸς
536 1088 645 1143 μετὰ
674 1091 798 1145 τιμῆς
824 1085 887 1131 ὅτι
914 1091 1108 1144 πλείστης
1134 1087 1208 1131 καὶ
1235 1090 1371 1145 δόξης,
1400 1092 1614 1147 φέρουσαν
1637 1093 1802 1149 θησαυ-

358 1154 459 1211 ρούς
499 1153 679 1204 πολλοὺς
721 1156 794 1196 καί
818 1153 976 1211 φερνὴν
1016 1154 1339 1198 πολυτάλαντον.
1397 1154 1418 1196 ὃ
1449 1157 1496 1198 δὲ
1525 1155 1700 1212 ΙΗοοροὶτΙ
1731 1153 1868 1201 καίῐό

358 1219 563 1275 πενθερὸς
603 1222 732 1275 αὐτῆς
772 1218 928 1273 μαθών
958 1221 1202 1274 ἐγγίζουσαν
1228 1223 1274 1262 ἐν
1297 1221 1354 1277 τῷ
1380 1223 1559 1279 πορθμῷ
1585 1223 1658 1278 τῆς
1683 1226 1806 1266 Καλ-

360 1284 610 1334 λιουπόλεως
657 1283 821 1338 ἔπεμψε
863 1287 1117 1339 μεγιστᾶνας
1168 1281 1241 1327 ἄπ’
1274 1286 1500 1341 Ἀδριανοῦ
1533 1287 1608 1329 καί
1631 1289 1808 1344 στρατὸν

361 1345 565 1403 εὔζωνον,
592 1349 665 1392 καί
686 1349 872 1405 ὑπάντην
897 1350 1140 1405 ποιήσαντες
1180 1345 1332 1405 ἤγαγον
1357 1351 1418 1399 εἰς
1444 1350 1542 1400 τούς
1566 1349 1704 1403 οἴκους
1733 1355 1809 1395 τοῦ

363 1414 565 1470 ἡγεμόνος
604 1417 650 1458 ἐν
688 1410 1054 1470 Ἀδριανουπόλει.
1120 1413 1142 1455 ὄ
1189 1416 1238 1456 δὲ
1277 1413 1442 1471 ἡγεμών
1480 1414 1587 1470 μετά
1614 1419 1809 1473 πλείστης

363 1481 501 1536 χαρᾶς
527 1478 832 1533 ἀποδεξάμενος
858 1478 934 1535 τὴν
958 1478 1129 1536 νύμφην
1155 1474 1308 1535 ἤρξατο
1336 1485 1468 1522 τελεῖν
1496 1479 1594 1531 τοὺς
1621 1483 1874 1537 γάμους,αο

311 1551 314 1554 ’
366 1547 439 1587 καί
467 1547 645 1594 καλέσας
682 1543 842 1594 πάντας
879 1544 977 1594 τούς
1004 1542 1088 1586 ὖπὸ
1115 1551 1240 1600 χεῖρα
1269 1545 1479 1600 α’ρχηγούς
1509 1549 1584 1589 καί
1607 1546 1811 1604 ἧγεμόνας

369 1606 481 1652 οὕτω
524 1609 734 1665 Ὶούρκους
771 1609 884 1652 καθά
933 1610 1243 1665 Χριστιανούς,
1269 1608 1447 1662 ἅπαντες
1471 1610 1591 1656 ἔθεον
1620 1612 1700 1656 σὺν
1729 1613 1812 1656 δαί-

366 1691 456 1731 ροις
484 1681 650 1725 πολλοῖς
682 1673 951 1731 ἓορτάσοντες
977 1673 1030 1717 τά
1062 1674 1261 1730 γαμήλια.
1318 1675 1545 1732 ἀρξάμενοι
1572 1673 1655 1720 οἷπό
1683 1679 1815 1735 μηνὸς

328 1741 644 1796 (ΞΣεπτεβρίου,
674 1743 745 1783 καὶ
783 1742 1077 1791 τελειώσαντες
1100 1739 1171 1783 τὸν
1197 1741 1312 1796 μῆνα
1348 1743 1600 1799 Δεκέβριον,
1627 1745 1813 1789 ἐτελείω-
1835 1793 1838 1798 .

372 1918 519 1952 ritarum
534 1928 639 1950 causa
655 1916 752 1950 omni
769 1921 916 1950 remota.
933 1916 1091 1950 Mox-ates
1110 1928 1189 1950 cum
1206 1928 1352 1951 uxorem
1367 1917 1451 1951 dare
1468 1918 1544 1952 mio
1559 1929 1624 1952 suo
1640 1917 1818 1952 decrevis-

371 1971 448 2005 set,
485 1976 505 1997 a
530 1963 755 2009 principibus
781 1963 971 1996 Armeniae
999 1963 1163 1997 finitimis
1192 1975 1358 2008 sponsam
1386 1966 1420 1998 ei
1445 1965 1594 2010 petivit,
1619 1964 1817 1998 Turcatiris

371 2012 500 2052 filiam,
517 2011 834 2051 Turcomanorum,
864 2010 927 2054 qui
953 2008 1048 2042 ultra
1063 2009 1291 2055 Cappadoces
1317 2012 1377 2045 siti
1400 2017 1496 2052 sunt,
1518 2012 1702 2057 principis-
1725 2011 1818 2044 hanc

373 2057 581 2091 affinitatem
625 2056 809 2089 ambiebat
840 2067 914 2088 non
949 2061 990 2088 ut
1022 2056 1158 2090 viribus
1187 2067 1228 2089 ac
1262 2057 1399 2092 divitiis
1434 2057 1505 2090 sibi
1527 2069 1670 2103 parem,
1695 2067 1817 2091 verum

372 2105 459 2150 quia
491 2104 656 2136 'I'urcatir
690 2103 786 2135 inter
809 2102 1050 2147 Tureopersas
1086 2108 1123 2136 et
1149 2103 1384 2138 Car-'amanum
1407 2103 1547 2137 medius
1572 2109 1715 2149 poterat
1741 2103 1818 2136 filio

373 2162 438 2184 suo
469 2150 632 2183 Amasiae
667 2148 812 2193 degenti
850 2159 955 2194 opem
981 2149 1073 2181 ferre
1100 2155 1136 2182 et
1160 2154 1231 2182 tam
1259 2150 1455 2184 Caramano
1480 2150 1525 2182 ab
1552 2150 1742 2184 maritimis
1760 2150 1819 2182 lo—

374 2197 448 2237 cis,
490 2208 597 2241 quam
627 2196 716 2229 Cara
753 2196 864 2240 Iusup
888 2195 942 2242 (id
969 2200 1023 2228 est
1047 2195 1147 2239 nigro
1171 2196 1339 2243 Iosepho)
1366 2209 1386 2230 a
1412 2196 1657 2242 superioribus
1680 2196 1818 2229 bellum

374 2243 615 2276 inferentibus
641 2253 718 2275 sese
744 2252 938 2286 opponere.
970 2241 1218 2275 intercedente
1252 2243 1362 2288 igitur
1385 2244 1480 2276 inter
1501 2243 1598 2287 ipsos
1623 2242 1819 2282 affinitate,

376 2290 550 2323 auxilium
575 2295 905 2333 quantumcumque
931 2287 977 2320 ab
1015 2298 1058 2320 eo
1082 2289 1259 2333 sperabat.
1297 2289 1396 2322 misit
1431 2289 1556 2334 itaque
1580 2300 1691 2322 unum
1714 2288 1821 2322 Vezi-

377 2347 497 2369 rorum
520 2347 664 2368 suorum
691 2332 883 2375 Sariciam,
907 2335 972 2379 qui
996 2334 1095 2367 illam
1121 2346 1257 2368 summo
1280 2335 1419 2368 honore
1445 2341 1482 2368 et
1506 2335 1618 2380 gloria
1646 2340 1822 2376 ornatam,

375 2382 563 2415 thesauros
598 2382 729 2414 multos
756 2381 951 2425 dotemque
991 2380 1201 2413 ditissimam
1239 2381 1413 2415 ferentem
1452 2381 1557 2414 domo
1585 2387 1735 2427 paterna
1758 2381 1823 2414 ab·-

378 2429 491 2461 duxit.
521 2428 677 2460 Morates
701 2438 803 2460 socer
827 2433 868 2460 ut
891 2427 937 2460 ad
965 2427 1099 2459 fretum·
1116 2427 1335 2472 Callipoleos
1360 2428 1474 2473 ipsam
1499 2427 1669 2461 accedere
1692 2438 1823 2472 cogno-

376 2475 429 2508 vit
447 2500 456 2514 ‚
481 2474 717 2518 Adrianopoli
754 2484 919 2519 proceres
946 2474 978 2506 ei
1015 2485 1233 2518 manumque
1270 2475 1474 2519 expeditam
1499 2475 1656 2508 militum
1680 2474 1823 2507 obviam

377 2522 497 2560 misit,
524 2521 585 2564 qui
613 2525 797 2565 exceptam
823 2520 1095 2564 Adrianopolim
1128 2521 1165 2553 in
1188 2520 1363 2565 palatium
1387 2522 1559 2566 principis
1585 2519 1822 2554 deduxerunt.

378 2568 495 2600 laetus
522 2566 714 2599 admodum
748 2578 915 2612 sponsam
940 2568 1083 2612 excepit
1122 2567 1336 2611 imperator,
1361 2569 1580 2612 nuptiasque
1601 2566 1823 2606 celebravit,

380 2613 541 2647 invitatis
579 2613 744 2646 omnibus
780 2613 929 2647 ditionis
971 2625 1056 2647 suae
1081 2613 1231 2646 ducibus
1259 2618 1295 2646 et
1317 2614 1565 2658 principibus,
1590 2625 1670 2646 cum
1696 2613 1824 2646 Turcis

379 2666 457 2694 tum
472 2659 702 2701 Christianis3
726 2659 789 2704 qui
802 2659 926 2692 multis
950 2671 1029 2693 cum
1044 2660 1147 2694 donis
1172 2666 1456 2693 accucurrerunt.
1482 2671 1604 2693 mense
1621 2658 1824 2704 Septembri

381 2711 531 2754 coeptae
567 2705 742 2740 celebrari
775 2707 936 2753 nuptiae.
967 2711 1146 2742 transacto
1179 2705 1370 2741 Decembri
1394 2706 1542 2742 desitae.
1563 2707 1688 2754 itaque
1713 2705 1826 2753 patris
