1916 3210
316 135 432 206 462
788 157 972 201 nucu:
1005 148 1276 200 ‘ms-rom».-

315 272 568 315 eongregare
595 265 699 301 tutte
726 258 764 300 le
792 257 972 313 potentie
999 256 1052 299 de
1074 258 1244 300 Oriente
1273 257 1312 300 al
1339 257 1475 314 primo
1499 271 1628 301 zorno
1645 257 1762 302 (10113

321 316 439 356 stella
465 315 708 356 caniculare.
765 313 812 353 ln
842 320 988 367 questo
1022 321 1161 367 tempo
1189 314 1242 357 da
1269 314 1545 368 l’Arcipelago
1571 315 1692 356 entrb
1717 312 1778 357 in*

317 370 581 424 Hellesponto
609 370 714 424 galie
729 369 850 408 XXV
879 368 958 408 allo
975 369 1169 422 opPosito
1200 368 1252 409 de
1278 368 1456 423 Galipoli
1469 398 1482 419 ‚
1514 367 1568 410 de
1593 369 1632 410 le
1659 383 1763 435 qua*

316 426 355 467 le
381 425 524 466 alcune
555 423 790 466 descorriva
818 423 899 462 fine
929 437 953 462 a
979 423 1283 476 Sacrostomio,
1313 423 1552 479 guardando
1579 423 1621 466 le
1647 439 1763 478 uve,

225 480 392 524 nuche
421 481 450 520 li
480 481 654 520 Turchi.
689 491 772 518 non
810 491 1045 531 passasseno
1084 479 1126 517 in
1153 478 1193 519 la
1223 479 1440 520 Romania.
1498 479 1550 519 Li
1578 479 1764 535 Hungari

316 535 362 575 in
389 541 535 588 questo
563 547 676 574 mezo
714 545 938 586 Passarono
979 531 1018 572 el
1044 533 1266 573 Danubio:
1303 548 1422 574 senza
1451 539 1767 575 conti-astuan-

317 587 479 631 davano
507 588 757 642 captivando
786 586 824 626 le
849 586 945 627 ville
974 593 1017 628 et
1060 586 1100 627 le
1127 587 1291 629 castelle
1308 617 1321 639 ,
1350 589 1483 630 finche
1507 602 1685 630 zonzeno
1709 589 1766 631 ad

319 645 495 686 Varnas.
555 644 692 683 Morat
719 656 802 683 non
830 641 1036 682 habiando
1066 642 1157 683 loco
1185 643 1238 683 da
1265 657 1404 698 passar
1423 643 1463 686 el
1491 645 1655 695 canale,
1681 645 1768 685 for-

318 707 362 741 te
380 713 433 740 *se
473 698 657 752 affligiva.
723 696 982 737 Mechemeth
1018 696 1071 738 da
1096 697 1225 738 l'altra
1264 705 1379 752 parte
1404 705 1448 740 et
1473 712 1562 753 esso
1589 699 1658 749 col
1689 713 1766 740 auo

320 754 497 795 exercito
519 781 533 803 ‚
568 751 788 806 spectando
833 765 910 792 suo
939 758 1053 806 patre
1068 781 1082 801 ,
1127 752 1257 793 molto
1286 767 1330 794 se
1357 751 1623 795 conturbavass
1664 754 1769 794 'Pur

349 807 484 848 uando
506 808 546 847 la
576 807 689 847 bona
717 807 887 847 fortuna
912 805 965 847 de
991 808 1136 848 Morat'
1158 806 1273 849 volse
1290 837 1304 860 ,
1334 809 1454 850 trovb
1478 809 1612 863 spatio
1639 808 1769 850 libero

318 824 373 903 33
397 863 435 903 10
461 861 565 918 galie
593 875 753 916 apresso
780 861 825 902 lu
853 863 1028 914 stomi03
1057 862 1163 903 onde
1187 862 1328 911 Morat
1363 864 1429 917 001
1468 877 1545 906 suo
1587 864 1767 905 exercito

319 917 452 972 passo.
509 916 646 968 Quelli
668 916 944 966 Mechemeth,
967 918 1099 957 inteso
1126 915 1224 961 dalli
1245 918 1307 958 soi
1332 919 1580 973 exploratori
1607 919 1648 960 01
1675 933 1770 974 pas-

319 987 388 1012 sar
424 972 477 1013 de
510 974 673 1022 morat,
719 973 762 1012 in
787 986 874 1012 uno
922 985 1049 1012 zorno
1078 986 1121 1011 se
1163 973 1377 1024 unirono,
1414 980 1456 1014 et
1492 972 1536 1014 in
1573 972 1668 1014 altri
1701 973 1769 1015 (101

322 1029 441 1068 zorni
477 1041 709 1067 zonzerono
750 1027 803 1066 ad
849 1027 1023 1069 Varnas.
1062 1026 1340 1067 incontinente
1384 1027 1461 1068 eb'e
1496 1030 1769 1077 arrivaroxm,

327 1095 509 1124 vennero
536 1081 616 1122 alle
643 1095 765 1121 mane
792 1089 871 1121 con
900 1081 931 1121 li
955 1081 1155 1135 Hungari.
1184 1083 1496 1123 combatterono
1522 1082 1631 1124 l‘una
1657 1090 1773 1137 parte

324 1145 366 1178 01
394 1137 523 1177 l'altra
550 1136 678 1177 molto
705 1137 1034 1176 valorosamente
1062 1137 1154 1177 dala
1171 1138 1324 1177 matina
1350 1138 1430 1178 fine
1443 1137 1547 1179 hora
1572 1138 1625 1178 de
1649 1152 1772 1181 nona.

326 1193 378 1235 Li
405 1192 623 1232 Christiani
652 1206 730 1231 con
760 1191 912 1246 grande
940 1190 1066 1231 hodio
1094 1206 1210 1232 senza
1237 1192 1513 1233 misericordia
1538 1192 1773 1248 tagliavano

330 1246 360 1287 li
388 1247 546 1287 Turchi
575 1247 682 1287 circa
710 1245 749 1286 la
779 1246 934 1286 decima
961 1246 1069 1286 hora
1103 1246 1140 1286 el
1165 1247 1302 1287 ducha
1327 1247 1379 1286 de
1406 1247 1591 1300 Sasonii,
1637 1261 1774 1288 essen-

328 1302 383 1342 do
412 1303 560 1341 rimaso
592 1301 682 1342 solo
722 1315 799 1341 con
844 1301 956 1341 circa
994 1302 1283 1355 zinquecento,
1325 1302 1441 1342 volti>
1479 1302 1518 1343 le
1548 1302 1679 1343 retine
1706 1301 1775 1343 (101

331 1354 504 1397 03ν3110.
560 1357 608 1395 In
646 1356 783 1410 quella
811 1356 912 1395 hora
956 1356 994 1396 el
1022 1355 1180 1396 cavallo
1207 1357 1250 1396 fo
1277 1354 1537 1410 gravamente
1563 1357 1706 1407 ferito,
1735 1365 1776 1398 et

332 1411 370 1451 al
402 1410 670 1451 cavalcadore
701 1411 742 1450 so
766 1411 926 1450 buttata
954 1410 993 1449 13
1019 1417 1123 1450 testa
1152 1411 1193 1449 in
1223 1418 1361 1463 terra;
1391 1411 1431 1450 la
1459 1411 1581 1465 quale
1608 1410 1774 1452 subbito

331 1467 471 1505 ficcata
500 1468 542 1505 in
582 1480 664 1505 una
688 1464 813 1505 lautia
829 1494 842 1515 ,
892 1480 934 1505 se
961 1465 1152 1505 aldivano
1179 1465 1329 1506 remori
1359 1473 1400 1506 et
1425 1466 1531 1520 gridi
1566 1467 1682 1507 dire:
1708 1466 1775 1506 chi

332 1535 389 1574 po
432 1521 567 1575 fugir,
610 1521 765 1560 fenzza‘.
839 1520 889 1560 Li
917 1519 1076 1560 Turchi
1105 1519 1339 1574 tagliarono
1369 1522 1484 1561 molti
1512 1520 1736 1562 Christiani
1758 1550 1772 1571 ‚

332 1575 464 1615 finche
494 1575 534 1615 la
560 1582 675 1615 notte
704 1588 862 1617 azonze.
919 1576 1070 1626 laneo,
1102 1574 1140 1614 el
1183 1574 1303 1629 quale
1326 1589 1413 1615 non
1444 1576 1573 1616 havea
1598 1577 1650 1616 ne
1676 1590 1778 1630 per.

332 1644 452 1671 suasa
490 1646 540 1670 ne
580 1630 771 1683 impedita
805 1629 938 1683 quella
975 1629 1178 1682 bataglia‚
1210 1644 1341 1684 apena
1373 1644 1454 1670 con
1478 1630 1519 1670 la
1549 1632 1634 1670 vita
1660 1630 1779 1684 passi>

334 1685 373 1726 el
400 1686 534 1725 fiume.
590 1687 609 1725 Ι
638 1685 794 1726 Turchi
821 1699 900 1724 con
927 1685 1099 1725 victoria
1124 1685 1176 1725 da
1206 1684 1246 1724 la
1271 1685 1448 1739 bataglia
1477 1699 1573 1725 sene
1601 1686 1779 1726 ritorna—

255 1755 323 1780 222
337 1753 461 1781 rono.
513 1739 674 1780 Alhora
716 1741 753 1780 el
787 1739 997 1779 fortunato
1024 1741 1164 1779 Morat
1191 1739 1243 1778 da
1273 1753 1382 1780 novo
1411 1740 1530 1793 passo
1557 1740 1598 1779 in
1626 1740 1664 1780 la
1693 1740 1780 1780 Na-

334 1795 461 1843 tolia‚
490 1803 531 1835 et
559 1794 669 1835 ando
704 1794 755 1834 ad
781 1802 887 1833 stare
917 1795 958 1833 in
989 1794 1216 1848 Magnesia,
1242 1794 1391 1834 ceduto
1420 1795 1457 1834 el
1486 1794 1635 1835 ducato
1663 1794 1702 1834 nl
1729 1795 1781 1834 fi-

336 1850 460 1904 311010
478 1879 490 1899 ,
520 1864 597 1904 per
623 1864 768 1904 passar
792 1851 1067 1903 quietamente
1094 1848 1134 1888 la
1163 1863 1235 1889 sua
1262 1850 1360 1890 vita.
1413 1849 1484 1889 Ma
1511 1849 1539 1889 li
1561 1849 1780 1891 Christiani

335 1919 422 1945 non
451 1906 679 1945 credevano
719 1904 900 1944 anchora
944 1903 1019 1943 che
1058 1903 1097 1943 la
1124 1904 1278 1944 iustitia
1310 1904 1448 1945 divina
1478 1918 1554 1958 per
1579 1904 1618 1944 le
1644 1911 1781 1947 nostre

337 1960 494 2000 malitie
534 1967 575 2000 et
610 1961 772 2014 peccati
811 1961 1054 2013 permettiva
1102 1960 1197 1999 tutti
1238 1958 1267 1998 li
1304 1959 1437 1999 nostri
1473 1958 1585 2001 mali.
1640 1958 1780 1999 Eccho

339 2015 417 2056 che
444 2015 484 2055 la
509 2015 613 2055 iusta
640 2016 702 2055 ira
733 2015 783 2054 de
810 2014 877 2054 dio
898 2020 1097 2068 permette
1122 2013 1304 2054 anchora
1332 2014 1428 2053 altri
1454 2013 1551 2053 mali
1579 2028 1701 2067 sopra
1728 2013 1781 2052 de

340 2071 412 2110 noi
440 2084 513 2123 pei·
540 2069 571 2110 li
596 2070 727 2110 nostri
756 2070 923 2124 peccati.
979 2069 1111 2116 Galil,
1158 2083 1272 2109 come
1298 2068 1451 2109 huomo
1478 2070 1590 2108 savio
1619 2075 1660 2108 et
1685 2082 1782 2122 pra-

340 2126 422 2164 tico
462 2124 528 2164 del
567 2139 745 2179 governo
789 2123 854 2164 del
881 2124 1141 2179 principato,
1183 2124 1368 2165 vedendo
1395 2121 1495 2163 ch’el
1523 2137 1676 2162 zovane
1705 2123 1782 2162 du-

340 2179 419 2220 cha
460 2180 717 2220 Mechemeth
760 2193 842 2218 non
872 2193 1120 2234 prosperava
1148 2186 1188 2218 et
1218 2193 1301 2218 non
1326 2178 1455 2218 havea
1483 2185 1652 2218 ventura
1679 2190 1783 2216 con-

342 2240 408 2274 tra
435 2233 463 2273 li
496 2236 680 2289 Hungari
696 2265 708 2284 ‚
739 2236 870 2274 sci-ive
895 2249 978 2274 una
1007 2234 1148 2274 lettera
1174 2240 1326 2273 secreta
1354 2247 1376 2272 a
1406 2234 1561 2283 Morat,
1591 2231 1667 2271 0110
1691 2236 1781 2271 tor-

345 2302 399 2328 ne
433 2289 475 2327 in
506 2288 785 2344 Andrinopoli
825 2289 863 2328 al
893 2304 967 2329 suo
1012 2288 1181 2343 palam,
1225 2288 1373 2341 perche
1413 2287 1450 2327 el
1489 2286 1664 2326 duchato
1693 2301 1780 2326 non

344 2343 521 2397 procede
556 2358 632 2384 con
672 2345 713 2385 la
750 2358 823 2384 sua
863 2344 980 2384 solita
1019 2342 1314 2397 prosperitade.
1369 2343 1554 2381 Tornato
1582 2343 1717 2381 Morat
1738 2342 1781 2380 in

344 2398 653 2452 Andrinopoli‚
687 2399 922 2439 mesti-ando
963 2401 1077 2439 venir
1104 2398 1157 2438 ad
1196 2398 1426 2438 visitatione
1454 2395 1506 2435 de
1533 2410 1604 2436 suo
1634 2395 1783 2449 figliolo

345 2453 628 2503 Mechemeth‚
676 2469 750 2508 per
788 2453 861 2508 pih
889 2454 1048 2494 honore
1078 2453 1128 2493 de
1157 2467 1229 2492 suo
1256 2461 1370 2506 patre
1388 2481 1401 2502 ‚
1426 2450 1617 2491 intrando
1646 2453 1783 2490 Morat

345 2521 419 2560 per
459 2522 538 2546 una
567 2516 703 2561 porta,
730 2509 788 2547 lui
815 2509 919 2548 ussci
960 2523 1036 2563 per
1064 2507 1192 2547 l'altra
1218 2515 1349 2561 porta,
1377 2504 1590 2546 lassandoli
1622 2506 1660 2544 la
1686 2505 1783 2544 citta

345 2561 394 2601 e’l
421 2560 584 2602 castello
609 2563 656 2602 e’l
688 2563 853 2603 thesoro
879 2565 920 2602 in
949 2563 1129 2617 podesta.
1171 2563 1309 2602 Morat
1337 2561 1501 2601 laudato
1532 2560 1583 2600 da
1611 2566 1717 2600 tutta
1743 2560 1782 2599 la

346 2617 426 2655 cita
457 2623 498 2656 et
530 2617 732 2670 appellato
759 2619 891 2657 dueha
910 2648 923 2669 ‚
951 2618 1100 2658 mandi)
1118 2617 1372 2657 Mechemeth
1400 2615 1451 2655 ad
1478 2628 1610 2654 rezere
1635 2615 1677 2653 in
1694 2616 1783 2655 Ma·

347 2672 496 2724 gnesia.
552 2672 741 2712 Aldendo
771 2673 921 2712 lancho
951 2672 1126 2713 vaivoda
1155 2671 1442 2724 de‘Hungaria
1471 2670 1510 2708 la
1538 2675 1703 2709 tornata
1731 2670 1783 2708 de

348 2728 479 2774 Morat
500 2756 513 2780 ‚
556 2727 673 2781 passi>
717 2728 770 2768 ad
815 2727 918 2774 altra
953 2729 1042 2769 riva
1083 2728 1132 2768 de
1159 2730 1260 2768 Istro
1274 2758 1286 2779 ‚
1319 2732 1358 2766 et
1385 2731 1538 2779 passato
1567 2739 1640 2779 per
1664 2723 1783 2764 molti
