1890 3204
238 178 364 248 ’654

244 296 454 378 Νεὲιρῐιγωε
486 298 734 345 pneumaticus
771 299 858 340 261,
891 311 923 344 9-

318 355 371 384 10,
395 355 404 376 1
436 368 445 376 .

244 389 359 423 Nesus
373 356 454 437 60³2,
484 401 532 438 19.

243 436 378 469 Nicaea
397 437 447 478 13,
473 449 503 472 2.
533 440 585 478 18,
613 439 662 473 13.
683 450 737 483 72,
762 441 794 474 8.

228 483 412 516 'Nicolaus
441 494 533 529 papa
564 484 738 518 Isidorum
763 484 925 519 cardina-

291 529 361 562 lem
387 529 528 575 cpolim
554 531 668 563 mittit
693 533 772 569 252.
804 541 852 576 19.

242 575 453 609 Nicomedia
478 589 533 618 92,
563 581 594 612 8.
618 578 697 619 241,
731 577 779 621 14.

243 621 290 655 ad
314 622 519 667 Nicopolim
544 622 739 656 Christiani
764 622 850 655 victi
869 623 926 665 42,

288 681 320 714 7.
346 668 464 702 clades
492 669 555 703 illa
588 670 732 715 quando
757 668 927 703 acciderit

290 717 371 756 558,
401 726 453 750 10.

242 761 340 794 Nisis
363 773 443 802 222,
473 772 524 802 10,

245 807 476 841 Nivemensis
495 807 568 841 dux
590 819 619 840 v.
646 807 834 842 Iohannes.

240 853 380 888 Nicolai
405 854 546 888 Notarii
573 855 611 888 F.
636 867 657 888 a
682 855 809 889 Turcis
835 855 928 888 occi-

289 911 348 932 sus
370 902 428 944 93,
460 912 509 946 ¹9·

239 945 485 991 Novopridum
504 958 583 992 209,
614 949 664 982 15.

239 993 358 1026 Novus
383 1004 484 1027 mons
511 994 655 1027 Serviae
683 995 760 1038 541,
788 1007 820 1040 9.

239 1038 486 1085 Nymphaeum
500 1041 604 1074 Asiae
627 1043 684 1081 83,
713 1043 762 1086 14.
793 1042 867 1086 104,
892 1044 922 1078 5-

238 1085 379 1119 Marcus
403 1086 555 1120 Obelius
581 1089 661 1133 557,
684 1089 715 1122 6.

219 1143 221 1152 s
241 1132 368 1176 Oguzii
391 1134 475 1174 538,
504 1135 554 1168 13.

239 1180 441 1224 οἰκονομία
452 1180 637 1226 {vuantos
660 1180 738 1225 529,
772 1182 821 1215 13.

239 1225 427 1270 Ooryphas
459 1231 553 1261 terra
585 1227 748 1261 triremes
787 1227 923 1260 traiicit

282 1273 405 1315 6150
438 1298 446 1305 .

236 1318 381 1354 oracula
406 1275 435 1353 e⁴1
448 1318 553 1354 libris
579 1321 693 1366 petita
717 1321 797 1365 617,
822 1321 876 1355 25-

238 1365 395 1398 oratoria
418 1367 502 1408 610,
525 1367 580 1412 46-

235 1411 383 1446 orchau
416 1412 606 1446 othmanis
645 1413 683 1448 F.
708 1412 923 1457 Hellespon-

282 1463 359 1491 tum
381 1460 517 1493 traiicit
545 1460 596 1504 14,
624 1465 676 1495 11.
701 1459 778 1492 eius
801 1458 922 1492 obitus

286 1505 338 1547 14,
361 1515 415 1538 22.
438 1507 503 1550 43,
533 1518 583 1540 11.
624 1505 760 1539 auxilia
798 1505 923 1539 Annae

281 1550 451 1584 adversus
485 1551 773 1585 Cantacuzenum
809 1551 923 1584 mittit

281 1596 340 1637 31,
371 1608 419 1641 19.
445 1609 593 1632 uxorem
618 1598 718 1631 ducit
745 1598 921 1631 Cantatu-

280 1643 360 1676 zeni
382 1642 530 1686 'ssliam‚
570 1650 607 1679 et
640 1655 761 1679 socero
788 1644 922 1679 auxilia

281 1690 396 1724 mittit
420 1691 478 1734 34,
509 1692 559 1726 1⁵.

235 1735 417 1770 Orchanes
444 1737 567 1771 Ioniae
592 1742 730 1783 partem
770 1748 919 1783 recupe-

281 1787 337 1816 rat
361 1785 420 1824 80,
451 1795 478 1817 1.

234 1829 417 1863 Orchanes
432 1830 633 1864 -Baiazitisi
658 1841 770 1875 nepos
797 1831 916 1871 233,1.

281 1881 389 1921 caput
413 1876 448 1910 ei
464 1882 686 1922 amputatum
711 1877 792 1918 301,
821 1879 861 1912 15

235 1922 398 1956 Orientis
432 1928 545 1958 status
586 1923 652 1958 sub
687 1923 867 1960 Michaele
902 1925 917 1958 1

279 1970 491 2015 Palaeologo
522 1971 573 2011 13,
603 1983 633 2016 7.

234 2014 404 2049 otachioi
433 2017 515 2058 615,
539 2018 595 2061 24.

234 2061 392 2097 Othman
419 2066 472 2108 14,
502 2074 551 2098 11.
589 2063 633 2096 de
659 2063 919 2097 Othmanorum

280 2109 432 2153 imperio
455 2109 654 2154 praedictio
671 2112 748 2151 318,
777 2123 826 2146 12-

235 2155 365 2198 Pactya
391 2157 469 2200 557,
497 2158 552 2193 38.

235 2201 450 2246 Palaeologi.

279 2249 427 2282 Alexius
453 2249 532 2293 546,
556 2250 586 2284 3.

281 2294 507 2328 Andronicus
531 2296 649 2329 senior
682 2298 731 2341 14,
758 2299 787 2331 5.
825 2298 920 2331 iuni-

283 2352 324 2373 or
354 2343 402 2385 14,
430 2343 464 2375 6.

282 2387 506 2422 Andronicus
531 2388 699 2422 Iohannis
722 2392 805 2435 imp.
821 2390 859 2424 F.
885 2392 921 2426 in

278 2439 418 2478 patrem
455 2435 619 2468 coniurat
653 2436 709 2480 44,
730 2449 764 2469 .1.
796 2448 922 2473 excae-

282 2486 387 2514 catur
404 2492 483 2514 cum
513 2482 588 2514 filio
610 2493 673 2515 suo
701 2483 859 2517 Iohanne
885 2490 920 2518 et

283 2528 415 2561 carceri
437 2527 653 2561 mandantur
672 2531 727 2574 44,
750 2535 790 2566 18
827 2531 921 2564 libe-

225 2596 227 2598 *
282 2579 380 2607 ratus
396 2579 534 2618 patrem
559 2575 759 2620 fratresque
781 2578 819 2609 in
844 2588 920 2610 car-

282 2630 398 2653 cerem
418 2620 565 2654 coniicit
581 2626 618 2653 et
632 2621 824 2665 imperator
837 2635 921 2668 pro-

280 2667 524 2709 clamatur45,
552 2678 601 2702 10.
627 2668 815 2712 imperium
841 2671 920 2703 red-

283 2713 339 2747 dit
371 2719 407 2748 et
435 2713 668 2757 Selymbriam
694 2715 769 2747 abit
793 2718 848 2758 46,
874 2720 905 2750 8.

282 2760 504 2795 Andronicus
536 2760 712 2794 Manuelis
740 2763 774 2794 1⁴¹.
805 2762 921 2795 Thes-

816 203 818 207 ’
876 197 1038 242 INDEX

1038 293 1150 330 saliae
1174 303 1236 329 rex
1262 294 1336 341 134,
1360 294 1392 330 5.
1418 293 1674 342 Thessalonica

1038 342 1184 376 eiicitur
1214 353 1289 388 197,
1312 343 1368 377 23.
1636 338 1643 346 ’

1036 388 1294 422 Constantinus
1318 386 1497 423 Manuelis
1523 388 1607 435 imp.
1626 387 1676 430 [F.

1035 433 1206 469 Iohannis
1239 434 1324 480 imp.
1356 435 1466 468 frater
1495 436 1568 478 134,
1596 446 1627 482 7.
1653 445 1676 467 a

1035 483 1178 516 Morate
1213 481 1330 515 victus
1353 481 1434 522 223,
1457 480 1491 517 5.
1533 478 1675 526 Cpolim

1036 529 1137 562 venit
1160 532 1197 562 et
1209 538 1333 573 pacem
1357 539 1437 561 cum
1451 527 1591 562 Morate
1614 525 1676 573 fir-

1039 580 1114 608 mat
1137 575 1215 615 223,
1240 585 1295 609 20.
1325 575 1412 608 item
1447 584 1527 607 cum
1549 573 1676 607 Mehe-

1038 627 1133 654 mete
1159 622 1237 662 232,
1259 622 1290 655 3.
1315 631 1499 666 nunquam
1525 630 1675 654 corona-

1038 673 1095 701 tus
1136 668 1330 713 imperator
1355 669 1434 712 234,
1463 677 1512 712 17.
1544 665 1588 700 ‹le
1615 671 1675 700 ca·-

1039 720 1111 748 stro
1135 724 1228 748 novo
1252 712 1441 748 aedificato
1477 712 1581 759 apud⁴
1597 711 1677 759 Me-

1038 759 1218 794 hemetem
1248 761 1410 806 queritur
1441 771 1506 805 per
1540 759 1676 805 legatos

1040 809 1120 849 238,
1145 810 1195 843 16.
1220 809 1301 841 euin
1316 811 1416 852 rogat
1426 811 1468 840 ut
1490 806 1566 852 agri
1588 805 1676 839 sub-

1041 853 1170 887 urbani
1207 853 1360 898 Cpoleos
1385 852 1569 887 serventur
1594 853 1674 898 243,

1039 902 1070 936 3.
1094 906 1214 946 portas
1239 900 1337 934 urbis
1362 899 1501 934 claudit
1525 904 1562 932 et
1581 898 1675 944 Tur-

1037 958 1096 980 cos
1136 948 1174 981 in
1219 958 1261 979 ea
1300 946 1540 994 deprehensos
1578 956 1618 986 ca
1645 945 1677 979 it

1039 995 1117 1039 244,
1144 1005 1196 1030 2¹-
1223 993 1354 1032 iterum
1378 993 1514 1039 legatos
1531 989 1577 1025 ad
1635 1002 1674 1025 e-

1036 1039 1216 1074 heiuetem
1242 1040 1355 1080 mittit
1378 1040 1458 1084 245,
1487 1048 1534 1073 12.
1570 1039 1675 1083 1101ιί-

1036 1087 1086 1120 lia
1118 1099 1138 1120 u
1154 1098 1246 1142 papa
1269 1087 1364 1132 petit
1380 1085 1573 1128 0100101113
1588 1087 1676 1130 0011-

1036 1134 1274 1167 firmationem
1289 1134 1367 1174 252,
1398 1123 1673 1182 1201111111ᾇῇ10

1035 1180 1162 1215 urbem
1185 1184 1385 1225 comportat
1406 1180 1486 1225 257,
1518 1181 1675 1225 1400111

1035 1227 1214 1262 Galatinis
1238 1226 1388 1263 Venetis
1402 1219 1528 1272 nrbern'
1536 1220 1676 1275 propu-

1034 1282 1141 1318 gnare
1166 1273 1300 1318 cogitat
1323 1275 1403 1318 265,
1427 1274 1473 1308 6.“
1497 1272 1673 1319 quantum

1034 1326 1155 1365 potest
1177 1320 1215 1354 id
1239 1321 1313 1366 agit
1339 1321 1419 1360 266,
1444 1330 1498 1365 ,10.
1523 1318 1675 1366 deiectis

1033 1368 1145 1401 muris
1168 1367 1268 1402 urbis
1293 1365 1338 1400 de
1362 1364 1479 1409 salute
1507 1365 1675 1412 desperat

1034 1416 1113 1457 276,
1140 1416 1174 1449 5.
1197 1414 1335 1447 tributo
1350 1412 1547 1458 Mehemeti
1570 1411 1676 1458 obla-

1034 1464 1072 1492 w
1107 1461 1260 1494 salutem
1285 1457 1356 1494 sibi
1391 1464 1428 1493 et
1452 1456 1674 1504 0111111000-

1034 1506 1083 1540 rit
1109 1508 1188 1551 276,
1210 1517 1258 1540 12.
1282 1506 1328 1539 ad
1340 1504 1565 1539 deditionem
1588 1502 1674 1539 hor-

1034 1553 1135 1593 tanti*
1158 1552 1353 1597 respondet
1375 1555 1454 1593 280,
1480 1565 1511 1596 7.
1536 1553 1674 1587 lamen-

1035 1598 1164 1632 tabilia
1197 1600 1273 1632 eius
1298 1598 1407 1632 verba
1427 1600 1507 1639 286,
1531 1600 1584 1633 23.
1612 1608 1673 1630 00-

1035 1645 1170 1680 ciditur
1197 1648 1276 1691 287,
1301 1648 1330 1690 4.
1360 1656 1379 1678 a
1417 1644 1550 1690 quibus
1577 1644 1675 1676 occi-

1036 1704 1095 1725 sus
1121 1693 1202 1733 300,
1227 1694 1256 1727 8Δ
1283 1696 1391 1736 caput
1415 1691 1572 1736 agnitum
1593 1689 1674 1724 Me-

1031 1738 1165 1772 hemeti
1212 1740 1358 1772 affertur
1386 1743 1439 1770 et
1483 1736 1672 1770 columnae

1032 1781 1185 1830 affigitur
1209 1787 1290 1825 300,
1315 1785 1365 1819 15.
1393 1783 1438 1817 de
1464 1794 1506 1816 eo
1530 1783 1676 1824 51013.

1031 1832 1236 1865 Demetrius
1252 1830 1429 1864 Manuelis
1445 1830 1484 1868 F.
1508 1828 1665 1869 Achaiae

1033 1877 1183 1923 despota
1218 1878 1336 1921 134,8.
1363 1877 1439 1910 eius
1466 1887 1555 1909 uxor
1579 1876 1674 1911 obiit

1034 1926 1120 1965 215,
1152 1926 1199 1959 13.
1234 1923 1278 1957 ab
1304 1923 1483 1958 Albanius
1507 1922 1674 1968 proditur

1034 1977 1071 2005 et
1093 1982 1113 2004 a
1132 1971 1270 2005 Morate
1295 1971 1408 2004 victus
1433 1971 1512 2011 223,
1536 1982 1570 2014 9.
1593 1969 1673 2003 Me-

1033 2018 1169 2051 hemeti
1194 2029 1231 2050 se
1266 2016 1445 2062 permittit
1470 2021 1506 2049 et
1529 2015 1672 2061 Cpolim

1032 2065 1246 2099 transfertur
1272 2066 1352 2108 340,
1381 2064 1413 2107 4.
1443 2064 1522 2104 521,
1547 2065 1578 2096 5.

1032 2110 1211 2144 Iohannes
1235 2111 1319 2156 imp.
1334 2108 1527 2143 Andronici
1551 2109 1672 2142 iunio-

1034 2159 1082 2192 ris
1110 2159 1195 2203 imp.
1223 2157 1261 2190 F.
1287 2158 1363 2190 eius
1389 2166 1506 2192 mores
1530 2161 1568 2189 et
1590 2166 1671 2188 0010

1037 2204 1286 2237 Cantacuzeno
1341 2202 1478 2235 bellum
1519 2213 1577 2246 19,
1621 2200 1669 2237 18'.

1033 2251 1207 2284 Helenam
1223 2250 1503 2292 Cantacuze'nam
1525 2259 1671 2283 uxorem

1035 2297 1137 2331 ducit
1159 2299 1215 2338 38,
1237 2309 1284 2330 11.
1309 2295 1470 2340 ignaviae
1495 2305 1531 2328 se
1559 2294 1672 2328 tradit

1035 2346 1091 2388 39,
1113 2346 1146 2378 6.
1167 2345 1223 2389 44,
1255 2355 1313 2376 11.,
1327 2344 1365 2375 in
1387 2341 1532 2385 Italiam
1552 2340 1671 2378 ‚disce-

1035 2391 1090 2424 dit
1115 2396 1151 2424 et
1176 2389 1365 2423 revertitur
1389 2388 1444 2431 40,
1472 2389 1501 2421 3.
1529 2387 1671 2432 Cpoliru

1035 2448 1102 2481 ope
1128 2436 1306 2481 Gatelusii
1345 2439 1531 2479 recuperat
1557 2434 1613 2477 42,
1637 2445 1670 2469 a.

1035 2495 1116 2516 cum
1141 2483 1226 2517 filiis
1251 2481 1417 2516 M‘anuele
1442 2486 1477 2513 et
1499 2479 1671 2514 Theodo-

1036 2541 1075 2562 ro
1105 2529 1149 2563 ab
1174 2529 1379 2563 Andronico
1393 2528 1431 2561 F.
1455 2538 1519 2560 suo
1545 2537 1670 2559 excae-

1035 2581 1113 2610 cato
1149 2577 1387 2609 incarceratus
1416 2578 1452 2607 et
1467 2573 1553 2606 inde
1573 2572 1670 2605 lihe-

1035 2628 1132 2656 ratus
1155 2624 1212 2666 45,
1233 2633 1283 2656 10.
1310 2621 1519 2657 tributarius
1545 2619 1586 2652 fit
1603 2619 1669 2651 Ba-

1034 2669 1132 2702 iaziti
1170 2670 1233 2712 47,
1270 2671 1299 2702 5.
1338 2668 1487 2701 Auream
1529 2669 1669 2710 portam

1033 2716 1136 2760 Cpoli
1162 2715 1278 2747 munit
1303 2715 1359 2758 47,
1382 2725 1430 2757 ¹7·
1456 2723 1531 2745 eam
1558 2711 1670 2745 diruit

1036 2763 1133 2795 iussu
1149 2761 1315 2794 Baiazitis
1327 2762 1389 2804 48,
1410 2770 1457 2792 12.
1480 2758 1558 2792 obit
1569 2758 1623 2803 49,
1635 2757 1670 2793 5.
