1916 3210
318 146 434 217 384
795 167 976 210 nncAa
1011 166 1271 209 ms‘romA

315 267 412 309 fano
442 281 522 309 con
562 266 759 309 Snlmano
798 267 848 308 e’l
892 273 1000 308 resto
1030 266 1080 307 de
1108 267 1224 308 Servi
1249 281 1326 307 con
1355 267 1512 321 grande
1537 267 1760 312 velocium&

315 323 491 377 scampb.
560 323 589 364 li
616 323 771 364 Turchi
814 321 1034 362 vedendosi
1067 321 1337 374 circumdati,
1367 337 1484 364 senza
1519 324 1759 366 ordenamu-

319 392 561 418 menzarono
603 392 627 418 a
669 378 813 417 fuzire.
846 376 875 416 li
908 377 1072 416 Tartari
1110 390 1225 416 senza
1254 378 1527 417 misericordia
1553 381 1761 435 persequi-

316 433 472 472 tandoli
489 462 501 483 ,
530 447 643 473 come
667 433 780 480 cani,
810 430 840 470 li
867 430 1023 470 andava
1053 432 1283 472 amazando.
1337 432 1518 472 Paiasith
1547 448 1620 488 per
1646 447 1760 475 mmo

318 487 358 527 el
385 502 531 541 campo
557 501 632 541 per
649 486 689 525 13
716 486 787 539 pia
813 499 946 538 spessa
972 485 1230 526 moltitudine
1252 490 1298 526 vse
1312 487 1431 527 misse
1459 503 1483 527 a
1512 486 1643 543 fugire
1666 501 1763 531 ver·-

317 555 364 582 so
390 541 430 582 la
456 551 674 596 montagna
699 554 775 580 con
805 541 915 579 circa
940 540 980 580 X
1007 541 1115 581 milia
1142 541 1295 581 schiavi
1314 571 1326 593 ‚
1363 542 1440 582 che
1466 542 1555 582 loro
1582 543 1762 584 chiama-

320 608 377 636 no
402 598 586 640 zanizari.
631 596 675 634 za
711 608 833 635 erano
861 595 966 639 facte
1006 594 1046 635 18
1072 595 1181 635 eride
1209 595 1384 635 secundo
1415 596 1454 637 le
1480 596 1564 638 leze
1589 599 1763 640 militare

326 650 381 691 de
411 651 576 706 Scythi,
605 650 682 690 8118
724 657 832 689 rotto
865 649 909 689 lu
934 651 1134 701 exercito,
1167 650 1254 690 fora
1283 651 1332 691 de
1359 651 1536 706 bataglia
1563 667 1585 692 a
1614 654 1762 694 nisano

321 706 382 747 sia
410 705 520 746 licito
552 705 623 759 pia
651 719 832 745 amazare
860 703 898 744 el
925 718 998 744 suo
1027 706 1207 756 inimico,
1241 719 1307 745 ma
1333 705 1426 746 torli
1456 707 1493 746 le
1518 707 1692 762 spogfie,
1721 715 1763 748 et

321 760 352 800 li
391 761 505 814 corpi
548 759 647 800 nudi
678 759 826 799 lassare
870 759 1033 799 andare.
1090 761 1135 799 In
1165 767 1305 813 questo
1344 767 1479 814 tempo
1505 770 1688 803 extremo
1730 762 1761 803 li

321 815 494 855 zanizari
522 822 662 854 contra
692 815 853 854 Tartari
881 828 996 854 come
1033 813 1141 854 leoni
1170 815 1516 856 fortissimamente
1552 818 1762 857 8011111318-

264 874 312 909 68
327 884 448 910 vano.
475 871 543 909 Ma
567 869 649 910 -che
676 869 886 923 podevano
910 869 1010 909 dexe
1040 876 1183 909 contra
1207 873 1356 909 cento?
1383 869 1420 909 31
1449 871 1528 911 fine
1554 872 1592 912 el
1621 885 1764 912 11181101·

322 938 496 964 numero
523 925 589 965 dal
618 939 756 964 mazor
784 925 825 964 fu
847 931 1031 978 superato
1060 932 1099 964 et
1120 926 1269 967 vincto.
1323 925 1380 964 Et
1391 925 1568 966 Paiasith
1594 927 1647 967 da
1659 927 1764 968 Tar·—

321 980 401 1019 tari
442 980 488 1019 fu
527 979 831 1033 recognosciuto
867 987 907 1019 et
945 979 1051 1018 iusto
1099 993 1214 1020 come
1257 979 1436 1019 laurachi
1463 979 1530 1020 1181
1557 981 1764 1022 rinzachio

321 1034 544 1088 trepidare.
601 1035 723 1074 Alora
753 1033 886 1073 alcuni
912 1034 1076 1073 Tartari
1104 1035 1376 1074 accostandosi
1408 1033 1448 1074 al
1474 1049 1549 1075 suo
1575 1035 1658 1076 lato
1679 1036 1765 1077 dis-

324 1103 452 1129 seno:
481 1089 626 1142 Signor
655 1089 860 1140 Paiasith‚
890 1088 1113 1128 desmouta‘
1130 1089 1181 1128 da
1208 1088 1391 1140 cavallo,
1421 1090 1569 1143 perche
1595 1093 1760 1142 Demir,

321 1144 474 1197 grande
490 1144 731 1198 imperador,
761 1151 801 1184 te
818 1144 988 1183 chiama.
1015 1143 1069 1183 Et
1099 1143 1234 1197 quello
1262 1144 1496 1185 reluctando
1523 1144 1564 1185 fo
1590 1153 1763 1186 astrecto

322 1213 347 1239 a
380 1198 658 1250 desmontare,
696 1198 871 1253 perche'l
915 1212 989 1238 suo
1021 1198 1175 1238 cavallo
1203 1213 1271 1239 era
1299 1199 1477 1240 Arabico
1493 1230 1507 1250 ‚
1533 1199 1585 1240 de
1611 1201 1763 1254 grande

320 1253 555 1294 valimento.
584 1261 623 1294 et
653 1253 760 1293 facto
790 1260 950 1292 montar
978 1253 1020 1292 in
1049 1267 1106 1292 un
1134 1253 1238 1293 altro
1264 1253 1447 1301 cavallo,
1478 1255 1520 1294 fo
1547 1261 1710 1296 menate
1736 1269 1763 1296 a

320 1308 466 1348 Demir
493 1308 591 1353 Can.
648 1308 862 1348 Habiando
889 1309 1018 1347 inteso
1046 1308 1186 1347 Demir
1214 1308 1289 1348 8118
1314 1308 1493 1348 Ρ31351111
1519 1323 1589 1349 era
1617 1324 1762 1363 prese,

321 1363 482 1402 subbito
521 1364 562 1403 in
602 1377 712 1403 mezo
752 1363 781 1402 il
815 1377 956 1415 campo
997 1362 1082 1402 fece
1120 1362 1291 1402 ficchare
1331 1377 1413 1401 uno
1439 1363 1694 1417 paviglione‚
1721 1371 1764 1405 et

323 1417 472 1457 dentro
514 1418 558 1457 in
601 1431 683 1456 una
721 1418 829 1457 sedia
861 1423 1017 1456 scutato
1042 1431 1083 1456 se
1109 1418 1207 1456 mise
1229 1431 1253 1456 a
1278 1416 1448 1457 zochare
1478 1432 1503 1458 a
1530 1418 1570 1458 lo
1598 1419 1758 1471 zatrici,

247 1502 255 1510 ,
323 1471 362 1511 81
388 1472 482 1526 qual
510 1472 632 1512 zocho
662 1472 688 1511 li
716 1473 831 1512 Persi
854 1472 1064 1510 chiamano
1092 1477 1278 1510 santraze
1316 1473 1343 1521 (i
1372 1473 1506 1511 Latini
1550 1472 1763 1514 chiamano

322 1526 550 1578 schacchi),
598 1526 831 1567 mostrando
868 1540 940 1580 per
977 1525 1113 1578 quello
1144 1526 1219 1565 8118
1248 1541 1345 1579 poca
1376 1541 1471 1566 cura
1503 1527 1630 1568 havea
1657 1528 1763 1569 della

320 1595 436 1635 presa
465 1581 516 1622 (18
535 1582 736 1632 Paiasith,
765 1595 877 1621 come
905 1580 1041 1633 quello
1068 1580 1142 1619 8118
1169 1582 1213 1619 za
1240 1580 1284 1619 lu
1309 1581 1438 1621 havea
1465 1581 1532 1620 nel
1559 1582 1645 1622 lazo
1665 1597 1761 1637 pre-

321 1651 383 1676 50.
439 1638 509 1676 Μ3
555 1644 755 1676 mostrava
782 1636 819 1675 el
844 1636 1047 1675 contrario
1087 1634 1137 1674 de
1166 1634 1260 1688 quel
1287 1635 1362 1675 che
1391 1636 1521 1676 havea
1549 1636 1618 1677 nel
1641 1652 1764 1689 core,

324 1700 366 1733 et
396 1691 552 1731 benche
590 1692 756 1731 havesse
786 1690 904 1743 dopio
933 1690 1133 1739 exercite,
1167 1703 1248 1743 pur
1295 1690 1532 1743 trepidam,
1557 1692 1764 1744 pensando

322 1746 363 1787 la
391 1746 472 1785 fine
502 1747 654 1786 incerta
683 1745 772 1785 dela
799 1745 993 1784 iminente
1017 1743 1202 1797 bataglia.
1258 1744 1409 1784 Poiche
1436 1745 1567 1785 hebbe
1594 1760 1764 1800 cognos-

325 1803 435 1842 ciuta
463 1801 504 1840 la
539 1800 711 1841 victoria
742 1807 870 1849 certa,
900 1798 1127 1838 cavillando
1155 1799 1192 1838 81
1220 1798 1302 1838 (1011
1330 1799 1420 1839 (1813
1447 1800 1606 1840 fortuna
1632 1809 1672 1841 et
1698 1808 1764 1842 31-

324 1856 543 1896 tribuendo
572 1857 610 1895 lo
638 1855 717 1894 alla
744 1869 815 1894 sua
841 1855 974 1902 vex-th,
1006 1853 1196 1893 comenzb
1226 1867 1249 1893 a
1279 1853 1470 1894 deludere
1498 1855 1674 1896 Paiasith
1699 1858 1764 1897 801

324 1910 479 1951 zuocho
521 1910 614 1950 delli
666 1909 843 1952 schachi.
918 1908 1113 1948 Levando
1151 1908 1339 1962 adunque
1379 1909 1407 1948 li
1444 1909 1604 1950 Tartari
1641 1912 1765 1952 Paia—

326 1966 407 2007 sith
448 1967 579 2006 dricto
622 1978 739 2018 sopra
766 1964 803 2004 le
830 1963 964 2017 palme
986 1962 1091 2003 delle
1122 1977 1240 2002 mane
1266 1977 1342 2002 con
1369 1964 1502 2017 grindi
1530 1970 1571 2004 et
1598 1979 1697 2005 voce
1723 1965 1763 2006 al

325 2020 420 2072 ciel,
448 2021 643 2061 dicendo:
673 2019 800 2074 gloria
829 2025 868 2058 et
898 2019 1067 2058 victoria
1093 2032 1118 2057 3
1145 2025 1205 2065 18,
1228 2019 1380 2069 Demir,
1408 2018 1563 2071 grande
1591 2020 1765 2074 impera-

324 2076 403 2115 dor
430 2077 479 2115 de
507 2077 655 2118 Persia.
720 2075 978 2114 Presentemo
1010 2073 1048 2113 al
1086 2080 1158 2112 tuo
1187 2073 1357 2126 imperio
1382 2073 1585 2126 Paiasith‚
1612 2077 1765 2129 princi-

325 2145 376 2184 pe
404 2132 456 2171 dc
498 2130 675 2180 Turchi,
716 2129 811 2169 vivo
838 2128 1016 2168 secundo
1051 2127 1088 2168 el
1122 2134 1194 2167 tuo
1223 2127 1567 2170 comandamento,
1622 2131 1765 2170 Demir

268 2186 558 2237 69mostrando
586 2185 711 2224 haver
739 2183 899 2223 l’animo
927 2184 1084 2222 intento
1113 2181 1152 2221 31
1181 2183 1324 2232 zocho,
1353 2196 1435 2222 non
1460 2183 1617 2236 guardb
1642 2185 1763 2224 Paia-

326 2241 406 2279 sith
451 2242 501 2280 118
541 2239 670 2279 3118118
711 2238 750 2278 13
791 2239 916 2277 turba
945 2237 1044 2277 che'l
1086 2244 1338 2290 presentava.
1393 2238 1449 2276 Et
1475 2239 1594 2290 quelli
1623 2237 1764 2279 alhora

327 2308 402 2334 con
439 2309 575 2334 mazor
606 2307 704 2334 voce
733 2295 981 2332 annuntiava
1022 2292 1061 2331 la
1087 2292 1260 2332 victoria
1287 2298 1329 2332 et
1357 2291 1395 2331 13
1423 2306 1541 2345 presa
1568 2293 1618 2332 (18
1644 2294 1763 2334 Ρ3ἰ3-

329 2350 423 2392 sith.
479 2350 621 2388 Demir
654 2350 697 2387 in
729 2347 862 2401 quella
897 2347 1000 2387 hora
1029 2361 1142 2400 perse
1170 2347 1206 2386 el
1233 2347 1375 2396 zocho,
1413 2354 1453 2386 et
1480 2361 1553 2386 suo
1583 2347 1704 2401 figliol
1732 2348 1763 2388 li

328 2404 446 2442 dicde
477 2404 620 2443 scacho
655 2403 834 2445 zochato.
906 2404 955 2441 In
981 2401 1118 2455 lingua
1160 2402 1284 2441 Persa
1323 2408 1572 2441 scacozocato
1602 2417 1646 2442 se
1673 2403 1764 2443 dice

326 2460 456 2498 siam-u
479 2473 491 2508 3
531 2466 570 2498 et
610 2459 662 2497 da
697 2457 829 2511 quella
871 2457 972 2496 hora
1011 2458 1122 2510 inpoi
1151 2470 1223 2494 suo
1250 2456 1371 2509 figliol
1398 2456 1438 2494 fo
1457 2456 1656 2496 chiamato
1684 2459 1764 2497 sia-

327 2527 413 2554 cru.
470 2514 610 2552 Demir
653 2512 828 2552 levatose
856 2512 906 2551 da
932 2519 1088 2551 semare
1105 2539 1117 2560 ‚
1155 2518 1217 2550 tra
1247 2510 1287 2549 13
1313 2510 1465 2562 grande
1493 2510 1613 2550 turba
1640 2512 1763 2552 vidde

327 2567 529 2619 Paiasith3
572 2567 610 2606 al
648 2567 744 2621 qual
785 2567 1020 2619 guardando
1063 2565 1190 2608 disse:
1230 2566 1296 2604 Sci
1322 2573 1366 2604 tu
1392 2564 1528 2617 quello
1554 2566 1628 2605 che
1657 2581 1761 2619 poco

331 2622 464 2663 avanti
490 2635 682 2675 seperave
708 2622 758 2660 da
786 2622 853 2660 noi
881 2621 920 2661 18
953 2628 1088 2660 nostre
1113 2621 1244 2670 done,
1277 2634 1319 2659 se
1346 2627 1490 2660 contra
1515 2626 1555 2658 te
1582 2635 1660 2660 non
1691 2635 1761 2661 ve·-

330 2690 500 2717 nevamo
527 2691 550 2715 a
579 2685 716 2730 questa
744 2680 916 2728 guerra?
969 2676 1022 2715 Al
1049 2675 1143 2728 qual
1166 2674 1344 2715 Paiasith
1372 2674 1650 2728 respondendo
1678 2675 1762 2714 dis-

331 2743 399 2775 se:
443 2732 482 2771 io
520 2745 591 2771 son
632 2730 784 2785 quello.
858 2731 926 2771 Ma
964 2745 1036 2784 per
1073 2736 1217 2784 questo
1261 2744 1343 2771 non
1371 2743 1413 2771 se
1440 2743 1617 2773 convene
1647 2735 1762 2771 tanto
