1884 3216
307 177 418 212 210
638 177 821 219 DUCAE
857 176 1144 221 MchAELls
1185 174 1410 219 NEPOTlS

300 277 454 329 πέμπει
484 274 618 318 αὐτὸν
646 277 817 330 δέσμιον
843 277 887 317 ἐν
902 274 1234 327 Καλλιουπόλει,
1265 274 1516 331 φυλακήσας
1546 270 1750 320 αὖσὸνὲν

298 344 357 398 τῷ
387 338 544 399 πύργῳ,
574 341 711 396 εὑρών
740 343 877 384 αἰτίαν
907 338 967 381 ὅτι
996 341 1040 382 ἐν
1067 342 1116 397 τῇ
1133 341 1318 399 Ου’γγρία
1341 339 1487 394 ἔμελλε
1514 337 1751 398 προδόσέιν

296 404 425 448 αὐτὸν
453 403 521 448 ὅτε
549 405 838 461 προωδοποίει,
864 404 936 446 καί
963 400 1069 447 ἄλλα
1093 404 1184 448 τινὰ
1210 408 1478 462 ἐφευρὲματα
1494 404 1525 448 ἃ
1553 402 1749 451 διενόειποα

300 472 549 526 Φαδουλάχ.
604 470 782 526 ποιήσας
812 465 887 513 οὖν
918 471 1074 526 ἡμέρας
1112 470 1268 521 πολλὰς
1297 474 1342 514 ἑν
1367 474 1427 529 τῷ
1453 469 1627 531 πύργῳ,
1651 473 1750 532 ὁζὴφ

297 549 428 592 τησαν
455 542 556 593 παρ’
587 538 700 595 αὐτῷ
717 535 814 586 τὀὑς
835 535 953 585 υἱοὺς
975 533 1109 578 αὐτοῦ
1133 534 1332 593 ὁμήρους,
1359 536 1432 579 καὶ
1450 538 1624 590 πέμψας
1649 536 1787 595 ἕψε-5

298 618 346 656 ρε
377 602 452 645 καί
489 604 728 658 παρέδωκεν
769 598 926 650 αὐτοὺς
973 601 1035 644 ἔτι
1063 603 1263 658 α’φήλικες
1290 598 1419 652 ὄντες.
1478 603 1503 646 δ
1531 605 1578 646 δὲ
1605 601 1750 658 λαβῶν

257 664 409 710 Οαιῖτοὶ
453 669 613 710 στέλλει
647 669 692 709 ἐν
723 670 774 724 τῇ
815 663 996 723 ἀνατολῇ
1024 668 1069 709 ἐν
1095 668 1214 725 Ἀσίᾳ
1246 669 1291 710 ἐν
1327 666 1489 726 κάστρῳ
1517 667 1749 722 τινὶΝύμὲ-

292 748 419 788 φαιον
449 731 804 785 ἐπονομαζόμενον
813 764 826 783 ,
863 733 1144 786 παραγγείλας
1173 734 1403 789 φυλάττειν
1431 736 1639 787 ἐπιμελῶς
1666 736 1749 776 oev'-

292 798 360 844 τά,
424 796 496 840 τὸν
538 799 585 839 δὲ
631 797 924 851 Δραγούλιον,
967 796 1068 846 δοὺς
1099 795 1248 852 ὅρκους
1280 797 1352 840 καί
1376 797 1518 852 λαβὼν
1543 796 1601 848 ὥς
1628 796 1748 858 ἔσται

292 862 440 912 πιστὸς
483 862 566 904 α’πὸ
609 865 686 905 τοῦ
726 866 804 905 νῦν
832 865 904 905 καί
936 865 995 911 εἰς
1025 862 1070 905 τὸ
1100 860 1457 918 ἑξῆς,«άπέλυσεν
1485 866 1531 907 ἐν
1559 866 1744 922 Βλαχίᾳ.
1764 882 1811 910 10

293 929 419 982 ἔαρος
447 930 494 970 δὲ
533 930 769 983 α’ρξαμένου
808 927 983 984 στρατὸν
1030 931 1182 982 ἐγείρει
1210 930 1342 982 μέγαν
1368 931 1441 970 καί
1470 927 1603 971 πολύν
1631 927 1678 972 ε”κ
1701 943 1748 972 τε

79 995 171 1030 A.C.
192 998 278 1043 ¹439
291 995 433 1042 Ἀσίας
463 995 535 1035 καί
578 993 769 1049 Θρᾴκης,
815 993 889 1035 καί
919 992 1026 1035 κατὰ
1061 996 1138 1035 τοῦ
1169 991 1432 1049 Πελογράδω
1458 990 1742 1050 ἐστράτευσεν.

104 1043 274 1091 Heg.843
290 1055 339 1114 ἦν
380 1060 427 1101 δὲ
467 1058 511 1101 τὸ
544 1057 805 1114 Πελογράδω
844 1058 964 1108 πόλις
991 1061 1170 1115 Σερβίας
1210 1058 1347 1115 ὀχυρὰ
1377 1057 1449 1101 καί
1476 1058 1744 1112 δυσάλωτος,

289 1123 399 1178 ἔχων
442 1122 540 1173 τούς
566 1126 788 1177 θεμελίους
818 1124 896 1167 α’νά
928 1126 1056 1177 μέσον
1084 1126 1280 1177 ποταμῶν
1310 1125 1386 1166 δύο
1419 1121 1672 1178 Δανούβειός
1699 1138 1761 1173 τε,

284 1189 359 1231 καί
390 1187 523 1244 Σάβα.
555 1188 635 1244 πρὸ
664 1188 805 1243 ὀλίγου
837 1192 883 1231 δὲ
923 1189 1096 1245 αἰτήσας
1125 1188 1255 1244 αὐτήν
1286 1188 1362 1245 τήν
1388 1189 1510 1232 πόλιν
1538 1190 1560 1233 ὁ
1590 1188 1745 1245 κράλης
1761 1195 1809 1236 15

287 1256 499 1309 Ου’γγρίας
519 1285 531 1307 ,
563 1256 717 1296 δέδωκε
745 1254 849 1309 πρὸς
879 1255 1010 1297 αὐτὸν
1036 1255 1058 1295 ὁ
1091 1253 1295 1309 δεσπότης
1322 1257 1363 1296 Γ
1360 1255 1553 1311 εαίργιος,
1582 1253 1743 1310 φοβού-

281 1332 406 1372 μενος
434 1318 587 1374 μήπως
626 1315 666 1360 οἱ
703 1323 882 1375 Τοῦρκοι
912 1318 1226 1375 παραλαβόντες
1257 1318 1391 1376 αὐτήν
1411 1351 1424 1374 ,
1453 1319 1531 1376 τήν
1558 1323 1740 1376 περαίαν

237 1384 506 1439 Βδιαβάντες
535 1387 660 1427 ἕλωσι
692 1384 771 1434 τὰς
800 1384 940 1436 πόλεις
971 1380 1172 1440 Οἷῖγγρων
1201 1386 1273 1427 καί
1299 1387 1374 1427 τοῦ
1402 1385 1620 1431 δεσπότου.
1652 1385 1742 1440 ἔχει

280 1450 360 1505 γὰρ
394 1450 415 1491 ὁ
447 1452 604 1506 Σέρβος
632 1449 677 1492 ἑν
703 1455 754 1508 τῇ
782 1453 935 1508 περαίᾳ
975 1451 1117 1500 πόλεις
1145 1449 1306 1501 ἱκανάς.
1336 1449 1393 1500 ὦς
1423 1453 1741 1508 δυνατωτέρους

279 1516 420 1558 τοίνυν
448 1517 521 1557 καί
548 1517 898 1572 μαχιμωτέρους,
927 1515 1081 1558 ἔδωκεν
1110 1515 1243 1571 αὐτήν
1258 1515 1365 1572 πρὸς
1392 1515 1490 1567 τοὺς
1508 1510 1804 1573 Οὕγγρους,2ῥ

279 1581 350 1623 ἵνα
380 1581 639 1636 φυλάττωσι.
666 1581 833 1637 καί-γὰρ
864 1583 888 1623 ὅ
918 1581 1120 1637 δεσπότης
1147 1580 1235 1636 εἶχε
1256 1580 1444 1638 περάσας
1471 1581 1543 1625 τόν
1562 1578 1736 1640 Ἴστρον,

279 1644 350 1688 ὅτε
381 1646 403 1687 ὁ
435 1645 621 1700 Μουρὰτ
665 1647 802 1703 ἐζήτει
831 1647 879 1690 τὸ
919 1650 1184 1703 Σμέδροβον,
1213 1650 1286 1690 καί
1313 1645 1366 1703 ἦν
1395 1645 1665 1700 αὐλιζόμενος
1691 1651 1738 1691 ἐν
1785 1683 1789 1687 .

277 1717 369 1761 ταῖς
399 1707 535 1753 αὗτοῦ
565 1711 751 1763 πόλεσιν,
783 1711 893 1767 ἔχων
913 1714 1205 1768 φυλάσσοντας
1232 1712 1361 1755 αὐτὸν
1389 1712 1489 1763 τούς
1506 1710 1733 1770 Οόγγρους.

277 1857 325 1890 tit
356 1858 558 1890 Amastrim.
594 1856 785 1889 Draculius
814 1857 923 1889 etiam
947 1867 1012 1900 per
1045 1856 1142 1890 idem
1170 1861 1311 1901 tempus
1342 1858 1611 1891 venerationem
1632 1858 1734 1892 exhi·

277 1904 420 1937 biturus
446 1905 622 1937 Moratem
652 1903 760 1944 adiit,
783 1903 845 1947 qui
882 1903 1040 1936 vinctum
1069 1903 1277 1947 Callipolim
1304 1914 1384 1936 eum
1409 1904 1527 1945 misit,
1553 1905 1616 1937 ubi
1641 1906 1734 1939 turri

277 1951 437 1983 inclusus
476 1950 543 1983 sub
583 1949 749 1982 custodia
785 1948 991 1982 haberetur.
1023 1949 1265 1982 obiiciebatur
1289 1951 1323 1982 ei
1349 1950 1523 1983 meditata
1546 1951 1734 1996 proditio,

275 1997 360 2029 dum
400 1998 438 2029 in
464 1996 682 2040 Hungariam
717 1996 797 2029 vitre
830 1995 903 2028 dux
943 2001 1020 2029 est:
1041 1997 1113 2029 alia
1151 1997 1239 2029 item
1262 1996 1300 2028 in
1330 2007 1410 2029 eum
1436 1997 1734 2042 confingebantur

275 2044 442 2083 crimina,
472 2053 626 2087 quorum
651 2042 902 2075 Phadulachus
930 2042 1060 2076 artifex
1086 2048 1172 2076 erat.
1200 2054 1279 2075 cum
1306 2054 1390 2076 vero
1416 2055 1481 2088 per
1504 2044 1626 2089 plures
1653 2044 1733 2078 dies

272 2090 313 2122 in
336 2091 400 2123 illo
433 2100 573 2122 carcere
602 2089 793 2122 Draculius
818 2089 1031 2129 mansisset,
1066 2089 1189 2122 ambos
1213 2090 1308 2122 filios
1338 2089 1483 2123 obsides
1508 2090 1553 2123 ab
1577 2091 1642 2123 illo
1667 2102 1733 2135 pe-

273 2137 429 2174 tierunt3
467 2147 557 2180 quos
596 2135 715 2168 adhuc
739 2135 945 2180 impuberes
974 2146 1039 2180 per
1071 2137 1239 2169 nuntium
1267 2137 1457 2169 accersitos
1481 2136 1643 2171 tradidit.
1669 2148 1730 2171 eos

273 2181 523 2226 Nymphaeum
549 2183 745 2227 imperator
762 2183 920 2215 Morates
945 2183 1159 2215 transmittit
1177 2181 1300 2228 (situm
1325 2182 1364 2215 id
1389 2183 1427 2215 in
1441 2182 1524 2215 Asia
1549 2183 1729 2230 castrum),

272 2228 492 2272 mandatque
515 2234 556 2262 ut
583 2234 679 2262 arcte
706 2228 964 2262 custodiantur.
999 2234 1036 2261 at
1059 2229 1291 2270 Draculium,
1316 2235 1536 2262 sacramento
1561 2229 1729 2263 adactum

273 2280 314 2307 ut
338 2276 376 2307 in
403 2275 474 2307 fide
500 2287 596 2308 nunc
626 2281 663 2308 et
684 2275 722 2308 in
747 2281 932 2320 posterum
957 2281 1129 2316 maneret,
1157 2275 1195 2308 in
1223 2275 1445 2308 Walachiam
1473 2275 1619 2309 dimisit.
1644 2287 1729 2310 vere

272 2321 405 2353 deinde
431 2321 625 2355 inchoante
649 2322 810 2355 validum
838 2322 1033 2354 exercitum
1058 2321 1254 2354 conscribit
1277 2322 1444 2362 Mor-ates,
1470 2322 1508 2355 in
1533 2333 1643 2355 unum
1667 2334 1729 2355 co-

269 2368 339 2412 piis
365 2367 471 2400 Asiae
499 2373 535 2401 et
558 2368 734 2402 Thraciae
761 2369 943 2409 collectis,
970 2373 1007 2401 et
1030 2367 1076 2401 ad
1104 2367 1340 2412 Belogradum
1368 2367 1511 2414 (Albam
1540 2369 1711 2402 Graecam

268 2419 400 2447 movet.
439 2413 530 2446 haec
561 2414 707 2448 Serviae
746 2415 830 2448 urbs
858 2421 928 2455 est,
966 2415 1037 2447 situ
1062 2419 1142 2447 tuta
1168 2426 1236 2447 nec
1270 2414 1387 2447 facilis
1426 2422 1653 2460 expugnatu,
1681 2427 1700 2448 a

269 2459 493 2493 confluentes
523 2459 674 2493 duorum
699 2461 887 2494 fluviorum
905 2487 913 2502 ‚
941 2461 1101 2494 Danubii
1127 2466 1163 2493 et
1189 2461 1289 2501 Savi‚
1316 2461 1472 2494 condita.
1498 2461 1590 2494 hanc
1616 2462 1726 2506 paulo

269 2512 353 2539 ante
378 2507 584 2550 Hungariae
611 2518 673 2539 rex
709 2507 781 2540 sibi
805 2513 1039 2553 poposcerat3
1067 2508 1275 2552 veritusque
1303 2506 1454 2551 despota
1479 2507 1654 2552 Georgius
1679 2518 1726 2541 ne

268 2552 379 2585 Turci
410 2553 512 2585 illam
552 2560 771 2598 occuparent
805 2555 902 2587 etin
931 2554 1133 2599 oppositam
1168 2554 1280 2598 ripam
1308 2554 1450 2587 traiecti
1477 2554 1726 2598 Hungarorum

267 2610 423 2644 suasque
447 2598 576 2639 urbes,
602 2611 690 2643 quas
717 2601 756 2633 in
780 2601 964 2645 Hungaria
991 2601 1122 2633 multas
1146 2599 1377 2645 possidebat,
1406 2607 1598 2645 caperent,
1623 2601 1726 2634 Hun-

266 2646 383 2689 garis‚
418 2650 460 2678 ut
495 2646 765 2690 potentioribus
799 2653 836 2680 et
861 2647 973 2690 magis
1018 2646 1224 2687 bellicosis,
1263 2647 1362 2679 illam
1401 2647 1525 2680 urbem
1546 2646 1725 2680 tuendam

265 2697 501 2725 concesserat.
532 2703 603 2736 quo
629 2697 791 2737 tempore
827 2700 948 2726 autem
985 2693 1216 2726 Smedrovum
1242 2693 1398 2726 Morates
1427 2693 1641 2734 obsidebat,
1666 2694 1724 2727 ul-

266 2744 323 2772 tra
345 2739 475 2772 Istrum
504 2737 678 2784 despota,
705 2739 763 2773 cui
788 2740 817 2774 Τ
822 2741 898 2775 urci
930 2739 1124 2774 admodum
1150 2739 1285 2774 infensi
1311 2746 1434 2782 erant,
1459 2740 1662 2782 transierat,
1685 2744 1724 2774 et
