1904 3198
331 130 401 185 32
654 144 847 187 -numE
877 142 1167 186 memma
1183 163 1189 174 ι
1205 143 1426 186 ΝΕνοΤιε

327 247 402 298 τὰς
418 247 533 291 ἔνδον
555 245 705 301 α’γυιάς
722 243 1090 299 καταπατήσαντες
1106 245 1180 286 καί
1204 246 1535 300 φιλοξενηθέντες
1553 242 1669 299 παρὰ
1687 246 1760 299 τῆς

329 316 546 368 δεσποίνης
576 315 649 354 καί
673 311 976 364 τῶνῬωμαίων
1002 311 1133 359 ἐξίασι
1167 310 1271 352 κατὰ
1299 312 1374 352 τοῦ
1402 303 1761 366 Καντακουζηνοῦ,

330 380 353 421 ὅ
381 381 428 422 δὲ
455 376 803 431 Καντακουζηνὸς
845 371 1124 429 α’σφαλτιόσας
1154 373 1203 417 τά
1242 375 1448 430 φρούρια,
1485 373 1559 416 καί
1586 375 1762 429 §werpe-

328 447 431 502 φίας
457 443 530 486 καί
555 442 607 485 τὰ
637 440 743 496 πρὸς
770 439 845 494 τὴν
872 440 1023 493 χρείαν
1053 436 1215 482 ἅπαντα
1243 443 1378 490 καλῶς
1390 438 1761 495 ἑπιμελησὰμενος,

327 509 456 562 ἔξεισι
491 510 564 550 καί
588 505 708 555 αὐτὸς
733 504 835 559 μετὰ
862 505 945 546 ταῖν
969 503 1048 546 σὺν
1075 505 1188 562 αὐτῷ
1209 503 1454 559 Ῥωμαϊκῶν
1499 507 1573 547 καί
1615 503 1800 561 Σερβι-,ὄ

327 578 410 618 κῶν
436 570 770 630 στρατευμάτων,
799 569 870 611 καί
896 569 1152 621 συμπλακεὶς
1180 571 1253 613 καί
1278 572 1446 628 πρώτην
1468 570 1541 614 καὶ
1567 571 1763 625 δευτέραν

326 638 520 695 εἰσβολὴν
539 640 614 680 οὐκ
641 634 754 691 εἶχον
782 635 820 676 οἱ
855 636 1030 689 Τοῦρκοι
1048 635 1250 692 κερδᾶναί
1270 654 1311 678 τι
1340 639 1415 678 τοῦ
1429 637 1583 681 αὐτοῦ·
1614 631 1761 691 ἦν”γὰρ

328 704 351 747 ὁ
378 705 481 761 α’νὴρ
513 703 609 760 περὶ
634 702 683 745 τὰ
709 701 846 743 πάντα
876 699 1213 755 πολεμικώτατος,
1241 701 1372 757 ἆλκὴν
1398 700 1517 757 ἔχων.
1534 701 1605 743 καί
1617 703 1764 756 τέχνην

326 773 408 814 τῶν
446 771 636 822 πολέμων
665 765 721 815 ὥς
749 764 891 814 οὕδεΐς
934 767 1018 807 ταῖν
1045 762 1180 808 ἄλλων
1230 763 1306 808 τοῦ
1345 765 1436 810 τότε
1472 769 1637 824 καιροῦ.
1674 764 1765 810 ὅσοι

325 837 402 890 μὲν
429 837 510 877 τῶν
547 833 743 887 Τούρκων
773 830 1136 886 η’νδραποὸίζοντο,
1163 835 1379 887 μαχαίρας
1394 829 1765 887 αὗτούςπαρανά-
1785 845 1830 870 10

281 906 446 954 Βλωμα
472 898 671 952 ἐπεποιή·
703 894 796 939 ὅσοι
835 898 881 938 δὲ
914 898 998 938 τῶν
1016 896 1262 950 Ῥωμαίων,
1290 895 1418 949 μόνον
1447 903 1534 947 τοῖς
1560 895 1766 951 ἐνδύμασι

324 963 479 1014 αὐτούς
508 965 761 1020 ἅφελοῦντες
787 960 972 1016 γυμνούς
999 963 1179 1017 α’φίεσαν
1201 961 1340 1004 οἴκαδε
1369 960 1640 1022 πορεύεσθαι.
1662 962 1702 1006 οἶ
1718 965 1767 1006 δὲ

329 1033 508 1086 Τοῦρκοι
521 1028 566 1072 τὸ
584 1033 776 1081 πολεμεῖν
795 1029 971 1084 α’φέντες
998 1026 1043 1070 τὸ
1070 1026 1286 1070 σκυλεύειν
1306 1026 1383 1078 τὰς
1406 1027 1551 1082 κώμας
1577 1027 1767 1086 κατέτρε-

322 1111 416 1150 χον,
433 1093 564 1150 ualde}
582 1093 799 1149 ὁρμαθούς
812 1090 1127 1147 ἀναριθμήτους
1138 1095 1182 1144 ἐξ
1192 1093 1382 1138 ἁλύσεων
1401 1092 1650 1149 ἀνθρώπους
1659 1111 1768 1148 συμ-

323 1165 548 1212 πλέξαντες
573 1162 633 1208 εἰς
643 1157 717 1213 τὴν
733 1161 1050 1201 Κωνσταντίνου
1067 1153 1223 1213 ἄνδρας
1237 1174 1281 1199 τε
1298 1162 1370 1201 καί
1391 1165 1605 1213 γυναῖκας,
1633 1157 1766 1215 θηλᾶ-
1784 1159 1832 1200 ¹5

326 1228 445 1278 ζοντα
468 1224 596 1279 νήπια
614 1226 687 1265 καί
703 1221 888 1279 ἐφήβους
917 1225 1050 1273 νέους,
1076 1221 1203 1277 ἱερεῖς
1229 1227 1300 1266 καί
1323 1224 1550 1280 μοναχούς,
1583 1221 1768 1275 ἅπαντας

324 1289 490 1347 φύρδην
518 1287 577 1338 ὦς
604 1289 797 1344 πρόβατα
816 1289 860 1330 ἐν
874 1288 924 1346 τῇ
953 1287 1168 1346 λεωφόρῳ,
1196 1287 1265 1338 ὥς,
1278 1287 1448 1339 Σκύθας
1476 1287 1504 1346 ἢ
1529 1288 1770 1349 Ἀβασγούς

323 1357 663 1408 α’πεμπολοῦντας
691 1351 896 1407 ἐκόμιζον.
924 1355 997 1395 καί
1024 1353 1071 1395 τὸ
1101 1354 1337 1410 δεινότερον
1369 1352 1431 1398 ὅτι
1468 1358 1508 1398 εἰ
1543 1355 1667 1410 ἔτυχε
1705 1356 1767 1412 μὴ

322 1421 588 1475 παραχρῆμα
620 1419 702 1473 οὔχ
730 1418 943 1474 εὑρίσκετο
973 1415 1203 1473 ἀγοράζων,
1231 1421 1277 1461 ἒν
1305 1426 1397 1473 ταῖς
1427 1417 1552 1475 ὄψεσι
1579 1422 1769 1466 τῶνῬω-

320 1487 458 1538 μαίων
487 1485 633 1534 δεινῶς
664 1483 702 1526 οἱ
731 1483 939 1535 “Ρωμαῖοι
969 1483 1084 1538 παρὰ
1133 1485 1218 1526 τῶν
1252 1486 1508 1542 βαρβάρων,
1543 1483 1580 1529 ὦ
1615 1490 1690 1543 τῆς
1720 1489 1770 1530 ἄ-
1781 1502 1833 1530 20

320 1551 594 1605 σπλαγχνίας,
624 1550 908 1603 ἐμαστίζοντο.
937 1549 1011 1590 οὐκ
1035 1543 1137 1590 ἄλλο
1168 1550 1214 1591 τὸ
1242 1549 1621 1610 πανουργευόμενον
1647 1549 1674 1610 ἦ
1702 1550 1770 1597 ὅτι

323 1616 587 1672 καμφθέντες
614 1613 771 1663 αὐτοὺς
804 1613 1055 1668 ἑξωνήσωσι.
1093 1613 1190 1664 τούς
1212 1617 1258 1656 δὲ
1284 1615 1342 1671 μή
1362 1614 1666 1671 ἔξωνουμὲνους
1687 1637 1774 1663 πα·

218 1690 251 1723 Ρ.
269 1690 310 1728 16
321 1679 477 1738 ρευθὺς
501 1679 571 1722 τὸν
598 1678 791 1736 πορθμὸν
817 1680 888 1720 δια
914 1676 1163 1732 βιβάσαντες
1202 1682 1248 1723 ἐν
1281 1683 1332 1738 τῇ
1348 1682 1532 1741 Προύσῃ
1556 1686 1629 1726 καί
1658 1684 1769 1727 ἄνω-

417 1782 465 1806 11.
493 1767 665 1813 ἐπεποίη]
693 1767 876 1808 ἐποίησαν
899 1765 1111 1798 Bullialdus.

318 1865 418 1898 urbis
451 1870 488 1898 et
523 1875 642 1898 muros
676 1861 882 1902 ambulant,
920 1872 1054 1906 eosque
1087 1860 1252 1895 lustrant.
1288 1859 1443 1907 benigne
1469 1863 1514 1895 ab
1540 1862 1767 1909 imperatrice

317 1912 435 1944 habiti
461 1911 683 1955 caeterisque
708 1910 871 1941 Romaeis
897 1908 986 1940 urbe
1012 1907 1201 1948 excedunt,
1228 1913 1265 1941 et
1287 1908 1455 1942 adversus
1481 1909 1782 1946 Cantacuzeuum—

316 1958 603 2003 proficiscuntur.
636 1967 680 1988 ex
703 1955 816 1988 altera
839 1965 922 1987 vero
958 1960 1059 1999 parte
1085 1953 1353 1991 Cantacuzenus
1379 1956 1569 2001 praesidiis
1589 1958 1768 2003 impositis

318 2011 432 2038 castra
457 2013 628 2048 arcesque
655 2002 792 2042 firmat,
818 2006 1129 2045 commeatumque
1159 2006 1195 2034 et
1223 2007 1363 2034 caetera
1388 2004 1589 2036 necessaria
1617 2005 1768 2047 invehit,

316 2051 616 2097 progrediturque
639 2060 718 2081 cum
743 2050 977 2080 Romaeorum
1011 2047 1080 2080 sibi
1107 2047 1380 2082 adhaerentium
1407 2049 1520 2094 copiis
1546 2050 1768 2086 Serviorum-

320 2109 391 2143 que
417 2097 576 2130 exercitu
591 2121 599 2136 ,
625 2096 837 2140 praelioque
862 2094 973 2127 semel
997 2099 1106 2138 atque
1132 2094 1263 2127 iterum
1286 2096 1474 2130 commisso
1503 2097 1644 2130 nullum
1665 2097 1767 2131 dam-

319 2155 406 2177 num
431 2155 451 2176 a
478 2143 605 2176 Turcis
640 2154 764 2186 passus
790 2147 866 2175 est:
902 2146 977 2173 erat
1001 2141 1135 2185 quippe
1174 2141 1228 2172 vir
1251 2141 1571 2184 bellicosissimus,
1596 2144 1766 2178 robustus

321 2197 359 2224 et
386 2190 472 2224 artis
497 2189 651 2221 bellicae
688 2199 773 2233 prae
798 2188 948 2221 caeteris
973 2187 1027 2219 sui
1050 2187 1221 2231 temporis
1246 2187 1453 2221 hominibus
1478 2189 1626 2232 peritus.
1656 2197 1767 2235 quot-

322 2243 413 2282 quot
435 2237 543 2280 igitur
567 2235 706 2279 praelio
733 2240 928 2279 ceperunt,
953 2234 1366 2278 Turcosperemerunt,
1393 2235 1566 2269 Romaeos
1595 2247 1679 2270 vero
1704 2249 1767 2272 ve-

321 2284 436 2317 stibus
475 2282 646 2326 spoliatos
668 2281 812 2314 domum
836 2280 952 2314 nudos
980 2280 1203 2312 remiserunt.
1230 2285 1267 2312 at
1289 2280 1398 2313 Turci
1423 2282 1551 2314 omissa
1576 2294 1694 2327 pugna
1719 2285 1767 2318 ad

320 2341 428 2376 pagos
455 2327 678 2372 diripiendos
714 2327 927 2361 discurrunt.
962 2327 1105 2371 iamque
1130 2326 1236 2369 longa
1260 2327 1400 2369 agmina
1423 2329 1683 2373 mancipiorum
1707 2342 1766 2364 ca-

322 2377 415 2411 tenis
452 2376 651 2407 vinctorum
686 2374 900 2415 trahebant,
938 2372 1237 2417 abducebantque
1265 2373 1405 2418 Cpolirn
1436 2375 1550 2416 viros,
1574 2377 1768 2419 mulieres,

322 2424 496 2456 lactentes
524 2421 698 2460 infantes,
723 2420 969 2454 adolescentes
986 2446 995 2462 ‚
1032 2419 1233 2453 sacerdotes
1259 2425 1294 2452 et
1318 2421 1512 2454 monachos
1536 2422 1635 2456 velut
1658 2434 1766 2466 oves,

324 2476 362 2503 et
384 2475 556 2513 tanquam
591 2467 737 2510 Scythas
778 2473 840 2499 aut
862 2467 1018 2510 Abasgos
1049 2477 1114 2511 per
1142 2466 1217 2498 vias
1240 2465 1421 2499 vendendi
1455 2469 1568 2511 gratia
1601 2470 1766 2514 agebant.

323 2515 495 2561 quodque
519 2513 682 2547 acerbius
708 2519 794 2555 erat,
817 2511 888 2546 nisi
914 2514 1117 2558 redemptor
1141 2513 1261 2545 statim
1286 2513 1493 2555 accederet,
1518 2516 1765 2559 spectantibus

323 2562 487 2595 Romaeis
514 2561 659 2594 Romaei
685 2571 704 2592 a
732 2559 893 2593 barbaris
909 2586 917 2601 ,
943 2560 1033 2605 proh
1070 2558 1303 2592 inhumanum
1327 2560 1461 2601 scelus,
1495 2561 1612 2606 flagris
1637 2563 1764 2596 caede-

323 2609 467 2641 bantur.
502 2607 605 2652 isque
639 2607 752 2639 malus
787 2606 969 2639 caedentis
1011 2612 1086 2640 erat
1119 2606 1281 2646 animus,
1314 2611 1356 2639 ut
1391 2607 1622 2641 miseratione
1645 2615 1762 2642 motus

324 2655 504 2700 quispiam
528 2665 587 2686 eos
613 2653 813 2686 redimeret.
830 2654 892 2697 qui
917 2664 1000 2686 vero
1024 2651 1201 2698 redempti
1214 2663 1287 2684 non
1304 2658 1398 2694 sunt,
1425 2665 1485 2686 eos
1509 2660 1606 2688 trans
1631 2655 1762 2689 fretum

324 2702 467 2737 Prusam
494 2701 614 2735 statim
651 2705 867 2741 avexerunt,
898 2699 1009 2746 inque
1045 2699 1132 2733 alias
1167 2699 1329 2744 regiones
1365 2700 1644 2741 mediterraneas
1668 2703 1763 2737 inter
