1916 3210
227 510 307 563 '331

329 129 440 196 ..504
703 192 705 194 ,
804 120 992 190 DUCAE
1035 146 1291 206 nis'rofflA

325 248 499 290 al'anno.
529 257 569 291 et
592 250 723 304 prima
739 263 890 313 pagava
909 249 984 288 tria
1002 247 1113 292 milia
1137 249 1389 292 numismata.
1416 245 1755 294 accmsulinfflt

325 319 586 346 summavano
616 305 750 344 ducati
779 308 978 357 quaranta
1006 303 1114 343 milia
1138 304 1230 357 ogni
1259 318 1378 350 anno.
1436 303 1588 345 Alhora
1613 306 1655 346 fo
1674 319 1752 355 ,vos

323 362 419 400 stito
460 360 498 400 el
540 361 672 399 ducha
719 359 769 398 de
795 358 927 398 Lesbo
965 357 1016 397 de
1047 365 1156 398 vesta
1176 358 1296 398 'd'oro
1323 367 1362 398 et
1392 359 1462 399 noi
1489 353 1540 399 de
1563 364 1678 402 vedu
1701 361 1754 406 dt

325 414 495 454 vellnto.
551 415 606 455 Et
640 414 744 453 facta
785 412 824 451 la
866 411 1068 465 scriptura
1095 427 1170 452 con
1213 421 1482 462 sacramento,
1511 415 1752 468 toglieseimo

327 471 531 520 conbiato.
575 469 616 508 in
645 469 777 520 spatio
807 467 857 506 de
892 468 1002 506 zon-ni
1029 468 1150 508 XIIII
1177 469 1416 509 zonzessimo
1450 468 1534 510 alla,
1554 470 1681 510 insula
1703 470 1756 511 de

327 525 461 564 Lesbo
478 554 489 575 ‚
516 522 794 577 ringratiando
834 521 1054 562 l'altissimo
1093 523 1160 562 dio
1190 523 1262 563 che
1290 537 1341 563 ne
1373 525 1500 563 havea
1528 524 1753 570 deliberato

325 580 376 619 de
408 594 524 619 mane
556 578 621 618 del
649 577 858 617 demonio.
918 578 1052 618 Havea
1082 576 1118 616 el
1147 584 1326 631 tyranno
1357 579 1463 619 facto
1494 579 1755 632 apparechiab

324 648 371 674 re
399 649 481 672 una
513 639 670 672 armata
691 633 749 672 'de
770 633 852 671 XX
878 632 979 684 galie
1008 639 1048 672 et
1074 632 1178 672 suste
1194 633 1254 681 X,
1283 634 1334 674 de
1363 634 1410 674 la·
1429 633 1546 688 quale
1572 634 1661 674 fece
1689 649 1756 682 cae

323 691 484 742 pitaneo
509 689 678 736 Zenusi‚
709 701 858 726 zovane
887 686 1023 737 hello,
1062 695 1217 731 assueto
1247 688 1284 727 al
1311 703 1422 728 mare
1450 696 1491 728 et
1515 690 1679 740 Latino,
1704 689 1756 729 de

323 743 486 782 natione
523 743 730 796 Hispano,
756 741 884 781 homo.
904 741 1030 781 molto
1071 742 1272 783 valoroso.
1297 757 1367 783 era
1391 743 1755 797 anchessoap'itaueo

325 798 377 837 de
406 797 581 850 Galipoli
610 805 649 837 et
680 798 831 850 grande
859 797 1114 836 comestabile
1155 796 1258 837 della
1289 805 1454 840 armata.
1509 798 1666 839 Partito
1689 797 1756 838 dal

324 852 610 905 Hellesponto,
663 852 891 905 navigando
921 866 999 891 con
1039 851 1218 891 l'armata
1248 859 1391 893 contra
1423 853 1546 903 Asin,
1575 867 1707 893 venue
1731 867 1756 893 a

324 907 468 946 Troia.
517 907 625 947 onde
662 907 858 960 partendo
903 906 1004 946 colle
1043 907 1132 946 vele
1181 908 1323 960 piene,
1371 908 1400 947 li
1440 908 1757 948 scontrb-buora

326 962 504 1014 spirante
531 976 605 1000 con
635 968 749 1001 tanto
778 962 935 1001 rabiosa
966 961 1139 1011 boccha,
1165 963 1239 1001 che
1265 977 1339 1016 per
1366 963 1471 1002 forza
1499 962 1530 1003 li
1561 964 1758 1003 maa-enati

324 1030 578 1056 convennero
600 1017 780 1055 cambiar
807 1017 994 1067 camin03
1031 1024 1069 1056 et
1094 1016 1144 1056 da
1163 1024 1274 1056 tanta
1296 1018 1460 1057 fortuna
1482 1018 1627 1059 forono
1644 1031 1760 1059 eom·-

324 1071 456 1110 batuti
477 1071 551 1110 che
567 1071 617 1110 de
639 1072 740 1111 vinti
759 1071 860 1110 fuste
886 1077 926 1110 et
949 1072 1052 1125 galie
1073 1072 1220 1125 zinque
1242 1086 1292 1111 ne
1312 1072 1476 1112 absorse
1490 1071 1534 1112 ,el
1559 1081 1699 1120 marey
1717 1078 1760 1112 et
1790 1080 1792 1082 ’

325 1126 393 1164 (Ιοί
425 1133 678 1179 rompetteno
700 1129 740 1166 in
776 1127 804 1166 li
834 1126 958 1166 vicini
983 1127 1057 1165 liti.
1088 1126 1139 1166 El
1169 1141 1268 1180 gran
1298 1126 1554 1167 comestabile
1579 1128 1760 1178 Genusi,

323 1180 451 1234 probo
491 1183 531 1220 in
565 1196 675 1220 mare
701 1189 740 1222 et
783 1189 939 1222 assueto
968 1197 991 1220 a
1009 1181 1139 1221 simile
1163 1180 1358 1235 precelle,
1393 1181 1582 1223 sulcando
1609 1181 1648 1221 el
1673 1181 1762 1236 pie-

325 1235 418 1288 lago
457 1242 521 1275 tra
566 1235 604 1275 le
643 1235 843 1276 horribile
892 1236 997 1276 onde
1041 1237 1141 1276 eolla
1183 1237 1357 1276 secunda
1383 1236 1449 1276 del
1483 1244 1604 1276 vento
1631 1243 1672 1277 et
1694 1235 1762 1275 col

326 1304 503 1341 governo
544 1291 607 1329 del
650 1298 838 1341 temone,
876 1305 1010 1331 scorse
1042 1298 1081 1331 et
1107 1291 1226 1344 passi)
1267 1292 1423 1332 l’insula
1450 1291 1501 1330 de
1528 1291 1629 1335 Chio
1656 1289 1762 1331 dalla

327 1351 444 1398 parte
484 1344 533 1384 de
573 1346 769 1388 Ponente.
812 1354 851 1385 et
879 1346 1078 1398 passando
1105 1346 1141 1384 le
1168 1346 1297 1386 insule
1325 1346 1486 1386 Ciclade
1514 1345 1552 1385 el
1578 1346 1695 1387 diet
1723 1344 1762 1384 la

328 1407 447 1439 nocte
475 1414 551 1439 con
567 1400 745 1449 fortuna,
780 1400 816 1440 la
846 1402 994 1440 matina
1022 1409 1211 1453 sequente
1240 1402 1279 1439 in
1310 1402 1504 1440 bonaccia
1531 1415 1572 1447 se
1598 1413 1763 1454 presen-

328 1461 442 1493 taron
471 1469 492 1494 a
523 1454 623 1494 Chio
670 1455 773 1494 dalla
816 1463 934 1508 parte
969 1456 1018 1494 de
1044 1457 1159 1505 an3
1199 1455 1540 1510 recognosciando
1565 1456 1602 1494 la
1632 1454 1760 1494 insula

328 1509 557 1548 renderono
598 1511 725 1562 gratie
774 1525 796 1549 a
825 1510 891 1549 dio
924 1517 963 1549 et
994 1510 1030 1548 al
1059 1524 1134 1549 suo
1161 1510 1363 1562 propheta
1390 1509 1666 1549 Machometh.
1723 1509 1763 1548 O

327 1564 562 1616 prosundith
592 1563 686 1603 delli
716 1564 852 1603 iudicii
880 1565 929 1603 de
957 1564 1041 1613 dio,
1074 1578 1191 1603 come
1219 1578 1297 1602 non
1327 1564 1369 1603 fo
1390 1564 1597 1603 submersa
1626 1562 1763 1618 quella

250 1622 312 1653 332
327 1620 429 1670 galia
458 1619 678 1658 exacrabile
711 1619 750 1657 in
779 1626 888 1657 tanta
918 1619 1081 1658 fortuna
1121 1619 1170 1658 de
1198 1633 1322 1657 mare.
1380 1619 1450 1657 Ma
1481 1619 1522 1658 fo
1548 1619 1700 1659 salvato
1726 1617 1764 1659 el

330 1673 530 1726 discipulo
569 1673 632 1712 del
670 1679 844 1726 tyranno
882 1687 954 1726 per
989 1673 1016 1711 li
1051 1674 1177 1712 nostri
1215 1673 1383 1726 peccati.
1439 1673 1592 1712 Genusi
1619 1687 1697 1713 con
1725 1672 1765 1712 la

328 1742 397 1767 sna
428 1726 513 1767 sola
542 1728 644 1780 galia
681 1728 855 1767 tenendo
896 1729 933 1766 la
962 1729 1027 1766 via
1056 1727 1119 1766 del
1148 1727 1308 1780 pielaoo
1332 1742 1374 1766 se
1403 1728 1541 1779 seperb
1571 1727 1677 1767 dalle
1703 1726 1765 1777 al-

327 1788 411 1830 tre,
444 1790 482 1821 et
516 1782 691 1821 salvosse'
723 1782 802 1821 alla
834 1783 961 1821 insula
1003 1782 1052 1820 de
1081 1782 1202 1821 Chio.
1240 1758 1280 1821 οἳ
1306 1789 1412 1822 resto
1442 1782 1484 1821 so
1513 1782 1668 1822 salvato
1698 1779 1766 1821 nel

326 1844 449 1891 porto
480 1837 529 1876 de
556 1837 760 1876 Metelino.
819 1837 872 1875 Et
903 1837 1148 1876 domandam
1177 1837 1241 1876 del
1263 1851 1336 1876 suo
1366 1836 1600 1889 capitaneo,
1628 1838 1766 1876 inten—

327 1891 463 1930 dendo
492 1892 566 1931 che
595 1906 675 1931 non
703 1892 742 1930 fo
770 1894 871 1931 visto
899 1893 939 1930 in
971 1892 1106 1945 quelle
1133 1906 1271 1944 acque,
1290 1906 1514 1944 pensarono
1541 1891 1643 1935 ch'el
1667 1891 1769 1931 fosse

328 1948 456 2000 perito
501 1949 543 1985 in
585 1961 709 1986 mare.
753 1947 963 1998 vegnando
991 1946 1030 1985 la
1067 1961 1154 1985 sera
1191 1947 1325 1985 s'ebbe
1353 1948 1455 1986 vista
1483 1946 1535 1986 de
1560 1960 1638 1985 una
1661 1946 1768 1986 fusta

329 2002 404 2040 che
437 2002 582 2041 veniva
626 2001 677 2040 da
713 2002 926 2051 Metelino,
974 2001 1164 2040 mandata
1203 2001 1269 2040 dal
1311 2001 1425 2040 fratel
1467 2001 1533 2040 del
1563 2000 1695 2040 ducha
1724 2000 1765 2040 in

331 2058 429 2095 Asio
473 2056 523 2095 ad
551 2057 685 2109 spiare
729 2070 770 2094 se
793 2055 896 2095 dalle
935 2064 1050 2108 parte
1088 2057 1255 2108 Esperie
1291 2057 1440 2096 fossino
1477 2064 1627 2095 venute
1662 2056 1768 2096 nave

333 2110 524 2149 Catalane
562 2111 612 2150 de
639 2113 822 2160 corsnri,
865 2117 903 2149 et
933 2118 1074 2163 questo
1104 2125 1177 2163 per
1203 2111 1327 2150 darne
1355 2112 1493 2150 avviso
1522 2111 1590 2149 alli
1620 2111 1678 2149 soi
1705 2112 1767 2150 vi-

333 2167 411 2204 cini
442 2165 590 2204 subditi
636 2166 686 2204 de
715 2165 894 2215 Turchi,
939 2165 1088 2217 perche
1119 2173 1259 2218 questa
1291 2166 1451 2219 angaria
1479 2172 1518 2204 et
1545 2165 1696 2205 servit&
1724 2165 1766 2205 so

333 2221 383 2258 da
428 2220 626 2273 principio
665 2222 836 2274 imposta
873 2221 908 2258 ai
938 2221 1068 2259 Lesbi.
1135 2220 1231 2260 Non
1264 2221 1447 2274 dagando
1475 2221 1612 2259 avviso
1642 2218 1694 2258 ali
1719 2219 1768 2258 fi„

334 2274 462 2312 nitimi
505 2275 569 2313 del
605 2276 722 2314 venir
762 2276 802 2314 di
843 2277 1015 2324 corsari,
1052 2277 1146 2327 ogni
1189 2276 1336 2314 damno
1359 2275 1433 2314 che
1461 2288 1710 2313 recevesseno
1738 2274 1767 2313 li

333 2330 493 2367 finitimi
521 2332 740 2369 conveniva
771 2345 896 2383 pagar
925 2329 951 2368 li
983 2330 1178 2368 Lesbi.Li
1204 2331 1362 2369 finitimi
1395 2336 1625 2369 veramente
1654 2329 1768 2368 foro-

332 2397 386 2422 no
415 2383 481 2421 dal
510 2384 628 2422 fiume
655 2386 877 2438 Pergameo
915 2386 955 2423 in
988 2385 1067 2423 fine
1097 2383 1174 2423 alla
1201 2386 1279 2424 cita
1309 2386 1394 2423 Asu
1421 2384 1525 2423 dicta
1553 2384 1767 2422 Macrami-

334 2452 401 2478 on.
458 2439 639 2478 Essendo
676 2440 819 2478 intrata
850 2454 932 2478 una
971 2439 1075 2478 fusta
1103 2438 1166 2478 nel
1195 2447 1320 2492 porto
1354 2439 1403 2478 de
1431 2437 1630 2488 Minimo,
1660 2452 1766 2490 poco

335 2492 455 2543 dapoi
503 2493 543 2532 fo
587 2497 687 2533 vista
734 2493 904 2533 un'altra
946 2493 1019 2532 che
1059 2493 1188 2533 havea
1215 2494 1253 2533 le
1280 2493 1369 2534 vele
1398 2493 1601 2546 larghe'et
1628 2493 1765 2532 rossie.

335 2547 457 2585 Onde
486 2546 522 2586 le
549 2547 654 2600 galie
684 2549 936 2588 Turchesche
973 2563 1014 2587 se
1043 2548 1313 2603 affigi-aromo,
1356 2547 1660 2602 recognosciuto
1690 2547 1769 2588 alle

336 2601 426 2640 vele
473 2601 510 2639 la
541 2602 644 2654 galia
690 2604 753 2642 del
783 2619 853 2644 suo
896 2603 1108 2655 capitanio.
1153 2605 1302 2643 intrata
1338 2604 1524 2655 adunque
1549 2603 1591 2640 in
1619 2609 1766 2654 porto,

338 2656 437 2695 ficco
475 2655 511 2695 el
550 2671 621 2696 suo
649 2658 883 2711 paviglione
926 2660 965 2696 in
997 2665 1108 2697 terra
1140 2673 1209 2711 per
1236 2659 1308 2697 dar
1337 2660 1471 2709 riposo
1499 2658 1535 2695 ai
1565 2657 1681 2709 eorpi
1708 2657 1769 2695 fa·

258 2719 324 2753 333
338 2712 447 2751 ticati
478 2718 516 2751 et
541 2712 688 2752 straclii
718 2728 788 2767 per
815 2713 853 2753 la
880 2713 1031 2767 grande
1061 2714 1240 2753 fortuna.
1278 2712 1416 2753 Nicolb
1450 2711 1660 2763 Cataluso,
1686 2712 1767 2750 sra-
