1916 3210
461 148 673 191 mmci:
733 150 1065 192 mmmmm-E
1119 149 1370 192 mommo,
1525 132 1631 206 471

147 248 149 251 ’
201 245 269 292 ulli
291 245 358 290 liti
374 245 608 291 dd'l'urchi.
637 249 756 291 molti
783 250 1060 305 prendevano,
1092 249 1207 292 molti
1235 263 1498 301 amazavano‚
1528 250 1645 292 molti

197 314 426 346 menevano
454 305 509 345 nd
537 305 715 347 vendere
743 321 766 346 3
797 306 1169 360 Constantinopoli.
1241 308 1287 347 In
1316 307 1443 360 questi
1475 315 1644 347 contra-

195 359 250 397 ati
287 358 470 402 comisizb
513 360 552 402 la
578 360 828 414 primavera,
853 370 892 401 et
921 362 949 401 li
978 362 1091 402 zorni
1115 361 1190 402 del
1217 368 1358 402 sancto
1390 362 1542 400 ieiunio
1572 376 1643 401 co·

196 414 339 454 mensi)
367 414 421 456 nd
469 429 729 468 numerarse3
770 424 810 457 et
837 416 875 458 le
901 419 1079 458 statione
1117 417 1170 457 de
1194 416 1372 471 plenaria
1408 418 1646 457 remissione

194 466 248 510 de
271 469 392 523 colpa
419 474 464 511 et
489 471 542 511 de
568 485 671 525 pena
691 501 704 521 ‚
735 471 906 525 imposte
937 487 1011 525 per
1038 473 1076 513 le
1108 471 1245 512 chiese
1271 486 1410 522 sacre,
1440 471 1644 511 cominza-

193 536 297 571 rouzo
330 524 384 567 ad
412 526 611 567 visitarse.
668 527 772 568 Cosa
802 529 997 581 stupenda
1025 535 1066 568 et
1093 535 1317 568 mostruosa
1344 527 1395 566 ad
1428 527 1644 567 recordar-

193 579 264 634 sel
328 579 507 621 stavano
543 582 572 621 li
599 582 817 623 confessori
846 598 919 636 per
951 583 988 623 le
1027 584 1174 625 chiesie
1201 597 1276 636 per
1303 582 1435 623 aldire
1462 582 1488 621 li
1519 581 1646 621 Clu-i..

193 632 316 683 stiani
361 635 571 676 confitenti
608 636 637 677 li
677 638 739 678 soi
766 640 932 692 peccati.
997 639 1053 678 Et
1082 639 1123 678 in
1167 643 1283 678 tanta
1318 637 1570 690 tempestade
1599 644 1645 678 et

193 689 499 742 perturbatione
542 692 594 732 de
633 695 785 746 tempi,
824 699 866 732 et
894 699 935 734 in
965 700 1082 733 tanto
1125 693 1308 747 periculo
1337 692 1573 742 dibarbari
1602 700 1644 733 et

191 742 407 787 obsidione
454 747 613 788 murale
641 748 746 789 della
775 749 928 799 citadc,
963 749 1127 788 nissuna
1158 748 1419 804 inquisitione
1445 748 1643 788 facevano

192 798 235 839 iu
262 797 302 840 le
329 800 582 842 confessione
611 819 748 844 mazor
775 803 850 843 che
877 818 920 844 se
949 803 975 843 li
1001 805 1207 844 confitenti
1236 818 1280 844 se
1302 818 1425 843 erano
1443 802 1643 842 confessa-

190 854 221 893 ti
249 853 302 894 da
329 857 476 897 alcuno
503 865 622 911 prete
645 859 752 899 della
785 860 964 907 unione,
993 867 1034 899 et
1061 864 1115 899 se*
1133 860 1198 899 elli
1228 873 1271 899 se
1298 873 1427 899 erano
1455 859 1647 898 comuni-

190 909 271 951 cati
298 925 374 964 pei·
411 912 449 952 le
485 928 606 953 mane
645 914 697 954 de
729 913 874 954 alcuno
906 923 1019 967 prete
1060 914 1284 964 catholico,
1317 928 1343 954 o
1369 928 1448 968 pur
1479 913 1646 953 huvesse

190 963 312 1007 aldita
338 981 465 1007 messa
494 967 697 1009 celebrata
726 970 776 1009 da
807 970 953 1009 alcuno
983 970 1034 1009 de
1062 969 1171 1009 loro.
1197 971 1374 1021 Questo‚
1404 983 1520 1008 come
1549 983 1646 1021 pec-

189 1026 282 1060 cato
311 1022 615 1074 irremissibile,
645 1038 724 1065 con
758 1024 986 1077 asprissima
1014 1025 1239 1078 penitentia
1270 1026 1465 1065 convenia
1494 1038 1645 1076 expur-

190 1089 311 1127 gare,
351 1077 638 1118 admonendoli
681 1079 758 1119 che
800 1079 827 1118 li
856 1081 964 1132 preti
999 1079 1192 1119 catholici
1225 1093 1308 1120 non
1347 1093 1474 1119 erano
1509 1079 1724 1131 pref-ineo

188 1137 231 1170 et
257 1132 295 1171 el
333 1146 410 1173 suo
447 1133 675 1175 ministerio
722 1149 803 1174 non
833 1149 899 1174 era
930 1135 1000 1187 pio
1041 1135 1092 1174 ne
1119 1148 1248 1176 sacro.
1283 1141 1326 1175 et
1350 1149 1392 1174 se
1419 1134 1565 1173 alcuno
1594 1134 1646 1174 de

188 1184 280 1226 loro
308 1187 410 1229 fosse
437 1195 544 1229 stato
575 1189 777 1230 chiamato
802 1189 855 1229 ad
888 1190 1035 1229 alcuno
1066 1189 1238 1245 exequio
1268 1188 1509 1242 sepulcrale,
1540 1189 1646 1229 dove

187 1241 298 1282 fosse
341 1257 518 1298 appar-so
559 1245 707 1285 alcuno
732 1245 783 1285 de
812 1245 920 1298 preti
951 1245 1168 1296 catholici,
1208 1244 1374 1284 subbito
1401 1259 1445 1284 se
1468 1243 1645 1297 spoglia—

188 1309 296 1336 vano
330 1297 369 1338 18
396 1306 528 1349 cotte,
559 1306 600 1340 et
629 1300 820 1340 fuzivano
846 1300 898 1339 (13
931 1300 992 1339 lor
1020 1314 1135 1340 come
1173 1299 1241 1338 dal
1267 1299 1384 1339 foco.
1416 1301 1474 1339 La
1503 1301 1645 1338 Cati—e-

186 1350 256 1392 dal
299 1351 447 1395 abisaia
482 1353 512 1394 li
541 1355 682 1408 pat-iva
729 1369 846 1395 come
874 1354 1030 1408 resugio
1070 1355 1121 1395 (18
1151 1354 1329 1394 demonii
1378 1362 1417 1394 et
1445 1369 1513 1395 ara
1540 1369 1642 1394 over

4 1386 46 1464 ἑᾷ
185 1408 340 1461 tempio
371 1408 422 1449 (18
453 1408 603 1452 mutili,
655 1410 713 1450 La
739 1410 860 1464 quale
887 1409 1022 1450 soleva
1051 1424 1163 1449 esser
1184 1409 1411 1449 illuminata
1441 1409 1493 1449 da
1526 1415 1642 1449 tante

15 1465 42 1481 Ἣ
184 1460 371 1515 lampade
397 1471 440 1504 et
464 1465 705 1516 luminarie,
735 1466 874 1505 alhora
902 1480 970 1505 era
1001 1465 1216 1505 obscurata
1246 1472 1286 1504 et
1314 1464 1504 1515 deserta,
1533 1479 1637 1518 pro-

185 1518 429 1559 nosticando
467 1520 507 1561 la
543 1519 818 1567 desolatione,
851 1519 891 1560 la
935 1521 1054 1574 quala
1085 1535 1191 1573 poco
1215 1528 1351 1574 tempo
1391 1520 1464 1573 poi
1495 1534 1571 1573 per
1597 1520 1637 1560 13

10 1585 25 1617 v
183 1573 509 1626 prevaricatione
547 1584 588 1616 et
626 1577 781 1630 peccati
807 1576 902 1615 delli
940 1575 1125 1616 cittadini
1155 1576 1287 1616 dovea
1313 1575 1495 1630 sequire.
1550 1575 1636 1614 Ge..

5 1631 28 1681 Γ
183 1628 309 1668 undio
339 1629 381 1669 in
416 1638 564 1686 questo
593 1638 729 1685 tempo
765 1647 846 1670 non
889 1645 1052 1671 cessava
1079 1631 1294 1671 admonire
1321 1637 1363 1671 ct
1392 1630 1637 1670 inmaledire

4 1673 35 1745 ἒ.
185 1683 313 1738 quelli
340 1684 416 1726 che
439 1685 686 1727 adherimno
713 1693 754 1726 et
780 1687 918 1726 sei-ano
947 1701 1046 1740 pace
1069 1700 1149 1726 con
1178 1685 1305 1741 quelli
1335 1685 1442 1726 della
1468 1687 1635 1725 unione.

4 1745 38 1786 ,ἕ

2 1810 19 1873 ‚5

185 1737 233 1778 lo
260 1753 285 1779 a
311 1752 404 1780 caso
431 1741 539 1794 depo
567 1740 607 1781 la
639 1743 831 1796 captivit&
855 1741 960 1782 della
995 1742 1080 1782 cite
1107 1742 1286 1781 scontrai
1320 1756 1403 1781 una
1431 1740 1536 1780 delle
1565 1755 1637 1793 ge-

185 1806 331 1834 nerose
353 1796 519 1836 essendo
543 1797 730 1848 schiava,
757 1795 797 1836 la
829 1797 950 1852 quele
979 1811 1045 1836 me
1073 1795 1229 1836 raxonb
1259 1796 1335 1836 che
1363 1795 1535 1835 ess'endo
1563 1811 1638 1848 per

185 1849 361 1901 parturii·
389 1851 456 1891 nel
483 1865 666 1891 mercore
691 1859 830 1892 sancto
871 1851 921 1891 de
949 1851 1045 1907 quel
1073 1859 1212 1905 tempo
1243 1851 1447 1901 obscuro,
1475 1850 1637 1890 chiamb

185 1917 270 1943 uno
299 1919 373 1946 suo
414 1906 695 1957 coufessador,
736 1907 773 1946 el
803 1907 900 1960 qual
927 1907 966 1946 13
993 1906 1202 1953 confesso,
1234 1905 1533 1946 admonendola
1559 1905 1637 1944 che

184 1972 227 1998 se
253 1959 423 2002 dovesse
464 1963 778 2001 communicare.
846 1961 901 2001 Et
930 1962 1066 2016 quella
1093 1960 1383 2001 demandando
1411 1961 1449 2000 el
1476 1961 1635 1999 confes..

183 2014 310 2055 sudor
335 2031 380 2056 se
405 2018 440 2056 si
470 2017 598 2057 devea
626 2018 906 2059 communicar
932 2017 984 2057 da
1011 2031 1094 2056 uno
1115 2031 1188 2056 suo
1216 2023 1331 2069 prete
1356 2015 1431 2055 che
1451 2015 1635 2055 officiava

185 2069 228 2108 in
258 2070 298 2110 la
325 2086 397 2111 sua
426 2080 557 2115 corte.
585 2072 622 2112 el
651 2073 748 2127 qual
776 2073 904 2112 havea
927 2080 1167 2112 conversato
1194 2086 1272 2111 con
1302 2071 1330 2111 li
1355 2071 1462 2124 preti
1492 2070 1636 2111 catho-

186 2125 252 2165 lici
284 2125 326 2166 in
355 2126 393 2167 la
431 2128 581 2181 grande
609 2128 757 2168 chicsia
805 2127 857 2167 3Ιί
886 2129 966 2168 Xll
996 2129 1046 2167 de
1071 2127 1323 2167 Decembrio.
1382 2126 1420 2165 A
1448 2125 1488 2165 la
1515 2125 1635 2180 quale
1647 2135 1712 2169 26¹

185 2182 224 2221 cl
249 2182 509 2223 confessador
538 2186 698 2236 rispose
723 2183 893 2223 dicendo
905 2198 921 2222 :·
947 2191 1051 2233 vate,
1081 2183 1337 2223 communica
1354 2180 1408 2220 (13
1436 2181 1509 2232 lui,
1537 2196 1634 2234 per-

185 2236 260 2276 che
285 2237 308 2277 ὲ
333 2238 558 2279 sacerdote.
590 2239 659 2279 dio
686 2245 727 2278 te
758 2238 1002 2292 perdonare.
1060 2237 1207 2288 Quella
1237 2237 1463 2277 dubitando
1491 2251 1566 2290 per
1593 2236 1634 2276 13

186 2291 375 2346 ambigua
412 2301 598 2347 resposta
630 2294 695 2334 del
728 2293 1020 2343 confessad01·‚
1060 2293 1219 2332 chiamb
1250 2307 1333 2332 uno
1358 2291 1465 2331 altro
1495 2292 1632 2331 nomi-

189 2354 284 2387 nato
312 2348 544 2402 Neophito,
594 2349 631 2389 el
671 2350 791 2403 quale
822 2350 1053 2388 confessava
1083 2348 1186 2388 nelle
1213 2363 1302 2388 case
1330 2347 1426 2387 delli
1455 2347 1634 2401 gnerosi.

184 2403 243 2443 Et
269 2411 414 2456 questo
445 2404 567 2444 aldita
598 2405 637 2444 13
663 2405 915 2444 dubitatione
941 2404 1047 2444 della
1075 2419 1271 2457 generosa
1298 2404 1432 2454 dona,
1457 2404 1484 2442 li
1513 2403 1633 2442 disse:

186 2472 229 2498 se
257 2465 301 2498 tu
327 2461 459 2499 tormi
478 2462 767 2501 communione
795 2460 846 2499 de
871 2475 966 2500 man
987 2460 1036 2499 de
1057 2459 1151 2513 quel
1179 2466 1309 2514 prete,
1339 2466 1387 2499 tu
1418 2473 1500 2498 non
1527 2472 1638 2498 reze-

187 2515 299 2554 verai
331 2515 369 2555 el
395 2529 519 2568 corpo
546 2524 587 2555 et
615 2530 766 2569 sangue
793 2516 1014 2565 dominico,
1042 2529 1109 2554 ma
1136 2515 1341 2555 manzarai
1368 2513 1432 2553 del
1463 2527 1568 2567 pane
1597 2521 1638 2552 et

188 2568 356 2609 beverai
392 2570 459 2610 del
490 2572 605 2614 vino.
644 2586 669 2610 o
699 2571 865 2610 Christo
915 2570 1170 2624 impet-ador!
1251 2569 1326 2609 Chi
1366 2569 1454 2608 dira}
1494 2568 1570 2608 che
1598 2568 1637 2606 13

6 2664 18 2681 xr
187 2623 425 2665 subversion
466 2626 517 2665 (18
546 2633 687 2681 questa
732 2633 846 2665 zcnte
877 2640 959 2664 non
988 2628 1045 2665 sia
1073 2625 1295 2678 proceduta
1323 2625 1375 2664 da
1403 2625 1507 2663 iusta
1541 2639 1636 2662 sen..

6 2680 23 2744 ἐξ
188 2681 315 2719 tentia
343 2680 509 2720 divina?
582 2683 632 2720 Se
662 2681 755 2734 quel
783 2688 895 2733 prete
922 2682 1029 2721 fosse
1057 2689 1118 2720 sta
1147 2682 1318 2729 Latino,
1351 2687 1397 2719 tu
1430 2678 1637 2731 Neopliito

187 2734 387 2778 havet-esti
416 2736 568 2778 havuto
599 2736 773 2792 qualche
806 2751 958 2777 cuxone
982 2743 1262 2792 quantumque
1290 2751 1396 2777 vana
1421 2742 1460 2775 et
1491 2748 1637 2787 super-
