1890 3204
313 152 422 227 572
869 164 1152 218 eULmALm

308 273 598 330 Issendiar'oglii
641 276 828 332 appellati
861 284 980 318 sunt.
1039 279 1239 320 Laonicus
1265 278 1338 319 lib.
1368 279 1575 331 4'Mosem
1600 278 1656 335 ad
1681 278 1749 323 ’δί-ἑ

308 341 441 382 nopes
464 332 691 386 *principem
727 333 952 386 profectum
980 347 1062 372 esse
1091 335 1214 373 etiam
1243 342 1398 374 narrat.
1738 341 1749 390 ‚J

417 385 468 424 P.
508 385 588 436 88,
628 386 669 427 6.
745 384 925 439 Μύλτζη
960 386 1173 443 βεηβόδα]
1246 390 1420 453 Mirkien
1464 386 1636 430 Issakum
1673 403 1746 433 neu

275 452 277 457 ’
307 438 495 479 Marcum
537 440 762 480 Valachum
807 441 984 494 appellat
1036 441 1150 482 illum
1198 443 1492 495 Leunclavius3
1539 444 1744 495 Leonicus

305 491 379 532 lib.
408 494 436 543 4
462 496 643 549 Myrxen.
688 495 754 535 hic
793 503 853 536 est
878 497 984 536 Daui
1017 498 1142 538 frater
1162 501 1181 548 ,’
1206 500 1257 539 de
1282 514 1364 555 quo
1393 500 1498 539 insra
1525 499 1571 539 fit
1594 493 1751 542 meutio‘

304 560 350 587 ca
383 575 394 588 .
413 562 436 587 2
469 578 479 588 .

352 562 379 601 p
412 562 466 643 1³9.
492 602 573 653 88,
606 616 676 642 2ο.
752 602 1033 656 Σαλαγρούζω
1062 605 1108 646 δὲ
1134 607 1304 662 Νὲγρω]
1337 607 1516 648 Annales
1549 603 1751 659 Gemini-0¹¹

303 669 367 696 ses
390 657 539 696 nullam
570 658 645 697 isto
673 664 856 712 tempore
899 659 1015 700 huius
1045 661 1153 714 Nigri
1194 665 1435 704 mentionem
1466 663 1633 703 faciunt.
1669 677 1742 704 cu-

300 710 458 751 iusdam
483 712 613 765 alius,
643 715 714 766 qui
742 714 902 754 saeculo
928 717 1135 769 superiore
1164 717 1288 767 vixit,
1317 715 1459 759 nomen
1490 718 1546 759 ab'
1572 719 1654 759 illis
1675 732 1743 761 ce-

300 766 498 806 lebratur.

411 821 463 864 P,
490 821 568 876 89,
619 836 661 877 9.
744 821 830 862 τῶν
868 816 1086 879 ἇχρίδων]
1154 827 1199 866 In
1248 828 1321 867 MS
1358 826 1429 868 lib.
1466 821 1750 869 bibliothecae

301 875 448 929 Regiae
483 875 689 930 catalogus
726 877 890 917 urbium
931 887 971 919 et
998 880 1210 932 locorum,
1252 895 1425 935 quorum
1452 882 1616 923 nomina
1649 897 1741 923 mu-

300 936 386 970 tata
432 938 562 980 sunt,
597 939 727 971 extat:
776 932 816 971 in
858 946 907 972 eo
956 934 1171 988 πρεβέλλις
1198 934 1225 989 ἦ
1254 936 1435 989 ἁχριῖῖα.,
1463 937 1505 976 in
1546 934 1626 978 alio
1669 938 1742 979 MS

300 985 482 1025 eiusdem
523 986 794 1027 bibliothecae
840 995 977 1028 extant
1013 991 1207 1030 formulae
1235 993 1546 1046 inscripfionum'
1574 998 1615 1032 et
1642 993 1742 1033 sub.

301 1039 583 1093 scriptionum,
642 1042 790 1096 quibus
840 1043 1077 1096 Cpolitanus
1127 1045 1371 1098 patriarcha¹
1403 1049 1443 1086 in
1502 1046 1645 1087 litteris
1687 1047 1741 1090 ad

301 1109 448 1149 papam
492 1097 742 1149 patriarchas
787 1104 826 1137 et
865 1099 1147 1152 metropolitas
1193 1102 1333 1144 utitur.
1374 1102 1479 1141 inter
1520 1101 1612 1142 illos
1639 1108 1744 1143 extat

299 1146 408 1201 πρὸς
433 1146 505 1190 τὸν
529 1149 848 1204 Ἰουστινιανῆς,
878 1153 938 1192 his
968 1155 1122 1194 verbis:
1152 1153 1447 1209 μακαριώτατε
1474 1153 1752 1211 ἅρχιεπῖσκοὲ

298 1217 353 1243 πε
378 1203 452 1256 τῆς
477 1202 643 1259 πρώτης
677 1204 975 1261 Ἰουστινιανῆς
1010 1207 1218 1261 Ἀχρίδων
1245 1211 1318 1250 καί
1343 1206 1478 1278 πάσἾς
1505 1211 1577 1263 τῆς
1604 1211 1743 1259 Βουλῆ·

297 1257 450 1312 γαρίας
472 1259 516 1299 ἑν
544 1258 649 1316 ἁγίῳ
686 1256 895 1310 πνεύματι
930 1260 1116 1316 α’γαπητὲ
1145 1263 1403 1318 ἄδελφὲπῆς
1427 1264 1546 1317 ημῶν
1570 1266 1750 1320 μητριῶ

295 1327 429 1366 τητος.
455 1314 680 1354 beatissime
706 1317 1007 1372 >archiepiseope
1047 1319 1295 1359 Iustinianae
1325 1321 1507 1376 primae,
1538 1321 1743 1361 Aclzrida⁴

294 1383 408 1420 mm,
434 1378 474 1409 et
497 1372 706 1410 universae
719 1371 938 1423 Bzclgariae
963 1373 1006 1412 in
1021 1373 1177 1428 Spiritu
1208 1385 1347 1414 sancto
1366 1374 1504 1426 dilecte
1531 1373 1743 1422 modic-itaq

297 1424 352 1465 tis
379 1431 544 1463 nostrae
566 1426 712 1471 frater.
743 1439 790 1464 ex
817 1425 879 1465 his
915 1427 999 1466 istis
1027 1428 1159 1468 verbis
1190 1430 1323 1469 videri
1354 1437 1489 1482 posset
1519 1431 1739 1482 Iustiniana

295 1478 428 1531 prima
465 1478 632 1518 differre
668 1480 721 1519 ab
748 1479 963 1532 Acin-mis,
1006 1480 1153 1536 illaque
1190 1497 1274 1523 esse
1324 1484 1445 1535 urbS,
1489 1484 1589 1524 haec
1627 1486 1739 1539 regio

297 1532 378 1574 diei
409 1541 566 1586 posset;
593 1534 658 1573 cui
684 1535 930 1575 conveniunt
957 1536 1079 1577 verba
1110 1537 1202 1577 libri
1231 1538 1303 1578 MS
1341 1540 1438 1592 1932
1467 1538 1739 1586 bibliothecae

295 1584 467 1641 Regiae,
499 1586 646 1644 Θρᾴκη
678 1587 793 1629 ἐστίν
818 1586 845 1642 ἦ
886 1587 1228 1643 Ἀδριανούπολις
1251 1592 1382 1645 μέχρι
1411 1591 1485 1644 τῆς
1512 1593 1738 1639 Κωνσταν-ι,

295 1639 572 1689 τινουπόλεως
612 1639 686 1682 καὶ
730 1643 803 1696 τῆς
839 1644 1001 1698 Σοφίας
1039 1643 1114 1686 καί
1144 1646 1216 1699 τῆς
1250 1646 1518 1699 Βουλγαρίας
1554 1647 1628 1687 καί
1663 1647 1738 1701 τῆς

290 1693 487 1747 Ὠχράῖος
514 1693 589 1737 καὶ
614 1697 699 1738 τῶν
727 1698 867 1752 μερῶν
895 1698 1039 1751 αὐτῆς.
1100 1701 1277 1740 Thracia
1304 1702 1359 1741 ab
1381 1701 1655 1758 Adrianopoli
1679 1703 1742 1745 ad

296 1751 455 1805 Cpoll'm
498 1751 734 1792 extenditur·
747 1785 760 1803 ‚
801 1763 841 1792 et
875 1753 1030 1808 Sophia
1060 1755 1265 1809 Bzclgaria
1298 1765 1337 1795 et
1372 1755 1555 1796 Ochride
1581 1758 1739 1810 eiusque

287 1806 470 1860 partibus
506 1808 756 1848 terminatur.
801 1808 859 1847 ita
905 1815 951 1848 ut
975 1809 1125 1849 Ochris
1151 1825 1222 1850 seu
1249 1811 1391 1850 Achris
1418 1825 1493 1865 pro
1526 1812 1739 1865 provincia

293 1867 334 1900 et
362 1861 523 1915 regione
566 1861 643 1902 hoc
672 1863 765 1903 loco
786 1893 798 1914 ‚
830 1877 912 1902 non
941 1878 1019 1918 pro
1051 1866 1156 1905 urbe
1185 1866 1417 1920 accipiatur.
1475 1867 1739 1910 Iustinianam

291 1915 467 1968 primam
503 1915 628 1956 Turci
670 1918 900 1958 Giustandil
946 1919 1163 1973 appellant.
1201 1920 1297 1960 urbs
1327 1920 1475 1961 Achris
1503 1935 1526 1961 a
1556 1919 1744 1975 Gregora'

292 1970 365 2011 lib.
397 1971 422 2010 5
467 1970 508 2010 in
546 1973 788 2012 Macedonia
826 1973 1076 2022 collocatur,
1119 1989 1223 2029 quae
1255 1983 1295 2015 et
1322 1975 1524 2030 Bulgarici
1547 1977 1663 2030 regni
1692 1976 1741 2024 in⁴

291 2024 502 2079 Illyricum
529 2040 657 2080 usque
703 2030 886 2081 protensi
915 2039 1007 2082 pars
1031 2030 1130 2073 fuit„
1150 2031 1258 2070 libro
1285 2031 1405 2070 etiam
1434 2045 1456 2071 2
1486 2030 1609 2071 habet
1639 2030 1747 2084 περὶ>

291 2079 368 2131 τῆς
398 2078 730 2136 ἄρχιεπισκοπῆς
754 2083 830 2135 τῆς
857 2081 1125 2137 Βουλγαρίας
1159 2085 1234 2137 τῆς
1267 2082 1339 2124 καί
1367 2083 1560 2137 Ἀχράΐος
1586 2086 1739 2125 καλου,

289 2130 418 2186 μένης
432 2163 444 2185 ,
472 2136 523 2174 de
549 2139 893 2192 archiepiscopatu
918 2139 1158 2191 Bulgariaffi
1191 2141 1264 2195 qui
1287 2150 1327 2180 ec
1352 2141 1544 2179 Aclzn'dis
1569 2139 1732 2193 dicitur,

292 2191 406 2228 cuius
436 2191 665 2244 metropolis
701 2193 923 2232 Iustiniana
951 2197 1082 2246 prima
1110 2195 1230 2234 dicta.
1289 2195 1482 2247 Georgius
1510 2194 1735 2248 Logothetav

291 2244 336 2285 in
367 2244 520 2284 Chron.
549 2249 600 2286 de
628 2247 815 2287 Achridis
853 2250 1099 2288 mentionem
1135 2250 1242 2291 facit.
1272 2250 1467 2289 Laonic-us
1496 2247 1565 2291 lib.
1600 2263 1614 2288 1
1641 2250 1734 2289 Ma·

293 2298 487 2340 cedoniae
517 2301 661 2341 urbem
689 2301 910 2343 Ochridem
956 2307 1150 2347 nominat.
1206 2306 1308 2344 Acta
1336 2305 1455 2344 etiam
1486 2304 1632 2343 Leonis
1660 2318 1735 2356 pa-

291 2367 365 2406 pae
395 2356 455 2393 IX
481 2355 673 2396 adversus
702 2357 940 2398 Michaelem
979 2359 1232 2399 Gerularium
1263 2367 1301 2399 et
1322 2361 1501 2398 Leonem
1529 2358 1736 2400 Aeliu-idae

292 2409 524 2461 episcopum
563 2412 706 2451 urbem
740 2426 823 2452 esse
859 2412 966 2453 clare
1008 2422 1224 2467 exponunt.
1253 2414 1293 2453 in
1321 2413 1398 2454 illis
1430 2420 1534 2453 extat
1563 2413 1734 2466 epistola

291 2462 501 2503 Michaelis
531 2472 570 2504 et
598 2467 742 2506 Leonis
773 2481 875 2520 quae
902 2470 958 2507 sic
985 2468 1145 2522 incipit:
1178 2469 1358 2508 Michael
1384 2469 1626 2508 universalis
1646 2481 1732 2524 pa-

291 2517 479 2558 triarcha
508 2533 641 2559 novae
670 2522 823 2561 Romae
865 2532 904 2561 et
941 2523 1024 2562 Leo
1062 2524 1378 2579 archiepiscopus
1403 2523 1606 2562 Achridae
1647 2537 1732 2563 me-

292 2571 461 2625 tropolis
485 2573 755 2626 Balgarorum
786 2577 930 2617 dilecto
943 2579 1083 2628 fratri
1109 2579 1283 2618 Iohanni
1311 2578 1512 2618 Cannensi
1534 2577 1731 2632 episcopo.

294 2627 595 2668 Ca'ntacuzenus
636 2631 758 2670 etiam
795 2629 912 2672 πόλιν
945 2628 1138 2684 ἑσπέριον
1168 2647 1258 2673 eam
1286 2631 1459 2686 appellat
1486 2630 1555 2671 lib.
1588 2644 1612 2669 2
1640 2646 1728 2686 cap.

295 2695 366 2730 20,
400 2683 456 2722 ita
489 2689 537 2723 ut
571 2684 740 2724 dubium
780 2700 901 2727 omne
937 2687 1106 2730 tollatur
1147 2695 1187 2728 et
1223 2687 1446 2728 Achridam
1475 2700 1558 2727 esse
1583 2687 1730 2730 urbem

295 2743 465 2780 constet.
