1904 3198
301 177 377 239 50
647 187 830 239 nome
866 195 1154 239 mtcfflfflms
1194 197 1418 241 NEPons

94 297 134 331 Α.
150 296 188 332 C.
204 301 285 346 ¹³9¹
300 291 386 339 εἷλε
417 296 492 340 καὶ
516 296 819 353 Θεσσαλονίκην
846 295 919 338 καί
944 297 995 339 τὰ
1027 296 1133 349 μετὰ
1163 295 1238 354 τῆν
1258 298 1568 354 Θεσσαλονίκην
1591 299 1746 354 zuph.

297 365 359 413 εἷς
384 363 705 418 Πελοπόννησον
733 365 781 405 δὲ
808 365 960 414 πέμπει
983 355 1243 419 Ἀβρανὲζην
1271 360 1481 421 ἀρχηγόν,
1509 362 1581 406 καὶ
1603 367 1752 420 λεηλᾱᾱ·

297 433 368 470 tet
403 429 542 470 πᾶσαν
588 427 933 481 Λακεδαιμονίαν
969 425 1043 468 καὶ
1065 427 1256 480 Ἀχαίαν.
1326 430 1372 471 ἐν
1400 430 1448 471 δὲ
1486 434 1578 479 ταῖς
1605 428 1753 486 πόλεσι

297 499 391 544 ταῖς
417 494 522 550 πρὸς
548 488 748 549 Εὔξεινον
775 491 922 535 πόντον
950 494 1161 544 κειμέναις
1188 495 1342 548 πέμπει
1366 492 1656 552 Τουραχάνην,
1681 493 1758 555 Ικαὶ

298 559 450 618 ἐρημίᾳ
479 559 697 616 ἐρήμωσεν
725 555 874 607 αὐτάς.
932 559 1005 599 καί
1032 557 1173 607 ἅπλῶς
1202 559 1333 601 εἰπεῖν
1356 558 1407 602 τὰ
1431 557 1567 604 πάντα
1595 559 1792 617 &manat-5

299 627 384 680 σθη
411 626 485 668 καί
508 625 726 680 γεγόνασιν
755 618 904 673 ἄοικα,
933 618 959 678 ἦ
991 623 1037 664 δὲ
1066 620 1185 672 πόλις
1214 625 1290 666 οὐκ
1318 619 1431 679 εἶχεν
1459 620 1556 668 οὕτε
1580 624 1653 668 τὸν
1677 629 1754 667 θε-
1785 634 1790 641 ’

262 692 468 745 Βρίζοντα
498 685 599 732 οὔτε
627 688 699 732 τὸν
715 679 904 730 α’λοῶντα
920 719 932 742 ,
965 686 1071 730 ἀλλὰ
1101 690 1157 746 τῷ
1183 690 1353 744 μεγέθει
1379 692 1458 733 τοῦ
1482 692 1610 744 λιμοῖ
1639 691 1755 733 ἐστε·

297 761 520 811 νοχωρεΐτο
548 754 622 797 καί
649 752 908 808 ἄπεβάλλετο
939 753 1017 809 τῆν
1034 753 1194 809 ψυχήν.
1238 755 1289 795 οὐ
1314 753 1396 811 γὰρ
1427 757 1620 810 ἐπολέμει
1649 755 1754 798 ταῦ-

297 838 375 876 την
406 821 431 862 o‘
474 819 705 876 τύραννος,
755 816 856 861 οὐδὲ
892 818 1163 874 ῥιψεπάλξεις
1206 821 1305 862 οὐδὲ
1337 820 1619 876 τοιχεπάλξεις
1660 821 1756 864 οὐδ’

295 883 632 942 ἀκροβολισμοὺς
654 880 746 929 οὔδ’
768 880 869 926 ἄλλο
889 900 931 926 τι
952 886 1035 926 τῶν
1050 887 1295 939 μηχανικῶν
1316 885 1619 941 ἀντεπήγαγεν,
1642 884 1752 929 ἀλλὰ
1773 902 1820 930 ιο

293 948 425 1005 μόνον
452 950 706 1005 ἀνθρώπους
736 950 844 1006 ὑπὲρ
873 952 1056 1006 μυρίους
1082 951 1345 1005 καθημένους
1374 949 1510 1009 κύκλῳ
1536 948 1754 1006 μακρόθεν

295 1019 369 1059 καί
385 1018 666 1070 προσέχοντας
679 1015 754 1065 τὰς
772 1014 985 1067 διεξόδους
1001 1017 1075 1057 τοῦ
1091 1014 1152 1070 μὴ
1172 1016 1423 1071 ε’ξὲρχεσθαι
1436 1010 1469 1071 ἢ
1484 1016 1759 1072 εἶσέρχεσθαί

293 1098 337 1125 τι
365 1083 409 1123 ἐν
439 1082 557 1138 αὐτῇ.
589 1083 750 1136 ἐγένετο
778 1077 852 1123 οὖν
877 1080 999 1134 λιμὸς
1027 1080 1203 1136 ἰσχυρὸς
1240 1080 1358 1123 ἔνδον
1384 1082 1458 1136 τῆς
1485 1079 1641 1131 πόλεως
1669 1077 1753 1123 dud

295 1162 343 1189 τε
374 1149 494 1188 σίτου
527 1146 639 1189 οἴνου
667 1148 810 1188 ἐλαίου
841 1145 914 1188 καί
939 1142 1094 1202 ἑτέρων
1122 1147 1264 1188 εἰδῶν.
1292 1144 1399 1201 πρὸς
1427 1147 1474 1188 δὲ
1500 1148 1650 1203 χρείαν
1676 1141 1756 1202 ἅρ-

295 1227 372 1255 του
402 1214 474 1254 καὶ
510 1210 647 1266 πάσης
686 1207 814 1266 ἄλλης
851 1214 1111 1266 κατασκευῆς
1154 1209 1204 1265 ἢν
1236 1211 1498 1266 ὑπουργοῦσι
1540 1211 1756 1266 μαγείρων
1772 1214 1820 1262 15

255 1278 444 1327 Οπαΐδες
461 1307 474 1331 ‚
503 1277 667 1325 ἐνδείας
711 1271 838 1331 οὔσης
867 1276 1002 1326 ξύλων
1029 1277 1300 1331 κατέρριπτον
1324 1277 1424 1325 τούς
1453 1274 1668 1326 ἐξαισίους
1694 1275 1753 1319 οἴ-

292 1358 393 1390 κους
418 1341 493 1384 nat*
520 1340 594 1391 τὰς
621 1340 768 1391 δοκοὺς
796 1344 1027 1384 κατέκαιον.
1058 1340 1081 1383 ὗ
1104 1343 1151 1383 δὲ
1178 1339 1383 1395 βασιλευς
1410 1339 1626 1396 Μανουὴλ
1646 1341 1755 1384 ἄπο-
1784 1354 1788 1358 ’

291 1406 423 1462 ρὴσας
450 1409 524 1449 καί
551 1409 767 1463 μηδεμίαν
797 1407 999 1462 βοήθειαν
1022 1402 1155 1449 οὖσαν
1184 1409 1228 1458 ἐξ
1252 1404 1434 1455 ἅπαντος
1461 1405 1620 1462 γράφει
1651 1405 1755 1462 πρὸς

290 1472 434 1515 πὰπαν
453 1507 466 1527 ,
494 1472 600 1527 πρὸς
631 1473 705 1515 τὸν
735 1472 841 1529 ῥῆγα
873 1472 1104 1529 Φραγγίας,
1153 1471 1260 1529 πρὸς
1285 1470 1359 1514 τὸν
1382 1473 1541 1527 κροίλην
1572 1472 1753 1527 Οὕγγρί-

291 1555 367 1592 ας,
394 1537 572 1594 μηνύων
604 1539 677 1581 τὸν
703 1538 980 1592 α’ποκλεισμὸν
1008 1542 1080 1581 καί
1115 1537 1190 1594 τήν
1220 1537 1503 1594 στενοχωρίαν
1529 1539 1604 1594 τῆς
1632 1537 1754 1580 πόλε-
1768 1555 1821 1583 20

293 1617 364 1652 ως·
421 1604 495 1646 καί
530 1607 571 1647 εἰ
596 1604 655 1660 μὴ
695 1602 823 1659 τάχος
855 1602 1014 1661 φθάσει
1055 1600 1198 1659 ἆρωγὴ
1234 1619 1297 1652 τις
1326 1605 1400 1645 καί
1435 1602 1640 1658 βοήθεια,
1672 1619 1754 1645 πα-

295 1671 516 1725 ραδίδοται
555 1673 615 1721 εἰς
649 1676 798 1726 χεῖρας
838 1671 1007 1726 ἐχθροῖν
1035 1672 1110 1726 τῆς
1149 1671 1230 1712 τῶν
1257 1669 1527 1726 Χριστιανῶν
1560 1671 1754 1718 πίστεως.

395 1794 422 1816 1.
445 1779 556 1829 μετὰ]
579 1774 672 1816 κατὰ
695 1787 865 1827 praestat.

298 1893 369 1927 que
394 1882 466 1915 alio
494 1887 724 1927 transportat.
764 1881 1058 1915 Thessalonicam
1081 1881 1167 1914 inde
1191 1882 1300 1927 cepit,
1327 1881 1575 1927 oppidulaque
1599 1880 1753 1914 ulterius

300 1929 379 1962 sita.
428 1929 649 1962 Abranezem
683 1929 721 1962 in
749 1929 1036 1973 Peloponnesum
1062 1929 1195 1969 mittit,
1230 1925 1520 1974 quiuniversam
1540 1927 1754 1972 Spartanam

300 1975 483 2019 regionem
512 1975 757 2021 Achaiamque
793 1975 964 2020 diripuit3
996 1981 1032 2008 et
1065 1975 1232 2008 adversus
1267 1975 1373 2010 urbes
1398 1975 1444 2008 ad
1469 1976 1620 2009 Pontum
1643 1973 1754 2007 Euxi-

298 2034 385 2055 num
410 2023 495 2056 sitas
522 2022 784 2063 Tmachzmem,
810 2023 873 2067 qui
901 2033 959 2054 eas
985 2021 1193 2055 devastavit.
1218 2027 1331 2067 utque
1356 2022 1466 2067 plane
1492 2020 1592 2068 quod
1618 2031 1674 2054 res
1699 2025 1756 2053 est

299 2068 438 2110 dicam,
463 2070 584 2102 omnia
609 2080 730 2103 eversa
756 2081 797 2101 ac
825 2069 987 2101 desolata
1012 2074 1115 2110 sunt,
1154 2068 1322 2114 intraque
1357 2069 1483 2101 urbem
1518 2078 1592 2101 non
1618 2077 1755 2100 messor

299 2121 396 2156 erat,
431 2127 505 2148 non
534 2116 597 2160 qui
631 2116 791 2148 triticum
815 2116 1021 2156 trituraret,
1059 2115 1123 2148 sed
1150 2115 1244 2148 fame
1269 2127 1309 2148 ac
1333 2115 1586 2161 desperatione
1609 2113 1755 2146 labora-

297 2161 415 2194 batur.
452 2168 624 2205 tyrannus
658 2163 753 2195 enim
790 2173 863 2195 non
894 2161 992 2194 hello
1017 2161 1182 2195 tentabat
1218 2162 1363 2203 urbem,
1403 2162 1532 2207 pinnas
1568 2171 1753 2193 murorum

299 2208 506 2241 deficiendo
534 2220 639 2242 eosve
666 2209 841 2241 machinis
867 2209 952 2241 ullis
981 2208 1200 2254 quatiendo,
1228 2219 1295 2241 nec
1318 2206 1594 2242 velitationibus
1619 2211 1683 2239 aut
1697 2206 1753 2239 le-

296 2255 401 2287 vibus
427 2255 758 2300 oppugnationibus
791 2255 1002 2288 lacessebat.
1039 2254 1101 2288 sed
1126 2254 1277 2288 aderant
1314 2255 1471 2287 militum
1496 2264 1603 2299 supra
1627 2251 1752 2286 decem

296 2302 424 2342 millia,
451 2312 541 2346 quos
568 2303 673 2346 longe
699 2314 719 2334 a
745 2303 855 2336 muris
882 2302 920 2334 in
948 2301 1085 2335 ambitu
1110 2300 1269 2335 habebat
1293 2301 1502 2334 obsidentes
1527 2299 1659 2340 aditus,
1684 2299 1752 2332 ob-

298 2354 575 2392 servantesque‚
603 2360 649 2381 ne
675 2348 765 2394 quid
789 2349 827 2381 in
855 2349 981 2381 urbem
1007 2349 1262 2393 importaretur
1292 2353 1355 2381 aut
1378 2347 1464 2380 inde
1490 2351 1750 2392 exportaretur.

296 2395 408 2427 sames
433 2400 624 2439 propterea
648 2396 686 2428 in
714 2395 802 2428 urbe
828 2395 1106 2439 ingravescebat,
1131 2394 1384 2427 deficientibus
1408 2393 1531 2427 tritico
1557 2393 1642 2427 vino
1667 2393 1750 2426 oleo

299 2441 501 2486 ceterisque
527 2442 780 2475 alimentorum
806 2442 1015 2486 speciebus;
1043 2447 1155 2486 utque
1179 2452 1309 2486 panem
1338 2445 1536 2486 coquerent
1555 2445 1749 2484 ceteraque

299 2488 471 2528 obsonia,
496 2488 604 2531 'ligno
644 2489 741 2533 ipsos
782 2488 974 2522 deficiente
999 2488 1122 2521 domos
1159 2488 1249 2521 altas
1275 2487 1485 2528 diruerunt,
1509 2486 1748 2531 trabibusque

299 2546 421 2567 earum
447 2534 493 2566 ad
517 2535 635 2578 ignem
672 2535 728 2567 usi
752 2541 845 2568 sunt.
870 2536 907 2568 in
947 2534 1122 2568 eiusmodi
1148 2534 1320 2579 angustiis
1349 2534 1568 2567 constitutus
1592 2533 1749 2578 impera-

298 2586 373 2621 tor,
399 2582 614 2626 nullumque
645 2592 813 2625 praesens
852 2582 1026 2615 auxilium
1048 2591 1216 2621 cernens,
1244 2580 1290 2613 ad
1312 2590 1464 2626 papam,
1490 2591 1607 2625 regem
1636 2579 1749 2612 Fran-

298 2627 375 2660 ciae
402 2634 438 2660 et
466 2628 668 2672 Hungariae
693 2628 823 2660 cralem
848 2629 994 2670 scribit,
1029 2633 1223 2673 monetque
1249 2627 1390 2672 Cpolim
1416 2627 1607 2660 obsidione
1635 2625 1748 2670 cingi,

298 2680 337 2707 et
361 2675 399 2707 in
424 2686 465 2707 ea
498 2675 705 2707 conclusum
744 2685 780 2707 se
817 2686 894 2707 esse
922 2675 967 2707 ad
993 2685 1108 2708 rerum
1139 2674 1298 2707 omnium
1325 2674 1512 2718 penuriam
1540 2671 1747 2713 redactum3

298 2727 336 2754 et
361 2721 431 2754 nisi
468 2727 632 2766 prompte
671 2721 846 2754 auxilium
882 2733 1060 2766 opemque
1101 2721 1169 2766 ipsi
1195 2721 1365 2761 tulerint,
1397 2721 1436 2753 in
1476 2720 1635 2753 hostium
1660 2717 1747 2751 fidei

298 2767 525 2802 Christianae
556 2778 682 2802 manus
718 2767 844 2801 urbem
881 2779 1138 2802 concessuram.
1175 2767 1231 2801 his
1255 2767 1410 2813 permoti
1435 2766 1666 2801 occiduarum
1690 2775 1747 2799 re·-
