1916 3210
328 154 442 212 506
794 175 977 220 110οΑ3
1014 171 1279 237 135το1311

321 277 382 318 sia
406 292 483 319 003
512 277 741 328 iuramento
766 279 808 319 fo
835 278 1035 327 creduto,
1068 285 1107 319 et
1133 280 1172 318 io
1190 279 1477 320 condemnato.
1533 274 1774 323 Conmau'db

323 335 527 389 adunque‘
545 336 582 375 01
607 342 785 388 tyranno
818 334 924 373 ch'io
953 334 1114 375 elizesse
1158 349 1243 373 uno
1271 334 1323 374 de
1348 336 1418 375 doi
1447 334 1571 383 mali,
1591 351 1628 376 *o
1655 350 1772 378 vm-

241 388 310 426 335
323 396 459 429 mente
485 390 701 444 pagasseX
727 388 834 428 milia
854 388 1006 436 ducati,
1039 405 1064 430 o
1087 396 1317 429 veramente
1343 391 1560 443 prendesse
1579 389 1618 432 la
1646 405 1772 444 guer-

323 459 382 487 ra.
439 445 497 485 Et
537 445 576 484 io
615 443 933 484 contradicendo
975 458 997 483 3
1024 451 1138 484 tanta
1181 444 1380 484 iniustitia
1411 459 1493 485 non
1523 446 1771 499 possettixnb

320 513 516 539 revoc-are
558 500 609 538 ne
650 499 835 550 mitigare
877 499 914 538 13
943 499 1176 539 sententia.
1235 501 1303 539 Ma
1332 500 1499 540 subbito
1526 500 1562 540 01
1591 505 1770 555 tyranno

319 554 470 594 mando
499 568 582 593 uno
612 553 652 592 di
678 553 740 593 soi
774 553 879 594 servi
908 568 985 593 con
1030 555 1132 595 certi
1161 557 1306 595 secreti
1336 555 1661 596 comandamenti
1689 554 1770 597 3118

318 609 477 649 Fochie
513 609 673 648 vecchie
693 638 705 658 ,
743 607 781 647 le
813 609 933 662 quale
959 623 1084 650 erano
1121 610 1187 648 del
1216 610 1348 649 ducha
1384 611 1434 650 de
1462 611 1605 650 Lesbo.
1662 611 1772 652 Par-

317 664 440 705 tendo
488 663 677 716 adunque
723 663 761 702 el
798 663 932 703 (130113
968 664 1224 704 Mechemeth
1250 665 1301 704 da
1329 666 1688 719 Constantinopoli
1713 666 1770 706 ali

319 718 374 770 24
413 718 464 758 de
489 733 612 757 zener
653 717 787 771 6964,
819 733 950 758 venne
991 719 1041 759 ad
1067 721 1158 759 Eno
1179 749 1191 770 ‚
1238 727 1278 758 et
1301 734 1420 774 presa
1448 721 1487 760 13
1516 727 1648 771 terra,
1674 720 1769 760 tolti

318 772 349 813 li
374 773 511 825 figlioli
542 779 583 812 et
610 771 649 812 le
675 772 826 827 figliole
853 774 978 814 torno
1012 775 1055 814 iu
1087 774 1290 818 Adrianu.
1348 775 1401 814 ΕΙ
1431 777 1566 829 signor
1592 775 1644 815 de
1662 774 1769 828 Euo,

317 828 481 880 quando
518 827 560 867 fo
589 842 705 881 presa
741 828 781 867 13
819 834 955 880 terra,
997 844 1068 870 era
1118 831 1157 869 in
1189 829 1230 868 13
1259 829 1389 869 insula
1418 829 1469 870 de
1496 830 1768 872 Samotrachi.

317 882 596 923 Cominzando
628 883 666 923 la
698 883 942 937 primavera‚
981 884 1016 924 el
1036 885 1172 924 ducha
1189 885 1390 924 comendo
1408 898 1451 927 se
1480 886 1767 939 apparechias-

316 951 361 977 se
389 951 472 976 una
513 938 663 991 grande
707 946 865 979 armata
915 947 1059 979 contra
1091 940 1210 984 Chio.
1278 941 1346 979 Ma
1376 938 1405 979 li
1435 939 1554 990 Chii,
1585 939 1661 980 che
1685 941 1770 981 mal

315 990 537 1032 volentiera
561 993 795 1047 toglievano
824 995 862 1033 01
887 997 1039 1047 partito
1074 995 1179 1035 deHa
1208 1010 1358 1048 guerra
1376 1024 1388 1044 ,
1418 994 1675 1035 mandarono
1702 995 1766 1036 le.

316 1047 400 1102 gati
432 1049 471 1087 al
496 1055 699 1102 tyranno,
729 1049 757 1088 li
785 1050 896 1103 quali
939 1065 1016 1090 003
1047 1050 1174 1090 molte
1201 1051 1350 1090 fatiche
1379 1056 1420 1089 et
1449 1057 1575 1090 stente
1605 1051 1768 1090 concia-

314 1117 394 1142 ron
422 1102 461 1142 la
491 1118 584 1143 cosa
616 1118 640 1143 3
671 1117 797 1158 pagar
823 1106 987 1145 XXXX
1027 1106 1138 1144 milia
1167 1106 1334 1146 duchati
1363 1119 1441 1158 per
1463 1104 1500 1144 la
1531 1105 1637 1145 susta
1667 1110 1709 1144 et
1735 1104 1767 1144 li

313 1157 472 1197 Turchi
504 1158 579 1199 che
604 1173 683 1199 eon
717 1174 802 1199 essa
831 1160 983 1200 son-ono
1015 1161 1228 1204 submersi.
1260 1168 1298 1201 et
1327 1161 1408 1200 cos}
1436 1159 1473 1199 le
1505 1174 1598 1200 cose
1630 1161 1767 1215 quiete

315 1212 530 1256 rimaseno.
586 1215 634 1254 Li
672 1214 842 1255 citadini
874 1216 924 1255 de
958 1215 1104 1256 Limno
1125 1216 1336 1256 habiando
1366 1215 1471 1254 mala
1498 1221 1634 1255 mente
1661 1229 1766 1255 con-

314 1273 378 1307 tra
423 1268 461 1307 el
505 1284 579 1309 suo
606 1270 745 1323 signor
775 1271 924 1311 Nicolb
955 1271 1172 1320 Cataluso‚
1209 1277 1481 1311 ascosamente
1509 1270 1766 1310 mandax-ono

316 1323 452 1363 alcuni
492 1323 626 1364 zentili
668 1325 825 1364 homini
864 1326 904 1364 al
938 1333 1118 1380 tyranno
1166 1327 1216 1366 ad
1245 1326 1494 1366 domandam
1521 1338 1605 1365 uno
1636 1324 1677 1364 di
1703 1326 1765 1365 soi

314 1379 420 1418 servi
453 1393 527 1432 per
555 1387 808 1433 governator
829 1381 934 1420 della
964 1383 1108 1423 insula.
1166 1382 1218 1421 El
1255 1389 1434 1435 tyranno
1469 1380 1702 1420 ascultando
1727 1380 1766 1420 el

315 1435 463 1473 nuntio
516 1448 597 1474 003
638 1435 793 1488 aliegro
825 1450 947 1485 core,
987 1435 1133 1475 nuntio
1162 1437 1212 1475 ad
1242 1436 1420 1475 Esimael
1446 1435 1660 1487 eunucho,
1689 1449 1765 1488 go-

234 1489 506 1528 336vernator
543 1488 655 1529 alora
697 1490 746 1529 de
786 1490 965 1542 Galipoli
1009 1491 1175 1543 (perche
1199 1491 1348 1530 Zenusi
1375 1504 1443 1529 era
1471 1496 1532 1529 sta
1563 1489 1763 1530 desmesso

315 1550 356 1583 et
383 1543 424 1582 fo
452 1544 644 1584 mandato
671 1545 850 1598 prefecto
878 1546 920 1583 in
952 1546 989 1583 la
1014 1547 1227 1598 provintia
1258 1546 1308 1584 de
1330 1545 1464 1593 Caria)
1491 1545 1567 1584 che
1594 1543 1765 1584 undasse

314 1599 359 1638 in
389 1600 535 1638 Limno
582 1613 658 1639 con
696 1599 800 1654 galie
835 1614 998 1639 numero
1039 1599 1257 1651 sufficiente
1289 1600 1342 1639 ad
1377 1599 1537 1639 tradere
1565 1598 1603 1639 13
1633 1600 1764 1639 insula

315 1653 367 1693 ad
407 1654 580 1692 camus-<1
608 1669 683 1693 suo
723 1655 892 1694 schiavo
937 1662 979 1693 et
1019 1663 1261 1708 governator
1305 1654 1439 1708 quella
1479 1668 1554 1694 con
1595 1654 1762 1696 iustitia.

315 1709 564 1762 Agitandose
592 1715 733 1762 queste
763 1724 858 1749 cose
888 1709 939 1749 da
972 1711 1114 1748 Istnael
1132 1739 1143 1759 ‚
1175 1710 1212 1748 el
1241 1710 1373 1748 ducha
1401 1710 1452 1748 de
1481 1708 1612 1749 Lesbo
1642 1723 1762 1749 man-

314 1763 371 1803 db
402 1778 483 1802 una
515 1778 586 1803 sua
612 1764 716 1818 galia
745 1771 787 1804 et
814 1779 895 1803 una
926 1779 1030 1804 nave
1059 1779 1136 1804 con
1168 1765 1325 1804 homini
1355 1772 1472 1804 cento
1509 1771 1618 1804 sotto
1647 1765 1762 1804 Zuan

314 1817 504 1858 Fontana
544 1826 584 1859 et
623 1819 791 1872 Spineta
837 1819 1105 1868 Columbato,
1155 1820 1206 1858 ali
1235 1819 1344 1873 quali
1375 1820 1565 1858 commise
1597 1818 1696 1868 che,
1723 1834 1766 1859 se

314 1879 487 1914 trovava
503 1873 516 1911 i
535 1870 691 1914 Limnei
709 1874 850 1927 pentiti
872 1875 921 1913 de
950 1875 1041 1928 quel
1070 1875 1145 1914 0110
1174 1874 1359 1915 haveano
1380 1875 1504 1924 sacto,
1524 1873 1552 1912 li
1570 1874 1764 1928 guardas-

313 1940 358 1968 se
385 1943 463 1969 con
496 1928 592 1969 lieto
623 1929 760 1980 volto,
807 1937 846 1969 et
874 1944 950 1969 con
978 1930 1174 1969 dexteru&
1200 1936 1241 1968 et
1269 1944 1347 1968 con
1376 1930 1560 1969 dolcezza
1594 1929 1620 1968 li
1653 1935 1762 1969 trac..

314 1990 419 2023 tasse
460 1999 532 2038 per
569 1985 693 2024 modo
727 1985 801 2024 che
833 1985 869 2023 la
896 1985 1025 2024 insula
1054 1991 1174 2024 tome
1203 1985 1242 2023 al
1270 1985 1407 2038 signor
1434 1983 1483 2024 de
1509 1983 1662 2023 Lesbo.
1697 1998 1764 2023 ma

314 2039 440 2091 quelli
468 2054 548 2078 non
589 2040 726 2079 hanno
753 2047 912 2079 servato
942 2038 1112 2080 l'ordine
1154 2040 1279 2090 dato,
1313 2040 1398 2078 anzi
1425 2039 1563 2078 113330
1598 2038 1762 2078 comba-

316 2101 420 2133 tuto.
477 2095 494 2133 1
526 2095 684 2133 Limnei
723 2096 801 2133 fine
836 2109 859 2133 a
900 2095 1166 2148 cinquecento
1191 2109 1213 2134 3
1243 2094 1400 2135 cavalto
1430 2096 1625 2133 usrirono
1657 2095 1762 2146 fora,

318 2156 358 2188 et
386 2149 522 2188 hanno
553 2157 700 2189 veneto
730 2157 769 2189 et
796 2157 990 2203 superato
1011 2150 1039 2188 li
1055 2150 1271 2190 adversarii
1312 2150 1621 2188 Alcuniforono
1650 2162 1763 2188 ama-

318 2204 424 2254 zati,
454 2206 589 2244 alcuni
614 2205 862 2258 scampando
890 2207 931 2244 in
974 2220 1084 2245 mare
1111 2220 1153 2245 se
1186 2220 1402 2259 annegaro.
1458 2205 1574 2244 Circa
1600 2205 1675 2243 XL
1702 2205 1762 2242 so·-

317 2270 422 2298 rono
449 2262 567 2311 presi.
626 2261 764 2311 Quelli
798 2260 810 2299 i
839 2262 950 2313 quali
984 2275 1108 2301 erano
1137 2262 1274 2300 rimasi
1302 2263 1342 2300 in
1371 2273 1473 2299 nave
1502 2266 1543 2299 et
1566 2261 1608 2299 in
1638 2259 1761 2311 galia,

318 2315 544 2368 pigliarono
589 2314 732 2354 Nicolb
774 2316 995 2366 Cataluso‚
1034 2316 1203 2356 fradello
1236 2315 1303 2356 del
1336 2317 1498 2370 signor,
1530 2314 1565 2354 el
1593 2315 1690 2367 qual
1718 2328 1760 2353 se

316 2377 489 2409 trovava
528 2371 568 2409 in
604 2370 728 2410 Paleo
774 2373 920 2412 Castro
957 2378 998 2411 et
1038 2386 1114 2410 con
1165 2372 1303 2424 pocbo
1342 2371 1475 2410 honor
1518 2377 1684 2408 tornaro
1717 2371 1759 2408 in

318 2425 468 2464 Lesbo.
553 2425 590 2464 A
621 2426 687 2465 tre
714 2428 825 2466 zorni
858 2427 978 2480 dapoi
1009 2441 1101 2466 ecco
1132 2426 1272 2466 1531301
1305 2425 1464 2465 arivare
1491 2425 1540 2464 ad
1572 2424 1728 2477 Lymno
1746 2455 1759 2474 ‚

318 2480 519 2519 menando
561 2482 731 2520 Camusa
749 2512 760 2530 ‚
812 2497 919 2522 novo
945 2489 1229 2536 governatore.
1293 2482 1350 2521 Et
1376 2479 1527 2520 laudati
1558 2479 1571 2518 i
1602 2479 1758 2518 Limnei

317 2534 423 2574 della
460 2536 620 2587 probita
662 2537 739 2576 0110
781 2537 962 2577 haveano
992 2544 1110 2577 usato
1129 2567 1141 2587 ,
1184 2543 1225 2576 et
1251 2535 1346 2576 tolti
1374 2535 1387 2574 i
1417 2535 1548 2575 Lesbii
1578 2533 1757 2586 captivi,

317 2589 443 2629 torno
469 2590 518 2628 ad
547 2590 725 2644 Galipoli
753 2592 818 2631 del
846 2607 958 2632 meze
985 2592 1034 2631 de
1064 2594 1181 2631 Mazo
1222 2591 1285 2630 del
1314 2589 1448 2644 6964,
1477 2589 1584 2628 onde
1613 2587 1758 2627 nuntio

238 2648 303 2694 337
320 2644 357 2684 al
385 2652 559 2698 tyranno
586 2646 624 2684 el
654 2661 837 2686 successo
865 2647 969 2687 delle
998 2661 1088 2686 cose
1119 2647 1231 2688 facte.
1287 2647 1340 2684 Et
1369 2644 1547 2684 bench’el
1578 2650 1755 2696 tyranno

317 2700 423 2740 fosse
449 2701 577 2738 multo
600 2714 738 2740 acceso
770 2702 820 2741 de
838 2704 901 2741 ira
931 2702 1098 2741 contra'l
1126 2702 1264 2754 signor
1293 2700 1344 2739 de
1370 2700 1498 2739 Lesbo
1517 2729 1528 2747 ,
1557 2698 1757 2737 nientedi-

317 2769 438 2796 meno
463 2769 547 2796 nou
567 2757 651 2796 fece
673 2756 816 2797 alcuna
833 2757 1151 2798 demostratione
1170 2770 1242 2810 per
1270 2768 1378 2796 esser
1404 2754 1530 2794 molto
1555 2759 1757 2807 occupato
