1916 3210
358 167 471 236 442
838 186 1020 229 nucu:
1043 173 1315 227 'ms‘romA

357 282 655 328 sollemnissimi
701 286 855 327 conviti
873 316 887 338 ,
925 296 1007 325 con*
1040 283 1068 324 li
1097 280 1207 339 quali
1245 282 1407 324 honoro
1450 282 1491 322 lo
1518 281 1798 329 Adornoenon

358 345 454 382 tutti
485 344 636 383 Latini.
663 344 731 396 poi
760 356 834 382 con
863 340 1006 395 parole
1030 338 1157 379 molto
1187 339 1315 394 degne
1340 346 1379 380 et
1405 337 1590 392 elegante
1611 338 1800 381 benedis·

357 410 402 437 se
427 404 469 438 et
495 397 620 438 laudi)
649 396 853 437 l'Adorno
883 402 921 434 et
948 401 1054 434 tutta
1082 395 1119 434 la
1134 408 1204 434 sua
1231 393 1482 448 compagnia.
1515 393 1685 434 Adorno
1709 394 1798 448 pri..

346 462 420 491 ‘ma
448 452 613 492 cumuli>
641 452 692 491 de
720 450 837 490 molti
866 449 993 488 ricchi
1024 456 1064 489 et
1091 449 1256 502 pretiosi
1283 449 1409 499 doni3
1446 462 1638 501 appresso
1652 448 1690 488 ›li
1715 448 1796 490 do*

256 506 340 542 ·¹8¹
357 506 411 545 nb
438 507 478 546 lo
514 507 740 547 Periteorio
762 535 773 553 ‚
803 518 884 544 uno
920 503 1016 544 delli
1052 503 1205 543 castelli
1235 503 1339 544 della
1366 505 1512 544 Grecia
1540 502 1595 542 ad
1617 503 1799 544 sruiraet

354 561 496 611 galder
538 576 616 616 per
655 567 759 599 tutta
796 561 833 599 la
870 573 941 598 sua
967 561 1076 609 vita;
1122 559 1369 599 simelmente
1397 559 1422 597 li
1455 557 1664 598 comen-chit
1689 557 1796 598 daile

337 616 526 661 Fochie.
567 617 614 655 Li
644 614 735 654 altri
763 614 927 668 patroni
955 614 1006 653 de
1035 627 1138 654 nave
1168 615 1263 654 tutti
1288 613 1445 654 cambio
1472 613 1524 652 de
1551 620 1661 654 veste
1679 612 1791 654 »bene

356 678 397 710 et
437 670 629 724 pretiose.
695 670 733 709 A
780 669 880 709 tutti
921 669 1101 708 secundo
1138 682 1210 708 sua
1249 669 1481 708 conditione
1506 667 1618 707 dono
1646 667 1796 708 diversi

351 725 465 765 doni.
524 725 599 765 Poi
629 725 723 764 tutti
749 723 1055 778 ringratiando,
1107 737 1182 763 con
1211 738 1311 777 pace
1338 730 1379 763 et
1409 722 1697 776 humanissime
1722 737 1797 776 pa-

350 779 440 819 role
470 779 652 823 licentib.
707 779 839 818 Zonto
875 793 899 818 a
929 777 1107 832 Galipoli
1138 778 1306 818 Adorno
1344 792 1420 817 con
1457 776 1496 817 la
1523 791 1596 818 sua
1623 787 1795 831 compa-

350 836 468 887 gnia,
507 842 753 875 montarono
786 834 828 873 in
864 834 902 874 le
942 835 1051 873 navi.
1087 833 1181 873 date
1210 833 1247 873 le
1274 833 1363 873 vele
1391 831 1459 872 alli
1487 832 1598 872 venti
1624 831 1792 873 secundi

350 888 546 929 sulcando
571 896 706 943 presto
736 888 813 930 alle
834 887 986 929 Fochie
1013 889 1248 928 arivarono.
1305 888 1352 927 ln
1382 894 1523 941 questo
1547 894 1685 941 tempo
1699 888 1797 927 Mo-

351 951 438 993 rat,
470 943 547 982 che
575 959 657 984 non
702 959 768 983 era
798 944 912 998 pigro
940 943 1018 982 alle
1044 957 1136 983 cose
1162 943 1227 982 del
1255 942 1427 993 ducato,
1460 941 1609 981 maudo
1639 941 1794 982 homini

351 998 511 1037 strenui
551 1006 592 1038 et
618 1001 864 1051 magnanimi
898 998 948 1037 ad
989 1012 1128 1037 cercar
1155 998 1356 1048 Mustafa‚
1386 998 1422 1036 el
1451 996 1544 1050 qual
1571 1004 1796 1037 trovarono

350 1052 429 1092 alle
465 1053 557 1092 rive
586 1054 638 1093 de
666 1055 848 1108 Hystro‚
893 1054 968 1093 che
1005 1052 1149 1092 voleva
1179 1067 1336 1106 passare
1364 1066 1386 1090 a
1414 1051 1790 1105 Constantinopoli,

348 1107 506 1148 bench&
537 1108 604 1148 nel
632 1111 771 1148 animo
800 1123 876 1148 suo
904 1107 1097 1161 ambiguo
1129 1108 1232 1147 fosse
1256 1122 1333 1161 per
1362 1107 1399 1146 la
1427 1107 1672 1146 conscientia
1693 1106 1792 1146 delli

349 1162 439 1202 fatti
467 1164 684 1207 commissi.
754 1164 933 1203 Trovato
957 1163 1147 1216 adunque
1172 1163 1214 1202 fo
1241 1176 1367 1216 preso
1397 1167 1439 1200 et
1462 1168 1623 1201 menatn
1648 1175 1674 1201 a
1702 1162 1795 1201 Mo-

348 1225 437 1266 rat,
465 1219 503 1258 el
534 1219 654 1271 quale
679 1218 720 1258 in
749 1219 916 1272 publico
948 1231 1096 1270 arengo
1125 1217 1211 1257 fece
1237 1217 1417 1257 iudicare
1441 1215 1504 1256 ala
1532 1215 1794 1270 victnpenosa

347 1279 484 1312 morte
515 1272 622 1313 della
659 1273 774 1313 sorca
819 1274 857 1313 al
886 1275 975 1313 loco
1009 1272 1221 1312 manifesto
1255 1286 1371 1311 come
1407 1271 1675 1321 mdfactore,
1717 1284 1794 1324 per

348 1327 606 1366 confer-mare
654 1328 690 1367 la
732 1327 928 1381 opinione
970 1326 1021 1366 de
1049 1327 1171 1380 quelli
1218 1326 1293 1366 che
1321 1327 1547 1366 eredevano
1575 1323 1678 1366 ch’el
1700 1339 1792 1366 -non

348 1382 449 1421 fosse
475 1389 710 1422 veramente
739 1382 863 1436 figlini
889 1383 941 1423 dc
962 1381 1088 1421 lldrin
1107 1381 1287 1421 Paiasith
1305 1380 1596 1431 Ottomanide‚
1625 1394 1691 1420 ma
1716 1379 1793 1421 che

349 1451 416 1475 cra
446 1442 508 1476 sta
538 1436 727 1476 simulato
758 1438 809 1476 da
838 1436 1040 1477 Emanuel
1080 1435 1299 1489 Paleologo
1327 1435 1596 1489 imperadore.
1654 1435 1723 1475 Ma
1751 1435 1792 1476 la

344 1490 473 1530 verita
501 1491 545 1531 fo
575 1491 651 1531 che
678 1506 747 1531 era
773 1490 970 1547 figliol‘de
1002 1490 1127 1531 lldrin
1158 1490 1354 1534 Paiasith.
1383 1490 1571 1530 stabilito
1597 1488 1792 1543 adunque

345 1546 485 1585 morat
513 1545 621 1586 nella
647 1546 765 1586 duca}
793 1547 900 1587 sedia
927 1554 1099 1600 paterna
1115 1574 1127 1597 ,
1155 1553 1197 1585 et
1223 1545 1484 1585 cominzando
1513 1545 1553 1584 la
1583 1544 1793 1598 primave·

344 1613 418 1651 ra,
443 1598 535 1640 'fece
564 1601 629 1641 far
672 1602 1016 1642 comandamento
1049 1614 1121 1654 per
1148 1600 1283 1640 tutto'l
1311 1614 1385 1639 suo
1414 1600 1562 1639 ducato
1595 1599 1670 1638 che
1696 1598 1793 1638 tutti

344 1654 503 1695 homini
549 1656 600 1695 da
642 1670 753 1696 arme
789 1671 832 1696 se
865 1669 1154 1711 congregasse,
1198 1662 1236 1694 et
1263 1655 1444 1694 adunato
1475 1654 1518 1693 lu
1545 1654 1722 1693 exercito
1748 1668 1793 1694 se

344 1709 665 1763 apparecchiava
696 1718 840 1751 contra
869 1709 1237 1763 Constantinopoli.
1272 1711 1332 1749 Lo
1362 1709 1596 1762 imperador
1624 1707 1792 1748 Manuel

269 1769 333 1804 ⁸82
346 1766 472 1804 molto
502 1767 671 1815 avanti,
702 1765 758 1805 lui
788 1766 953 1805 essendo
982 1764 1151 1804 vecchio
1168 1795 1180 1813 ‚
1217 1764 1346 1804 havea
1374 1763 1657 1803 ricomandato
1686 1763 1792 1803 rim-

344 1822 455 1871 perio
485 1833 508 1858 a
532 1834 606 1859 suo
631 1819 755 1874 figliol
785 1822 944 1860 Zuanni
969 1820 1248 1873 imperadore.
1280 1833 1364 1859 esso
1381 1825 1617 1859 veramente
1641 1831 1683 1857 se
1706 1817 1794 1857 die-

343 1874 397 1913 de
423 1880 535 1914 tutto
563 1875 641 1914 alle
672 1875 820 1928 parole
849 1876 924 1915 che
948 1874 1030 1914 allo
1064 1874 1190 1914 offitio
1217 1874 1368 1917 divino.
1426 1873 1628 1913 Havendo
1653 1871 1791 1912 adun-

342 1943 425 1982 que
466 1929 596 1968 inteso
639 1928 904 1984 l'imperador
933 1929 1031 1970 ch’el
1078 1929 1209 1969 ducha
1240 1930 1379 1969 Morat
1405 1928 1694 1983 apparechiava
1722 1941 1792 1966 ex-

341 1984 470 2023 ercito
496 1991 637 2024 contra
660 1983 700 2024 la
732 1984 866 2024 citade
885 2015 896 2037 ‚
927 1993 966 2024 et
994 1998 1062 2023 era
1089 1985 1126 2024 el
1156 1998 1263 2023 mese
1291 1984 1342 2024 de
1373 1984 1534 2037 Aprili,
1565 1981 1716 2022 mando
1747 1981 1788 2022 al

340 2038 475 2078 ducha
506 2053 590 2079 uno
618 2040 886 2079 ambaxadore
915 2040 1119 2079 chiamato
1149 2039 1367 2078 Theodoro
1395 2037 1580 2078 Cot-acha
1611 2036 1790 2076 Theolo-

339 2103 401 2144 go.
429 2107 501 2145 per
539 2095 673 2147 patria
715 2108 785 2134 era
828 2095 878 2134 da
907 2093 1187 2147 Philadelphiu
1207 2123 1219 2145 ‚
1248 2108 1313 2133 ma
1341 2094 1448 2147 dapo
1481 2093 1521 2133 la
1551 2094 1790 2132 excursione

339 2149 379 2186 di
411 2149 578 2188 Tartari
611 2149 652 2189 in
684 2148 782 2189 Asia
811 2148 948 2189 habito
977 2163 1000 2188 a
1029 2149 1392 2202 Constantinopoli.
1425 2162 1494 2188 era
1521 2146 1650 2186 homo
1681 2145 1790 2185 mol-

341 2209 383 2241 to
413 2209 574 2251 astuto,
618 2218 759 2258 sagace
796 2212 836 2243 et
878 2205 1097 2247 malitioso.
1154 2204 1260 2243 Delli
1288 2204 1374 2243 vitii
1404 2209 1446 2242 et
1478 2201 1649 2242 costumi
1677 2201 1789 2240 Tur-

339 2257 501 2296 ch‹·schi
528 2265 568 2297 et
596 2258 905 2298 maxim-amente
931 2259 1036 2298 della
1066 2260 1201 2311 lingua
1228 2273 1297 2298 era
1315 2258 1441 2298 molto
1477 2257 1610 2300 docto.
1642 2269 1717 2309 per
1742 2255 1788 2295 lu

341 2313 509 2363 inzvgno
540 2327 613 2352 suo
641 2313 834 2353 versatile
863 2321 904 2354 et
931 2329 1003 2368 per
1031 2315 1070 2352 la
1096 2314 1233 2366 lingua
1255 2321 1391 2367 presto
1419 2326 1461 2352 se
1489 2312 1575 2351 sece
1598 2310 1789 2350 intrinse-

339 2381 389 2405 co
417 2366 613 2406 familiare
658 2368 708 2407 de
752 2369 847 2408 tutti
874 2369 903 2409 li
949 2368 1077 2408 nobili
1105 2367 1171 2407 del
1213 2369 1376 2422 palazo;
1406 2374 1449 2407 et
1476 2365 1788 2420 del‘imperador

339 2420 537 2460 Emanuel
567 2422 608 2460 fo
639 2426 856 2463 exercitato
883 2425 1014 2477 prima
1043 2437 1117 2477 per
1145 2425 1385 2477 interprete,
1414 2423 1481 2476 poi
1509 2435 1585 2475 per
1610 2421 1788 2474 mesagio

338 2475 391 2514 da
421 2474 461 2514 lo
490 2477 721 2528 imperador
750 2478 788 2517 al
816 2479 950 2518 ducha
984 2478 1238 2518 Mechemeth
1259 2507 1270 2528 ‚
1299 2480 1369 2532 poi
1400 2477 1438 2516 al
1467 2476 1601 2517 ducha
1629 2478 1784 2515 Morat-

338 2537 378 2569 et
410 2531 450 2568 in
495 2536 609 2569 tanta
638 2534 763 2585 gratia
812 2541 853 2572 et
881 2534 1113 2573 conditione
1144 2547 1281 2573 ascese
1311 2546 1476 2587 apresso
1503 2530 1787 2584 l'imperadore

338 2591 378 2624 et
405 2584 470 2624 del
512 2585 648 2625 ducha
685 2588 961 2638 Mechemeth,
1000 2595 1042 2628 et
1080 2588 1151 2641 poi
1179 2588 1244 2628 del
1284 2588 1420 2628 ducha
1449 2589 1586 2627 Morat
1615 2592 1658 2626 et
1687 2584 1785 2625 delli

337 2639 397 2679 soi
435 2638 647 2692 principi,
691 2642 765 2683 che
803 2651 944 2696 questo
981 2643 1191 2696 Theologo
1233 2642 1321 2684 solo
1354 2643 1498 2697 pariva
1537 2648 1710 2695 patrone
1745 2648 1786 2682 et

337 2693 603 2733 moderatore
634 2696 728 2734 delli
762 2698 931 2749 signori.
963 2706 1001 2738 et
1032 2713 1075 2738 se
1099 2699 1242 2738 alcuna
1275 2713 1372 2738 cosa
1403 2697 1542 2737 voliva
1578 2697 1617 2736 lo
1646 2696 1782 2751 impe-

336 2748 481 2789 radore
508 2748 575 2788 dal
612 2750 745 2790 ducha
792 2753 1049 2794 Mechemeth
1074 2783 1085 2802 ‚
1117 2754 1184 2794 s'el
1217 2754 1348 2793 ducha
1377 2752 1505 2793 havea
1538 2751 1706 2807 bisogno
1731 2751 1784 2793 de
