<?xml version="1.0" encoding="UTF-8"?>
<!DOCTYPE html PUBLIC "-//W3C//DTD XHTML 1.0 Transitional//EN"
    "http://www.w3.org/TR/xhtml1/DTD/xhtml1-transitional.dtd">
<html xmlns="http://www.w3.org/1999/xhtml" xml:lang="en" lang="en">
 <head>
  <title>
</title>
<meta http-equiv="Content-Type" content="text/html;charset=utf-8" />
  <meta name='ocr-system' content='tesseract 3.04.00' />
  <meta name='ocr-capabilities' content='ocr_page ocr_carea ocr_par ocr_line ocrx_word'/>
</head>
<body>
  <div class='ocr_page' id='page_1' title='image "./corpusscriptorum11niebuoft_0458.png"; bbox 0 0 1916 3210; ppageno 0'>
   <div class='ocr_carea' id='block_1_1' title="bbox 288 144 1263 210">
    <p class='ocr_par' dir='ltr' id='par_1_1' title="bbox 288 144 1263 210">
     <span class='ocr_line' id='line_1_1' title="bbox 288 144 1263 210; baseline -0.013 1"><span class='ocrx_word' id='word_1_1' title='bbox 288 160 291 165; x_wconf 79' lang='grc'><em>’</em></span> <span class='ocrx_word' id='word_1_2' title='bbox 319 144 432 210; x_wconf 75' lang='grc'><strong>440</strong></span> <span class='ocrx_word' id='word_1_3' title='bbox 779 159 967 203; x_wconf 59' lang='grc'><strong>11116111</strong></span> <span class='ocrx_word' id='word_1_4' title='bbox 1004 156 1263 200; x_wconf 60' lang='grc'><strong>1115101111</strong></span> 
     </span>
    </p>
   </div>
   <div class='ocr_carea' id='block_1_2' title="bbox 233 259 1777 2775">
    <p class='ocr_par' dir='ltr' id='par_1_2' title="bbox 233 259 1777 2775">
     <span class='ocr_line' id='line_1_2' title="bbox 317 259 1760 314; baseline 0 -12"><span class='ocrx_word' id='word_1_5' title='bbox 317 271 406 303; x_wconf 72' lang='lat' dir='ltr'><strong>tosa</strong></span> <span class='ocrx_word' id='word_1_6' title='bbox 435 277 513 303; x_wconf 85' lang='lat' dir='ltr'><strong>con</strong></span> <span class='ocrx_word' id='word_1_7' title='bbox 542 264 690 304; x_wconf 80' lang='lat' dir='ltr'><strong>Morat.</strong></span> <span class='ocrx_word' id='word_1_8' title='bbox 761 262 1005 302; x_wconf 68' lang='lat' dir='ltr'><strong>venemente</strong></span> <span class='ocrx_word' id='word_1_9' title='bbox 1032 259 1158 300; x_wconf 80' lang='lat' dir='ltr'><strong>intesa</strong></span> <span class='ocrx_word' id='word_1_10' title='bbox 1194 260 1234 301; x_wconf 82' lang='lat' dir='ltr'><strong>la</strong></span> <span class='ocrx_word' id='word_1_11' title='bbox 1265 261 1359 314; x_wconf 81' lang='lat' dir='ltr'><strong>fuga</strong></span> <span class='ocrx_word' id='word_1_12' title='bbox 1392 259 1443 300; x_wconf 91' lang='lat' dir='ltr'><strong>de</strong></span> <span class='ocrx_word' id='word_1_13' title='bbox 1471 259 1623 314; x_wconf 52' lang='lat' dir='ltr'><strong>zinzit,</strong></span> <span class='ocrx_word' id='word_1_14' title='bbox 1644 259 1760 306; x_wconf 59' lang='lat'><strong>0111-</strong></span> 
     </span>
     <span class='ocr_line' id='line_1_3' title="bbox 318 315 1756 372; baseline 0 -14"><span class='ocrx_word' id='word_1_15' title='bbox 318 331 422 358; x_wconf 86' lang='lat' dir='ltr'><strong>voce</strong></span> <span class='ocrx_word' id='word_1_16' title='bbox 442 325 620 372; x_wconf 75' lang='lat' dir='ltr'><strong>spartase</strong></span> <span class='ocrx_word' id='word_1_17' title='bbox 637 331 710 371; x_wconf 86' lang='lat' dir='ltr'><strong>per</strong></span> <span class='ocrx_word' id='word_1_18' title='bbox 729 315 771 356; x_wconf 86' lang='lat' dir='ltr'><strong>lu</strong></span> <span class='ocrx_word' id='word_1_19' title='bbox 792 318 977 364; x_wconf 84' lang='lat' dir='ltr'><strong>erercito,</strong></span> <span class='ocrx_word' id='word_1_20' title='bbox 997 316 1283 355; x_wconf 84' lang='lat' dir='ltr'><strong>cominzarono</strong></span> <span class='ocrx_word' id='word_1_21' title='bbox 1299 330 1321 355; x_wconf 77' lang='lat' dir='ltr'><strong>a</strong></span> <span class='ocrx_word' id='word_1_22' title='bbox 1341 329 1486 355; x_wconf 79' lang='lat' dir='ltr'><strong>sonare</strong></span> <span class='ocrx_word' id='word_1_23' title='bbox 1501 315 1538 356; x_wconf 87' lang='grc'><strong>16</strong></span> <span class='ocrx_word' id='word_1_24' title='bbox 1551 315 1756 358; x_wconf 57' lang='lat' dir='ltr'><strong>imbue</strong></span> 
     </span>
     <span class='ocr_line' id='line_1_4' title="bbox 317 369 1755 424; baseline -0.001 -12"><span class='ocrx_word' id='word_1_25' title='bbox 317 379 360 412; x_wconf 81' lang='lat' dir='ltr'><strong>et</strong></span> <span class='ocrx_word' id='word_1_26' title='bbox 388 373 483 413; x_wconf 79' lang='lat' dir='ltr'><strong>tutti</strong></span> <span class='ocrx_word' id='word_1_27' title='bbox 514 372 543 412; x_wconf 84' lang='lat' dir='ltr'><strong>li</strong></span> <span class='ocrx_word' id='word_1_28' title='bbox 558 371 769 412; x_wconf 83' lang='lat' dir='ltr'><strong>stormenti</strong></span> <span class='ocrx_word' id='word_1_29' title='bbox 792 370 926 410; x_wconf 80' lang='lat' dir='ltr'><strong>benici</strong></span> <span class='ocrx_word' id='word_1_30' title='bbox 947 384 1022 409; x_wconf 88' lang='lat' dir='ltr'><strong>con</strong></span> <span class='ocrx_word' id='word_1_31' title='bbox 1057 370 1203 410; x_wconf 78' lang='lat' dir='ltr'><strong>cridori</strong></span> <span class='ocrx_word' id='word_1_32' title='bbox 1220 377 1262 410; x_wconf 82' lang='lat' dir='ltr'><strong>et</strong></span> <span class='ocrx_word' id='word_1_33' title='bbox 1281 369 1448 410; x_wconf 80' lang='lat' dir='ltr'><strong>clamori</strong></span> <span class='ocrx_word' id='word_1_34' title='bbox 1469 369 1544 410; x_wconf 81' lang='lat' dir='ltr'><strong>che</strong></span> <span class='ocrx_word' id='word_1_35' title='bbox 1567 377 1755 424; x_wconf 71' lang='lat' dir='ltr'><strong>penetra·</strong></span> 
     </span>
     <span class='ocr_line' id='line_1_5' title="bbox 317 425 1761 476; baseline -0.003 -9"><span class='ocrx_word' id='word_1_36' title='bbox 317 442 425 467; x_wconf 86' lang='lat' dir='ltr'><strong>vano</strong></span> <span class='ocrx_word' id='word_1_37' title='bbox 451 427 488 467; x_wconf 85' lang='lat' dir='ltr'><strong>el</strong></span> <span class='ocrx_word' id='word_1_38' title='bbox 527 426 628 467; x_wconf 88' lang='lat' dir='ltr'><strong>cielo</strong></span> <span class='ocrx_word' id='word_1_39' title='bbox 669 434 710 466; x_wconf 85' lang='lat' dir='ltr'><strong>et</strong></span> <span class='ocrx_word' id='word_1_40' title='bbox 749 425 785 464; x_wconf 85' lang='lat' dir='ltr'><strong>la</strong></span> <span class='ocrx_word' id='word_1_41' title='bbox 813 433 926 464; x_wconf 81' lang='lat' dir='ltr'><strong>terra</strong></span> <span class='ocrx_word' id='word_1_42' title='bbox 955 426 1148 465; x_wconf 81' lang='lat' dir='ltr'><strong>facevano</strong></span> <span class='ocrx_word' id='word_1_43' title='bbox 1189 432 1391 476; x_wconf 71' lang='lat' dir='ltr'><strong>tremate,</strong></span> <span class='ocrx_word' id='word_1_44' title='bbox 1420 439 1496 464; x_wconf 85' lang='lat' dir='ltr'><strong>con</strong></span> <span class='ocrx_word' id='word_1_45' title='bbox 1525 425 1761 467; x_wconf 55' lang='lat' dir='ltr'><strong>fremitide</strong></span> 
     </span>
     <span class='ocr_line' id='line_1_6' title="bbox 318 479 1755 533; baseline -0.001 -12"><span class='ocrx_word' id='word_1_46' title='bbox 318 481 479 524; x_wconf 82' lang='lat' dir='ltr'><strong>cavaili.</strong></span> <span class='ocrx_word' id='word_1_47' title='bbox 549 482 722 521; x_wconf 74' lang='lat' dir='ltr'><strong>Mustafa</strong></span> <span class='ocrx_word' id='word_1_48' title='bbox 760 486 1011 519; x_wconf 82' lang='lat' dir='ltr'><strong>certamente</strong></span> <span class='ocrx_word' id='word_1_49' title='bbox 1055 480 1261 533; x_wconf 82' lang='lat' dir='ltr'><strong>pensando</strong></span> <span class='ocrx_word' id='word_1_50' title='bbox 1305 479 1381 519; x_wconf 85' lang='lat' dir='ltr'><strong>che</strong></span> <span class='ocrx_word' id='word_1_51' title='bbox 1418 479 1555 520; x_wconf 79' lang='lat' dir='ltr'><strong>Zinait</strong></span> <span class='ocrx_word' id='word_1_52' title='bbox 1581 480 1755 521; x_wconf 68' lang='lat' dir='ltr'><strong>soson-e</strong></span> 
     </span>
     <span class='ocr_line' id='line_1_7' title="bbox 318 534 1756 588; baseline 0 -13"><span class='ocrx_word' id='word_1_53' title='bbox 318 537 436 576; x_wconf 79' lang='lat' dir='ltr'><strong>unito</strong></span> <span class='ocrx_word' id='word_1_54' title='bbox 477 551 552 576; x_wconf 90' lang='lat' dir='ltr'><strong>con</strong></span> <span class='ocrx_word' id='word_1_55' title='bbox 588 538 747 585; x_wconf 81' lang='lat' dir='ltr'><strong>Morat,</strong></span> <span class='ocrx_word' id='word_1_56' title='bbox 792 549 913 587; x_wconf 82' lang='lat' dir='ltr'><strong>preso</strong></span> <span class='ocrx_word' id='word_1_57' title='bbox 954 534 1005 574; x_wconf 80' lang='lat' dir='ltr'><strong>da</strong></span> <span class='ocrx_word' id='word_1_58' title='bbox 1043 534 1357 588; x_wconf 82' lang='lat' dir='ltr'><strong>grandinissima</strong></span> <span class='ocrx_word' id='word_1_59' title='bbox 1393 549 1552 588; x_wconf 77' lang='lat' dir='ltr'><strong>paura,</strong></span> <span class='ocrx_word' id='word_1_60' title='bbox 1590 541 1634 575; x_wconf 85' lang='lat' dir='ltr'><strong>et</strong></span> <span class='ocrx_word' id='word_1_61' title='bbox 1670 541 1756 576; x_wconf 73' lang='lat' dir='ltr'><strong>tut·-</strong></span> 
     </span>
     <span class='ocr_line' id='line_1_8' title="bbox 243 588 1752 643; baseline 0.002 -16"><span class='ocrx_word' id='word_1_62' title='bbox 243 603 305 638; x_wconf 84' lang='lat'><strong>¹77</strong></span> <span class='ocrx_word' id='word_1_63' title='bbox 320 591 388 631; x_wconf 82' lang='lat' dir='ltr'><strong>to’l</strong></span> <span class='ocrx_word' id='word_1_64' title='bbox 419 605 493 632; x_wconf 89' lang='lat' dir='ltr'><strong>suo</strong></span> <span class='ocrx_word' id='word_1_65' title='bbox 521 592 697 630; x_wconf 81' lang='lat' dir='ltr'><strong>exercito</strong></span> <span class='ocrx_word' id='word_1_66' title='bbox 726 603 804 628; x_wconf 90' lang='lat' dir='ltr'><strong>con</strong></span> <span class='ocrx_word' id='word_1_67' title='bbox 833 589 890 629; x_wconf 86' lang='lat' dir='ltr'><strong>lui</strong></span> <span class='ocrx_word' id='word_1_68' title='bbox 938 588 1139 643; x_wconf 82' lang='lat' dir='ltr'><strong>expauriti</strong></span> <span class='ocrx_word' id='word_1_69' title='bbox 1177 595 1219 629; x_wconf 86' lang='lat' dir='ltr'><strong>et</strong></span> <span class='ocrx_word' id='word_1_70' title='bbox 1255 590 1361 643; x_wconf 86' lang='lat' dir='ltr'><strong>pieni</strong></span> <span class='ocrx_word' id='word_1_71' title='bbox 1398 589 1450 629; x_wconf 88' lang='lat' dir='ltr'><strong>de</strong></span> <span class='ocrx_word' id='word_1_72' title='bbox 1495 588 1752 640; x_wconf 73' lang='lat' dir='ltr'><strong>formidine,</strong></span> 
     </span>
     <span class='ocr_line' id='line_1_9' title="bbox 320 643 1777 699; baseline -0.001 -14"><span class='ocrx_word' id='word_1_73' title='bbox 320 662 401 686; x_wconf 89' lang='lat' dir='ltr'><strong>non</strong></span> <span class='ocrx_word' id='word_1_74' title='bbox 429 645 605 699; x_wconf 87' lang='lat' dir='ltr'><strong>sapendo</strong></span> <span class='ocrx_word' id='word_1_75' title='bbox 633 644 709 683; x_wconf 87' lang='lat' dir='ltr'><strong>che</strong></span> <span class='ocrx_word' id='word_1_76' title='bbox 734 644 819 683; x_wconf 82' lang='lat' dir='ltr'><strong>fare</strong></span> <span class='ocrx_word' id='word_1_77' title='bbox 839 672 852 694; x_wconf 89' lang='lat'>‚</span> <span class='ocrx_word' id='word_1_78' title='bbox 883 643 1164 684; x_wconf 80' lang='lat' dir='ltr'><strong>diliberarono</strong></span> <span class='ocrx_word' id='word_1_79' title='bbox 1199 658 1273 684; x_wconf 89' lang='lat' dir='ltr'><strong>con</strong></span> <span class='ocrx_word' id='word_1_80' title='bbox 1301 643 1396 698; x_wconf 83' lang='lat' dir='ltr'><strong>ogni</strong></span> <span class='ocrx_word' id='word_1_81' title='bbox 1423 643 1661 684; x_wconf 80' lang='lat' dir='ltr'><strong>festinantia</strong></span> <span class='ocrx_word' id='word_1_82' title='bbox 1674 643 1777 683; x_wconf 44' lang='lat' dir='ltr'><strong>fu.»</strong></span> 
     </span>
     <span class='ocr_line' id='line_1_10' title="bbox 317 698 1757 752; baseline -0.001 -13"><span class='ocrx_word' id='word_1_83' title='bbox 317 701 413 743; x_wconf 82' lang='lat' dir='ltr'><strong>zire.</strong></span> <span class='ocrx_word' id='word_1_84' title='bbox 483 702 529 739; x_wconf 91' lang='lat' dir='ltr'><strong>Li</strong></span> <span class='ocrx_word' id='word_1_85' title='bbox 567 698 747 738; x_wconf 68' lang='lat' dir='ltr'><strong>contrari</strong></span> <span class='ocrx_word' id='word_1_86' title='bbox 791 698 841 738; x_wconf 84' lang='lat' dir='ltr'><strong>da</strong></span> <span class='ocrx_word' id='word_1_87' title='bbox 890 699 1023 739; x_wconf 83' lang='lat' dir='ltr'><strong>l’altra</strong></span> <span class='ocrx_word' id='word_1_88' title='bbox 1065 699 1184 750; x_wconf 82' lang='lat' dir='ltr'><strong>riva,</strong></span> <span class='ocrx_word' id='word_1_89' title='bbox 1213 698 1327 752; x_wconf 83' lang='lat' dir='ltr'>quasi</span> <span class='ocrx_word' id='word_1_90' title='bbox 1357 698 1455 738; x_wconf 79' lang='grc' dir='ltr'><strong>661·ῑί</strong></span> <span class='ocrx_word' id='word_1_91' title='bbox 1482 699 1585 741; x_wconf 78' lang='lat' dir='ltr'><strong>della</strong></span> <span class='ocrx_word' id='word_1_92' title='bbox 1618 699 1757 738; x_wconf 74' lang='lat' dir='ltr'><strong>futura</strong></span> 
     </span>
     <span class='ocr_line' id='line_1_11' title="bbox 314 752 1752 808; baseline -0.002 -13"><span class='ocrx_word' id='word_1_93' title='bbox 314 755 493 804; x_wconf 73' lang='lat' dir='ltr'><strong>victoria,</strong></span> <span class='ocrx_word' id='word_1_94' title='bbox 519 753 726 796; x_wconf 80' lang='lat' dir='ltr'><strong>insultanti</strong></span> <span class='ocrx_word' id='word_1_95' title='bbox 746 768 863 793; x_wconf 86' lang='lat' dir='ltr'><strong>senza</strong></span> <span class='ocrx_word' id='word_1_96' title='bbox 882 768 1026 806; x_wconf 81' lang='lat' dir='ltr'><strong>paura,</strong></span> <span class='ocrx_word' id='word_1_97' title='bbox 1060 753 1298 793; x_wconf 81' lang='lat' dir='ltr'><strong>chiamando</strong></span> <span class='ocrx_word' id='word_1_98' title='bbox 1319 754 1359 792; x_wconf 86' lang='lat' dir='ltr'><strong>in</strong></span> <span class='ocrx_word' id='word_1_99' title='bbox 1376 753 1437 793; x_wconf 84' lang='grc'><strong>101·</strong></span> <span class='ocrx_word' id='word_1_100' title='bbox 1462 752 1595 808; x_wconf 76' lang='lat' dir='ltr'><strong>lingua</strong></span> <span class='ocrx_word' id='word_1_101' title='bbox 1625 756 1752 802; x_wconf 71' lang='lat' dir='ltr'><strong>state,</strong></span> 
     </span>
     <span class='ocr_line' id='line_1_12' title="bbox 314 807 1756 862; baseline 0 -14"><span class='ocrx_word' id='word_1_102' title='bbox 314 817 443 860; x_wconf 83' lang='lat' dir='ltr'><strong>state,</strong></span> <span class='ocrx_word' id='word_1_103' title='bbox 475 824 557 848; x_wconf 90' lang='lat' dir='ltr'><strong>non</strong></span> <span class='ocrx_word' id='word_1_104' title='bbox 601 808 725 847; x_wconf 76' lang='lat' dir='ltr'><strong>fuzite</strong></span> <span class='ocrx_word' id='word_1_105' title='bbox 752 814 901 856; x_wconf 81' lang='lat' dir='ltr'><strong>(eur-um</strong></span> <span class='ocrx_word' id='word_1_106' title='bbox 931 810 1147 857; x_wconf 79' lang='lat' dir='ltr'><strong>caziman).</strong></span> <span class='ocrx_word' id='word_1_107' title='bbox 1173 822 1248 862; x_wconf 71' lang='lat' dir='ltr'><strong>pei·</strong></span> <span class='ocrx_word' id='word_1_108' title='bbox 1275 807 1314 848; x_wconf 87' lang='lat' dir='ltr'><strong>la</strong></span> <span class='ocrx_word' id='word_1_109' title='bbox 1343 814 1503 848; x_wconf 84' lang='lat' dir='ltr'><strong>rottura</strong></span> <span class='ocrx_word' id='word_1_110' title='bbox 1531 807 1597 848; x_wconf 84' lang='grc'><strong>(161</strong></span> <span class='ocrx_word' id='word_1_111' title='bbox 1626 815 1756 861; x_wconf 74' lang='lat' dir='ltr'><strong>ponte</strong></span> 
     </span>
     <span class='ocr_line' id='line_1_13' title="bbox 315 862 1756 916; baseline 0.001 -14"><span class='ocrx_word' id='word_1_112' title='bbox 315 879 394 902; x_wconf 88' lang='lat' dir='ltr'><strong>non</strong></span> <span class='ocrx_word' id='word_1_113' title='bbox 424 863 639 916; x_wconf 86' lang='lat' dir='ltr'><strong>podevano</strong></span> <span class='ocrx_word' id='word_1_114' title='bbox 677 877 843 915; x_wconf 74' lang='lat' dir='ltr'><strong>passure</strong></span> <span class='ocrx_word' id='word_1_115' title='bbox 879 871 919 902; x_wconf 86' lang='lat' dir='ltr'><strong>et</strong></span> <span class='ocrx_word' id='word_1_116' title='bbox 949 877 1054 903; x_wconf 78' lang='lat' dir='ltr'><strong>esser</strong></span> <span class='ocrx_word' id='word_1_117' title='bbox 1079 862 1160 902; x_wconf 72' lang='lat' dir='ltr'><strong>eon</strong></span> <span class='ocrx_word' id='word_1_118' title='bbox 1186 864 1275 902; x_wconf 80' lang='lat' dir='ltr'><strong>loro</strong></span> <span class='ocrx_word' id='word_1_119' title='bbox 1304 862 1367 902; x_wconf 79' lang='lat' dir='ltr'><strong>ale</strong></span> <span class='ocrx_word' id='word_1_120' title='bbox 1394 876 1523 904; x_wconf 82' lang='lat' dir='ltr'><strong>mane.</strong></span> <span class='ocrx_word' id='word_1_121' title='bbox 1580 863 1756 905; x_wconf 65' lang='lat' dir='ltr'><strong>Masta-sa</strong></span> 
     </span>
     <span class='ocr_line' id='line_1_14' title="bbox 314 917 1756 971; baseline -0.001 -12"><span class='ocrx_word' id='word_1_122' title='bbox 314 918 476 959; x_wconf 73' lang='lat' dir='ltr'><strong>c÷1vaico</strong></span> <span class='ocrx_word' id='word_1_123' title='bbox 511 918 551 956; x_wconf 90' lang='lat' dir='ltr'><strong>in</strong></span> <span class='ocrx_word' id='word_1_124' title='bbox 581 917 733 969; x_wconf 80' lang='lat' dir='ltr'>grande</span> <span class='ocrx_word' id='word_1_125' title='bbox 759 918 932 970; x_wconf 82' lang='lat' dir='ltr'><strong>pressia‚</strong></span> <span class='ocrx_word' id='word_1_126' title='bbox 979 926 1019 958; x_wconf 83' lang='lat' dir='ltr'><strong>et</strong></span> <span class='ocrx_word' id='word_1_127' title='bbox 1049 932 1182 957; x_wconf 87' lang='lat' dir='ltr'><strong>venne</strong></span> <span class='ocrx_word' id='word_1_128' title='bbox 1209 917 1286 958; x_wconf 83' lang='lat' dir='ltr'><strong>alle</strong></span> <span class='ocrx_word' id='word_1_129' title='bbox 1314 924 1427 970; x_wconf 77' lang='lat' dir='ltr'><strong>parte</strong></span> <span class='ocrx_word' id='word_1_130' title='bbox 1455 917 1506 956; x_wconf 87' lang='lat' dir='ltr'><strong>de</strong></span> <span class='ocrx_word' id='word_1_131' title='bbox 1533 918 1756 971; x_wconf 69' lang='lat' dir='ltr'><strong>Lampsaco</strong></span> 
     </span>
     <span class='ocr_line' id='line_1_15' title="bbox 312 971 1756 1026; baseline -0.002 -13"><span class='ocrx_word' id='word_1_132' title='bbox 312 987 386 1026; x_wconf 80' lang='lat' dir='ltr'><strong>per</strong></span> <span class='ocrx_word' id='word_1_133' title='bbox 414 973 598 1012; x_wconf 81' lang='lat' dir='ltr'><strong>arrivare</strong></span> <span class='ocrx_word' id='word_1_134' title='bbox 625 973 704 1012; x_wconf 86' lang='lat' dir='ltr'><strong>alla</strong></span> <span class='ocrx_word' id='word_1_135' title='bbox 731 973 832 1012; x_wconf 84' lang='lat' dir='ltr'><strong>altra</strong></span> <span class='ocrx_word' id='word_1_136' title='bbox 860 973 947 1012; x_wconf 82' lang='lat' dir='ltr'><strong>riva</strong></span> <span class='ocrx_word' id='word_1_137' title='bbox 976 973 1026 1012; x_wconf 91' lang='lat' dir='ltr'><strong>de</strong></span> <span class='ocrx_word' id='word_1_138' title='bbox 1047 972 1240 1025; x_wconf 81' lang='lat' dir='ltr'><strong>Galipoli.</strong></span> <span class='ocrx_word' id='word_1_139' title='bbox 1296 974 1439 1011; x_wconf 84' lang='lat' dir='ltr'><strong>Murat</strong></span> <span class='ocrx_word' id='word_1_140' title='bbox 1467 971 1509 1011; x_wconf 86' lang='lat' dir='ltr'><strong>in</strong></span> <span class='ocrx_word' id='word_1_141' title='bbox 1536 971 1629 1025; x_wconf 81' lang='lat' dir='ltr'><strong>quel</strong></span> <span class='ocrx_word' id='word_1_142' title='bbox 1656 986 1756 1012; x_wconf 69' lang='lat' dir='ltr'><strong>zor-z.</strong></span> 
     </span>
     <span class='ocr_line' id='line_1_16' title="bbox 311 1026 1756 1081; baseline -0.001 -14"><span class='ocrx_word' id='word_1_143' title='bbox 311 1042 367 1067; x_wconf 90' lang='lat' dir='ltr'><strong>no</strong></span> <span class='ocrx_word' id='word_1_144' title='bbox 393 1027 575 1068; x_wconf 76' lang='lat' dir='ltr'><strong>instauro</strong></span> <span class='ocrx_word' id='word_1_145' title='bbox 603 1027 640 1067; x_wconf 89' lang='lat' dir='ltr'><strong>el</strong></span> <span class='ocrx_word' id='word_1_146' title='bbox 669 1033 819 1081; x_wconf 86' lang='lat' dir='ltr'><strong>ponte,</strong></span> <span class='ocrx_word' id='word_1_147' title='bbox 846 1034 887 1067; x_wconf 87' lang='lat' dir='ltr'><strong>et</strong></span> <span class='ocrx_word' id='word_1_148' title='bbox 916 1027 1034 1081; x_wconf 74' lang='lat' dir='ltr'><strong>passo</strong></span> <span class='ocrx_word' id='word_1_149' title='bbox 1065 1026 1221 1066; x_wconf 84' lang='lat' dir='ltr'><strong>al&#39;altra</strong></span> <span class='ocrx_word' id='word_1_150' title='bbox 1250 1027 1351 1070; x_wconf 86' lang='lat' dir='ltr'><strong>riva.</strong></span> <span class='ocrx_word' id='word_1_151' title='bbox 1408 1027 1466 1066; x_wconf 85' lang='lat' dir='ltr'><strong>La</strong></span> <span class='ocrx_word' id='word_1_152' title='bbox 1492 1040 1630 1067; x_wconf 71' lang='lat' dir='ltr'><strong>mazou·</strong></span> <span class='ocrx_word' id='word_1_153' title='bbox 1654 1040 1756 1080; x_wconf 78' lang='lat' dir='ltr'><strong>par-</strong></span> 
     </span>
     <span class='ocr_line' id='line_1_17' title="bbox 311 1080 1756 1136; baseline 0 -14"><span class='ocrx_word' id='word_1_154' title='bbox 311 1090 353 1122; x_wconf 78' lang='lat' dir='ltr'><strong>te</strong></span> <span class='ocrx_word' id='word_1_155' title='bbox 381 1083 432 1123; x_wconf 84' lang='lat' dir='ltr'><strong>de</strong></span> <span class='ocrx_word' id='word_1_156' title='bbox 461 1081 586 1136; x_wconf 84' lang='lat' dir='ltr'><strong>quelli</strong></span> <span class='ocrx_word' id='word_1_157' title='bbox 616 1081 667 1120; x_wconf 90' lang='lat' dir='ltr'><strong>de</strong></span> <span class='ocrx_word' id='word_1_158' title='bbox 690 1081 863 1122; x_wconf 77' lang='lat' dir='ltr'><strong>Mustasa</strong></span> <span class='ocrx_word' id='word_1_159' title='bbox 897 1082 1104 1122; x_wconf 88' lang='lat' dir='ltr'><strong>correndo</strong></span> <span class='ocrx_word' id='word_1_160' title='bbox 1136 1097 1158 1121; x_wconf 85' lang='lat' dir='ltr'><strong>a</strong></span> <span class='ocrx_word' id='word_1_161' title='bbox 1186 1081 1245 1122; x_wconf 92' lang='lat' dir='ltr'><strong>lui</strong></span> <span class='ocrx_word' id='word_1_162' title='bbox 1274 1096 1316 1120; x_wconf 88' lang='lat' dir='ltr'><strong>se</strong></span> <span class='ocrx_word' id='word_1_163' title='bbox 1343 1080 1553 1131; x_wconf 79' lang='lat' dir='ltr'><strong>rendette,</strong></span> <span class='ocrx_word' id='word_1_164' title='bbox 1586 1081 1756 1122; x_wconf 81' lang='lat' dir='ltr'><strong>benedi-</strong></span> 
     </span>
     <span class='ocr_line' id='line_1_18' title="bbox 312 1135 1757 1179; baseline 0 -3"><span class='ocrx_word' id='word_1_165' title='bbox 312 1138 444 1177; x_wconf 86' lang='lat' dir='ltr'><strong>cendo</strong></span> <span class='ocrx_word' id='word_1_166' title='bbox 495 1145 535 1176; x_wconf 87' lang='lat' dir='ltr'><strong>et</strong></span> <span class='ocrx_word' id='word_1_167' title='bbox 579 1135 784 1177; x_wconf 85' lang='lat' dir='ltr'><strong>laudando</strong></span> <span class='ocrx_word' id='word_1_168' title='bbox 824 1137 861 1176; x_wconf 86' lang='grc'><strong>61</strong></span> <span class='ocrx_word' id='word_1_169' title='bbox 907 1150 1031 1176; x_wconf 88' lang='lat' dir='ltr'><strong>nome</strong></span> <span class='ocrx_word' id='word_1_170' title='bbox 1074 1151 1166 1179; x_wconf 87' lang='lat' dir='ltr'><strong>suo.</strong></span> <span class='ocrx_word' id='word_1_171' title='bbox 1245 1136 1419 1176; x_wconf 78' lang='lat' dir='ltr'><strong>Mustafa</strong></span> <span class='ocrx_word' id='word_1_172' title='bbox 1471 1136 1757 1177; x_wconf 67' lang='lat' dir='ltr'><strong>abbandonam</strong></span> 
     </span>
     <span class='ocr_line' id='line_1_19' title="bbox 312 1190 1757 1244; baseline -0.003 -12"><span class='ocrx_word' id='word_1_173' title='bbox 312 1192 412 1232; x_wconf 81' lang='lat' dir='ltr'><strong>dani</strong></span> <span class='ocrx_word' id='word_1_174' title='bbox 448 1190 512 1231; x_wconf 90' lang='lat' dir='ltr'><strong>soi</strong></span> <span class='ocrx_word' id='word_1_175' title='bbox 541 1205 656 1231; x_wconf 87' lang='lat' dir='ltr'><strong>come</strong></span> <span class='ocrx_word' id='word_1_176' title='bbox 688 1191 726 1231; x_wconf 89' lang='lat' dir='ltr'><strong>el</strong></span> <span class='ocrx_word' id='word_1_177' title='bbox 766 1205 893 1231; x_wconf 86' lang='lat' dir='ltr'><strong>corvo</strong></span> <span class='ocrx_word' id='word_1_178' title='bbox 921 1198 1116 1244; x_wconf 80' lang='lat' dir='ltr'><strong>spennato</strong></span> <span class='ocrx_word' id='word_1_179' title='bbox 1149 1191 1328 1231; x_wconf 89' lang='lat' dir='ltr'><strong>secondo</strong></span> <span class='ocrx_word' id='word_1_180' title='bbox 1357 1190 1554 1244; x_wconf 85' lang='lat' dir='ltr'><strong>l&#39;antiquo</strong></span> <span class='ocrx_word' id='word_1_181' title='bbox 1582 1204 1757 1244; x_wconf 74' lang='lat' dir='ltr'><strong>prover.</strong></span> 
     </span>
     <span class='ocr_line' id='line_1_20' title="bbox 311 1245 1773 1299; baseline 0 -14"><span class='ocrx_word' id='word_1_182' title='bbox 311 1247 381 1286; x_wconf 85' lang='lat' dir='ltr'><strong>bio</strong></span> <span class='ocrx_word' id='word_1_183' title='bbox 401 1277 414 1294; x_wconf 83' lang='lat'>‚</span> <span class='ocrx_word' id='word_1_184' title='bbox 443 1253 565 1286; x_wconf 86' lang='lat' dir='ltr'><strong>zonto</strong></span> <span class='ocrx_word' id='word_1_185' title='bbox 594 1260 618 1285; x_wconf 86' lang='lat' dir='ltr'><strong>a</strong></span> <span class='ocrx_word' id='word_1_186' title='bbox 647 1247 869 1299; x_wconf 85' lang='lat' dir='ltr'>Lampsaco</span> <span class='ocrx_word' id='word_1_187' title='bbox 910 1260 985 1286; x_wconf 88' lang='lat' dir='ltr'><strong>con</strong></span> <span class='ocrx_word' id='word_1_188' title='bbox 1018 1261 1098 1285; x_wconf 78' lang='lat' dir='ltr'><strong>una</strong></span> <span class='ocrx_word' id='word_1_189' title='bbox 1126 1245 1283 1299; x_wconf 86' lang='lat' dir='ltr'><strong>piccola</strong></span> <span class='ocrx_word' id='word_1_190' title='bbox 1312 1245 1445 1286; x_wconf 84' lang='lat' dir='ltr'><strong>cimba</strong></span> <span class='ocrx_word' id='word_1_191' title='bbox 1475 1245 1594 1298; x_wconf 71' lang='lat' dir='ltr'><strong>passo</strong></span> <span class='ocrx_word' id='word_1_192' title='bbox 1622 1260 1646 1286; x_wconf 79' lang='lat' dir='ltr'><strong>a</strong></span> <span class='ocrx_word' id='word_1_193' title='bbox 1671 1247 1773 1299; x_wconf 76' lang='lat' dir='ltr'><strong>Ga·-</strong></span> 
     </span>
     <span class='ocr_line' id='line_1_21' title="bbox 310 1298 1755 1355; baseline 0.001 -15"><span class='ocrx_word' id='word_1_194' title='bbox 310 1301 424 1355; x_wconf 78' lang='lat' dir='ltr'><strong>lipoli</strong></span> <span class='ocrx_word' id='word_1_195' title='bbox 439 1298 518 1341; x_wconf 46' lang='lat' dir='ltr'><strong>&#39;con</strong></span> <span class='ocrx_word' id='word_1_196' title='bbox 540 1308 687 1355; x_wconf 77' lang='lat' dir='ltr'><strong>quatro</strong></span> <span class='ocrx_word' id='word_1_197' title='bbox 715 1301 757 1340; x_wconf 87' lang='lat' dir='ltr'><strong>di</strong></span> <span class='ocrx_word' id='word_1_198' title='bbox 782 1301 842 1341; x_wconf 82' lang='lat' dir='ltr'><strong>soi</strong></span> <span class='ocrx_word' id='word_1_199' title='bbox 866 1301 997 1352; x_wconf 80' lang='lat' dir='ltr'><strong>servi,</strong></span> <span class='ocrx_word' id='word_1_200' title='bbox 1027 1300 1056 1339; x_wconf 87' lang='lat' dir='ltr'><strong>li</strong></span> <span class='ocrx_word' id='word_1_201' title='bbox 1079 1300 1187 1353; x_wconf 88' lang='lat' dir='ltr'><strong>quali</strong></span> <span class='ocrx_word' id='word_1_202' title='bbox 1216 1315 1340 1340; x_wconf 77' lang='lat' dir='ltr'><strong>erano</strong></span> <span class='ocrx_word' id='word_1_203' title='bbox 1364 1302 1432 1353; x_wconf 63' lang='lat' dir='ltr'><strong>pin</strong></span> <span class='ocrx_word' id='word_1_204' title='bbox 1459 1299 1587 1340; x_wconf 84' lang='lat' dir='ltr'><strong>veloci</strong></span> <span class='ocrx_word' id='word_1_205' title='bbox 1617 1314 1755 1341; x_wconf 77' lang='lat' dir='ltr'><strong>corre·-</strong></span> 
     </span>
     <span class='ocr_line' id='line_1_22' title="bbox 311 1354 1752 1408; baseline 0 -13"><span class='ocrx_word' id='word_1_206' title='bbox 311 1356 416 1395; x_wconf 75' lang='lat' dir='ltr'><strong>dori.</strong></span> <span class='ocrx_word' id='word_1_207' title='bbox 472 1356 607 1395; x_wconf 81' lang='lat' dir='ltr'><strong>Morat</strong></span> <span class='ocrx_word' id='word_1_208' title='bbox 635 1362 796 1408; x_wconf 86' lang='lat' dir='ltr'><strong>passato</strong></span> <span class='ocrx_word' id='word_1_209' title='bbox 821 1355 856 1394; x_wconf 88' lang='lat' dir='ltr'><strong>el</strong></span> <span class='ocrx_word' id='word_1_210' title='bbox 886 1363 1011 1408; x_wconf 75' lang='lat' dir='ltr'><strong>ponte</strong></span> <span class='ocrx_word' id='word_1_211' title='bbox 1040 1369 1155 1395; x_wconf 86' lang='lat' dir='ltr'><strong>senza</strong></span> <span class='ocrx_word' id='word_1_212' title='bbox 1180 1362 1407 1406; x_wconf 67' lang='lat' dir='ltr'><strong>conti-asto,</strong></span> <span class='ocrx_word' id='word_1_213' title='bbox 1437 1355 1586 1395; x_wconf 73' lang='lat' dir='ltr'><strong>mando</strong></span> <span class='ocrx_word' id='word_1_214' title='bbox 1615 1354 1752 1397; x_wconf 77' lang='lat' dir='ltr'><strong>nuntii</strong></span> 
     </span>
     <span class='ocr_line' id='line_1_23' title="bbox 308 1409 1754 1461; baseline 0 -11"><span class='ocrx_word' id='word_1_215' title='bbox 308 1410 551 1450; x_wconf 77' lang='lat' dir='ltr'><strong>velocissimi</strong></span> <span class='ocrx_word' id='word_1_216' title='bbox 593 1410 672 1450; x_wconf 85' lang='lat' dir='ltr'><strong>alle</strong></span> <span class='ocrx_word' id='word_1_217' title='bbox 699 1409 910 1461; x_wconf 86' lang='lat' dir='ltr'><strong>Phochie,</strong></span> <span class='ocrx_word' id='word_1_218' title='bbox 951 1409 1179 1449; x_wconf 82' lang='lat' dir='ltr'><strong>nuntiando</strong></span> <span class='ocrx_word' id='word_1_219' title='bbox 1205 1424 1228 1449; x_wconf 82' lang='lat' dir='ltr'><strong>a</strong></span> <span class='ocrx_word' id='word_1_220' title='bbox 1257 1410 1424 1449; x_wconf 81' lang='lat' dir='ltr'><strong>Zuanne</strong></span> <span class='ocrx_word' id='word_1_221' title='bbox 1452 1409 1623 1450; x_wconf 76' lang='lat' dir='ltr'><strong>Adorno</strong></span> <span class='ocrx_word' id='word_1_222' title='bbox 1647 1417 1754 1450; x_wconf 76' lang='lat' dir='ltr'><strong>tutte</strong></span> 
     </span>
     <span class='ocr_line' id='line_1_24' title="bbox 310 1463 1757 1517; baseline -0.001 -13"><span class='ocrx_word' id='word_1_223' title='bbox 310 1465 350 1505; x_wconf 88' lang='grc'><strong>16</strong></span> <span class='ocrx_word' id='word_1_224' title='bbox 378 1478 469 1504; x_wconf 86' lang='lat' dir='ltr'><strong>cose</strong></span> <span class='ocrx_word' id='word_1_225' title='bbox 497 1479 704 1515; x_wconf 80' lang='lat' dir='ltr'><strong>successe,</strong></span> <span class='ocrx_word' id='word_1_226' title='bbox 748 1465 1069 1504; x_wconf 86' lang='lat' dir='ltr'><strong>domandandoli</strong></span> <span class='ocrx_word' id='word_1_227' title='bbox 1113 1464 1188 1503; x_wconf 88' lang='lat' dir='ltr'><strong>che</strong></span> <span class='ocrx_word' id='word_1_228' title='bbox 1213 1478 1280 1503; x_wconf 87' lang='lat' dir='ltr'><strong>era</strong></span> <span class='ocrx_word' id='word_1_229' title='bbox 1312 1464 1349 1504; x_wconf 90' lang='lat' dir='ltr'><strong>el</strong></span> <span class='ocrx_word' id='word_1_230' title='bbox 1377 1472 1513 1517; x_wconf 86' lang='lat' dir='ltr'>tempo</span> <span class='ocrx_word' id='word_1_231' title='bbox 1538 1464 1590 1504; x_wconf 86' lang='lat' dir='ltr'><strong>de</strong></span> <span class='ocrx_word' id='word_1_232' title='bbox 1614 1463 1757 1504; x_wconf 73' lang='lat' dir='ltr'><strong>obser·</strong></span> 
     </span>
     <span class='ocr_line' id='line_1_25' title="bbox 309 1518 1755 1572; baseline 0 -13"><span class='ocrx_word' id='word_1_233' title='bbox 309 1533 408 1560; x_wconf 78' lang='lat' dir='ltr'><strong>vare</strong></span> <span class='ocrx_word' id='word_1_234' title='bbox 446 1521 484 1559; x_wconf 91' lang='lat' dir='ltr'><strong>le</strong></span> <span class='ocrx_word' id='word_1_235' title='bbox 519 1534 611 1559; x_wconf 88' lang='lat' dir='ltr'><strong>cose</strong></span> <span class='ocrx_word' id='word_1_236' title='bbox 656 1533 888 1571; x_wconf 72' lang='lat' dir='ltr'><strong>promesse,</strong></span> <span class='ocrx_word' id='word_1_237' title='bbox 934 1526 974 1559; x_wconf 89' lang='lat' dir='ltr'><strong>et</strong></span> <span class='ocrx_word' id='word_1_238' title='bbox 1017 1520 1092 1559; x_wconf 88' lang='lat' dir='ltr'><strong>che</strong></span> <span class='ocrx_word' id='word_1_239' title='bbox 1119 1533 1196 1558; x_wconf 88' lang='lat' dir='ltr'><strong>con</strong></span> <span class='ocrx_word' id='word_1_240' title='bbox 1225 1526 1400 1572; x_wconf 86' lang='lat' dir='ltr'><strong>presteza</strong></span> <span class='ocrx_word' id='word_1_241' title='bbox 1431 1518 1586 1559; x_wconf 86' lang='lat' dir='ltr'><strong>venisse</strong></span> <span class='ocrx_word' id='word_1_242' title='bbox 1606 1533 1686 1562; x_wconf 81' lang='lat' dir='ltr'><strong>con</strong></span> <span class='ocrx_word' id='word_1_243' title='bbox 1714 1518 1755 1560; x_wconf 98' lang='grc'><strong>16</strong></span> 
     </span>
     <span class='ocr_line' id='line_1_26' title="bbox 310 1572 1754 1627; baseline -0.001 -13"><span class='ocrx_word' id='word_1_244' title='bbox 310 1588 416 1614; x_wconf 86' lang='lat' dir='ltr'><strong>nave</strong></span> <span class='ocrx_word' id='word_1_245' title='bbox 445 1575 510 1614; x_wconf 86' lang='grc'><strong>1161</strong></span> <span class='ocrx_word' id='word_1_246' title='bbox 545 1575 662 1614; x_wconf 82' lang='lat' dir='ltr'><strong>canal</strong></span> <span class='ocrx_word' id='word_1_247' title='bbox 691 1574 743 1614; x_wconf 85' lang='lat' dir='ltr'><strong>de</strong></span> <span class='ocrx_word' id='word_1_248' title='bbox 773 1573 964 1627; x_wconf 81' lang='lat' dir='ltr'><strong>Galipoli.</strong></span> <span class='ocrx_word' id='word_1_249' title='bbox 1035 1576 1095 1613; x_wconf 93' lang='lat' dir='ltr'><strong>Lu</strong></span> <span class='ocrx_word' id='word_1_250' title='bbox 1123 1574 1426 1624; x_wconf 65' lang='lat' dir='ltr'><strong>Adorno,»che</strong></span> <span class='ocrx_word' id='word_1_251' title='bbox 1453 1573 1580 1614; x_wconf 84' lang='lat' dir='ltr'><strong>havea</strong></span> <span class='ocrx_word' id='word_1_252' title='bbox 1608 1572 1649 1613; x_wconf 87' lang='grc'><strong>16</strong></span> <span class='ocrx_word' id='word_1_253' title='bbox 1677 1588 1754 1613; x_wconf 79' lang='lat' dir='ltr'><strong>na-</strong></span> 
     </span>
     <span class='ocr_line' id='line_1_27' title="bbox 309 1628 1754 1683; baseline -0.001 -14"><span class='ocrx_word' id='word_1_254' title='bbox 309 1642 362 1669; x_wconf 80' lang='lat' dir='ltr'><strong>ve</strong></span> <span class='ocrx_word' id='word_1_255' title='bbox 395 1629 709 1683; x_wconf 79' lang='lat' dir='ltr'><strong>apparechiate‚</strong></span> <span class='ocrx_word' id='word_1_256' title='bbox 755 1628 892 1669; x_wconf 88' lang='lat' dir='ltr'><strong>subito</strong></span> <span class='ocrx_word' id='word_1_257' title='bbox 936 1629 1021 1668; x_wconf 86' lang='lat' dir='ltr'><strong>fece</strong></span> <span class='ocrx_word' id='word_1_258' title='bbox 1049 1629 1140 1668; x_wconf 86' lang='lat' dir='ltr'><strong>vela</strong></span> <span class='ocrx_word' id='word_1_259' title='bbox 1170 1629 1232 1667; x_wconf 88' lang='grc'><strong>601</strong></span> <span class='ocrx_word' id='word_1_260' title='bbox 1259 1634 1383 1669; x_wconf 83' lang='lat' dir='ltr'><strong>vento</strong></span> <span class='ocrx_word' id='word_1_261' title='bbox 1409 1629 1627 1671; x_wconf 81' lang='lat' dir='ltr'><strong>contrario.</strong></span> <span class='ocrx_word' id='word_1_262' title='bbox 1673 1630 1754 1681; x_wconf 16' lang='lat' dir='ltr'><strong>*Ma</strong></span> 
     </span>
     <span class='ocr_line' id='line_1_28' title="bbox 313 1682 1754 1738; baseline -0.001 -15"><span class='ocrx_word' id='word_1_263' title='bbox 313 1684 352 1724; x_wconf 85' lang='lat' dir='ltr'><strong>la</strong></span> <span class='ocrx_word' id='word_1_264' title='bbox 377 1692 497 1724; x_wconf 87' lang='lat' dir='ltr'><strong>nocte</strong></span> <span class='ocrx_word' id='word_1_265' title='bbox 535 1683 764 1738; x_wconf 82' lang='lat' dir='ltr'><strong>navigando</strong></span> <span class='ocrx_word' id='word_1_266' title='bbox 781 1713 791 1731; x_wconf 89' lang='lat'>‚</span> <span class='ocrx_word' id='word_1_267' title='bbox 838 1683 878 1723; x_wconf 85' lang='lat' dir='ltr'><strong>la</strong></span> <span class='ocrx_word' id='word_1_268' title='bbox 909 1686 1062 1723; x_wconf 82' lang='lat' dir='ltr'><strong>matina</strong></span> <span class='ocrx_word' id='word_1_269' title='bbox 1090 1697 1134 1723; x_wconf 92' lang='lat' dir='ltr'><strong>se</strong></span> <span class='ocrx_word' id='word_1_270' title='bbox 1162 1682 1286 1723; x_wconf 74' lang='lat' dir='ltr'><strong>trovb</strong></span> <span class='ocrx_word' id='word_1_271' title='bbox 1317 1682 1384 1722; x_wconf 87' lang='lat' dir='ltr'><strong>nel</strong></span> <span class='ocrx_word' id='word_1_272' title='bbox 1407 1683 1547 1723; x_wconf 82' lang='lat' dir='ltr'><strong>canale</strong></span> <span class='ocrx_word' id='word_1_273' title='bbox 1573 1682 1626 1722; x_wconf 86' lang='lat' dir='ltr'><strong>de</strong></span> <span class='ocrx_word' id='word_1_274' title='bbox 1654 1683 1754 1723; x_wconf 88' lang='lat' dir='ltr'><strong>Hel-</strong></span> 
     </span>
     <span class='ocr_line' id='line_1_29' title="bbox 308 1736 1750 1793; baseline 0 -15"><span class='ocrx_word' id='word_1_275' title='bbox 308 1738 499 1793; x_wconf 84' lang='lat' dir='ltr'><strong>lesponto</strong></span> <span class='ocrx_word' id='word_1_276' title='bbox 538 1740 580 1778; x_wconf 90' lang='lat' dir='ltr'><strong>in</strong></span> <span class='ocrx_word' id='word_1_277' title='bbox 624 1753 735 1777; x_wconf 88' lang='lat' dir='ltr'><strong>mezo</strong></span> <span class='ocrx_word' id='word_1_278' title='bbox 779 1744 844 1777; x_wconf 80' lang='lat' dir='ltr'><strong>tra</strong></span> <span class='ocrx_word' id='word_1_279' title='bbox 885 1739 1104 1792; x_wconf 85' lang='lat' dir='ltr'><strong>Lampsaco</strong></span> <span class='ocrx_word' id='word_1_280' title='bbox 1148 1745 1188 1777; x_wconf 87' lang='lat' dir='ltr'><strong>et</strong></span> <span class='ocrx_word' id='word_1_281' title='bbox 1227 1736 1418 1791; x_wconf 84' lang='lat' dir='ltr'><strong>Galipoli.</strong></span> <span class='ocrx_word' id='word_1_282' title='bbox 1501 1737 1673 1778; x_wconf 82' lang='lat' dir='ltr'><strong>Amorat</strong></span> <span class='ocrx_word' id='word_1_283' title='bbox 1705 1738 1750 1778; x_wconf 75' lang='lat' dir='ltr'><strong>in</strong></span> 
     </span>
     <span class='ocr_line' id='line_1_30' title="bbox 233 1790 1757 1847; baseline 0.001 -16"><span class='ocrx_word' id='word_1_284' title='bbox 233 1803 297 1847; x_wconf 74' lang='lat'><strong>¹7⁸</strong></span> <span class='ocrx_word' id='word_1_285' title='bbox 312 1790 448 1846; x_wconf 77' lang='lat' dir='ltr'><strong>quella</strong></span> <span class='ocrx_word' id='word_1_286' title='bbox 477 1793 577 1832; x_wconf 85' lang='lat' dir='ltr'><strong>hora</strong></span> <span class='ocrx_word' id='word_1_287' title='bbox 623 1808 690 1832; x_wconf 81' lang='lat' dir='ltr'><strong>era</strong></span> <span class='ocrx_word' id='word_1_288' title='bbox 718 1794 872 1832; x_wconf 84' lang='lat' dir='ltr'><strong>arivato</strong></span> <span class='ocrx_word' id='word_1_289' title='bbox 903 1807 983 1833; x_wconf 91' lang='lat' dir='ltr'><strong>con</strong></span> <span class='ocrx_word' id='word_1_290' title='bbox 1009 1793 1047 1832; x_wconf 86' lang='lat' dir='ltr'><strong>le</strong></span> <span class='ocrx_word' id='word_1_291' title='bbox 1075 1806 1146 1832; x_wconf 90' lang='lat' dir='ltr'><strong>sue</strong></span> <span class='ocrx_word' id='word_1_292' title='bbox 1174 1800 1288 1832; x_wconf 88' lang='lat' dir='ltr'><strong>zente</strong></span> <span class='ocrx_word' id='word_1_293' title='bbox 1319 1792 1497 1841; x_wconf 53' lang='lat' dir='ltr'><strong>dbrme,</strong></span> <span class='ocrx_word' id='word_1_294' title='bbox 1532 1799 1573 1832; x_wconf 82' lang='lat' dir='ltr'><strong>et</strong></span> <span class='ocrx_word' id='word_1_295' title='bbox 1592 1791 1757 1832; x_wconf 77' lang='lat' dir='ltr'><strong>subhito</strong></span> 
     </span>
     <span class='ocr_line' id='line_1_31' title="bbox 309 1847 1750 1901; baseline 0.001 -14"><span class='ocrx_word' id='word_1_296' title='bbox 309 1856 428 1888; x_wconf 76' lang='lat' dir='ltr'><strong>zonto</strong></span> <span class='ocrx_word' id='word_1_297' title='bbox 456 1847 574 1888; x_wconf 76' lang='lat' dir='ltr'><strong>entro</strong></span> <span class='ocrx_word' id='word_1_298' title='bbox 616 1850 656 1887; x_wconf 91' lang='lat' dir='ltr'><strong>in</strong></span> <span class='ocrx_word' id='word_1_299' title='bbox 688 1849 724 1886; x_wconf 85' lang='lat' dir='ltr'><strong>la</strong></span> <span class='ocrx_word' id='word_1_300' title='bbox 752 1862 890 1887; x_wconf 86' lang='lat' dir='ltr'><strong>mazor</strong></span> <span class='ocrx_word' id='word_1_301' title='bbox 919 1855 959 1887; x_wconf 89' lang='lat' dir='ltr'><strong>et</strong></span> <span class='ocrx_word' id='word_1_302' title='bbox 988 1847 1151 1901; x_wconf 82' lang='lat' dir='ltr'><strong>miglior</strong></span> <span class='ocrx_word' id='word_1_303' title='bbox 1175 1861 1279 1887; x_wconf 88' lang='lat' dir='ltr'><strong>nave</strong></span> <span class='ocrx_word' id='word_1_304' title='bbox 1307 1861 1390 1886; x_wconf 89' lang='lat' dir='ltr'><strong>non</strong></span> <span class='ocrx_word' id='word_1_305' title='bbox 1418 1861 1536 1887; x_wconf 86' lang='lat' dir='ltr'><strong>senza</strong></span> <span class='ocrx_word' id='word_1_306' title='bbox 1561 1848 1750 1900; x_wconf 80' lang='lat' dir='ltr'><strong>pensiero</strong></span> 
     </span>
     <span class='ocr_line' id='line_1_32' title="bbox 308 1901 1753 1956; baseline 0 -14"><span class='ocrx_word' id='word_1_307' title='bbox 308 1910 348 1942; x_wconf 85' lang='lat' dir='ltr'><strong>et</strong></span> <span class='ocrx_word' id='word_1_308' title='bbox 388 1908 604 1956; x_wconf 77' lang='lat' dir='ltr'><strong>suspecto,</strong></span> <span class='ocrx_word' id='word_1_309' title='bbox 644 1902 720 1942; x_wconf 87' lang='lat' dir='ltr'><strong>che</strong></span> <span class='ocrx_word' id='word_1_310' title='bbox 764 1902 794 1941; x_wconf 89' lang='lat' dir='ltr'><strong>li&#39;</strong></span> <span class='ocrx_word' id='word_1_311' title='bbox 821 1902 1004 1941; x_wconf 82' lang='lat' dir='ltr'><strong>Franchi</strong></span> <span class='ocrx_word' id='word_1_312' title='bbox 1045 1901 1300 1955; x_wconf 83' lang='lat' dir='ltr'><strong>desprezanti</strong></span> <span class='ocrx_word' id='word_1_313' title='bbox 1342 1901 1370 1941; x_wconf 91' lang='lat' dir='ltr'><strong>li</strong></span> <span class='ocrx_word' id='word_1_314' title='bbox 1399 1901 1483 1941; x_wconf 81' lang='lat' dir='ltr'><strong>dati</strong></span> <span class='ocrx_word' id='word_1_315' title='bbox 1511 1904 1753 1942; x_wconf 83' lang='lat' dir='ltr'><strong>sacramenti</strong></span> 
     </span>
     <span class='ocr_line' id='line_1_33' title="bbox 307 1956 1752 2014; baseline -0.001 -18"><span class='ocrx_word' id='word_1_316' title='bbox 307 1972 380 2014; x_wconf 74' lang='lat' dir='ltr'><strong>pei·</strong></span> <span class='ocrx_word' id='word_1_317' title='bbox 405 1958 571 1997; x_wconf 76' lang='lat' dir='ltr'><strong>thesoro</strong></span> <span class='ocrx_word' id='word_1_318' title='bbox 601 1956 638 1996; x_wconf 88' lang='lat' dir='ltr'><strong>el</strong></span> <span class='ocrx_word' id='word_1_319' title='bbox 665 1957 778 1996; x_wconf 88' lang='lat' dir='ltr'><strong>desse</strong></span> <span class='ocrx_word' id='word_1_320' title='bbox 803 1958 843 1995; x_wconf 90' lang='lat' dir='ltr'><strong>in</strong></span> <span class='ocrx_word' id='word_1_321' title='bbox 874 1971 968 1996; x_wconf 84' lang='lat' dir='ltr'><strong>man</strong></span> <span class='ocrx_word' id='word_1_322' title='bbox 1001 1957 1052 1996; x_wconf 92' lang='lat' dir='ltr'><strong>de</strong></span> <span class='ocrx_word' id='word_1_323' title='bbox 1080 1957 1268 1998; x_wconf 81' lang='lat' dir='ltr'><strong>Mustafa.</strong></span> <span class='ocrx_word' id='word_1_324' title='bbox 1307 1957 1375 1996; x_wconf 84' lang='lat' dir='ltr'><strong>Ma</strong></span> <span class='ocrx_word' id='word_1_325' title='bbox 1403 1957 1444 1996; x_wconf 84' lang='lat' dir='ltr'><strong>lu</strong></span> <span class='ocrx_word' id='word_1_326' title='bbox 1474 1956 1648 1996; x_wconf 85' lang='lat' dir='ltr'><strong>Adorno</strong></span> <span class='ocrx_word' id='word_1_327' title='bbox 1675 1969 1752 1996; x_wconf 85' lang='lat' dir='ltr'><strong>con</strong></span> 
     </span>
     <span class='ocr_line' id='line_1_34' title="bbox 309 2010 1753 2064; baseline 0 -14"><span class='ocrx_word' id='word_1_328' title='bbox 309 2013 460 2064; x_wconf 82' lang='lat' dir='ltr'>grande</span> <span class='ocrx_word' id='word_1_329' title='bbox 487 2012 758 2060; x_wconf 83' lang='lat' dir='ltr'><strong>submissione</strong></span> <span class='ocrx_word' id='word_1_330' title='bbox 785 2018 826 2051; x_wconf 78' lang='lat' dir='ltr'><strong>et</strong></span> <span class='ocrx_word' id='word_1_331' title='bbox 853 2012 1009 2050; x_wconf 87' lang='lat' dir='ltr'><strong>honore</strong></span> <span class='ocrx_word' id='word_1_332' title='bbox 1036 2019 1236 2051; x_wconf 86' lang='lat' dir='ltr'><strong>rezevette</strong></span> <span class='ocrx_word' id='word_1_333' title='bbox 1263 2013 1433 2062; x_wconf 68' lang='grc' dir='ltr'><strong>Μαι-εἱς</strong></span> <span class='ocrx_word' id='word_1_334' title='bbox 1467 2010 1503 2050; x_wconf 87' lang='grc'><strong>61</strong></span> <span class='ocrx_word' id='word_1_335' title='bbox 1531 2011 1652 2064; x_wconf 79' lang='lat' dir='ltr'><strong>quale</strong></span> <span class='ocrx_word' id='word_1_336' title='bbox 1677 2025 1753 2050; x_wconf 81' lang='lat' dir='ltr'><strong>au-</strong></span> 
     </span>
     <span class='ocr_line' id='line_1_35' title="bbox 308 2065 1755 2119; baseline 0.001 -14"><span class='ocrx_word' id='word_1_337' title='bbox 308 2067 382 2105; x_wconf 86' lang='lat' dir='ltr'><strong>ehe</strong></span> <span class='ocrx_word' id='word_1_338' title='bbox 412 2081 486 2106; x_wconf 89' lang='lat' dir='ltr'><strong>con</strong></span> <span class='ocrx_word' id='word_1_339' title='bbox 517 2066 649 2119; x_wconf 81' lang='lat' dir='ltr'><strong>alegra</strong></span> <span class='ocrx_word' id='word_1_340' title='bbox 681 2081 771 2106; x_wconf 69' lang='lat' dir='ltr'><strong>cena</strong></span> <span class='ocrx_word' id='word_1_341' title='bbox 800 2073 840 2106; x_wconf 86' lang='lat' dir='ltr'><strong>et</strong></span> <span class='ocrx_word' id='word_1_342' title='bbox 868 2066 1158 2105; x_wconf 87' lang='lat' dir='ltr'><strong>humanissime</strong></span> <span class='ocrx_word' id='word_1_343' title='bbox 1189 2066 1330 2119; x_wconf 79' lang='lat' dir='ltr'><strong>parole</strong></span> <span class='ocrx_word' id='word_1_344' title='bbox 1355 2065 1548 2106; x_wconf 80' lang='lat' dir='ltr'><strong>abbracib</strong></span> <span class='ocrx_word' id='word_1_345' title='bbox 1567 2065 1755 2106; x_wconf 70' lang='lat' dir='ltr'><strong>Adorno.</strong></span> 
     </span>
     <span class='ocr_line' id='line_1_36' title="bbox 307 2120 1752 2174; baseline 0 -15"><span class='ocrx_word' id='word_1_346' title='bbox 307 2122 446 2160; x_wconf 79' lang='lat' dir='ltr'><strong>Morat</strong></span> <span class='ocrx_word' id='word_1_347' title='bbox 474 2122 559 2160; x_wconf 80' lang='lat' dir='ltr'><strong>fece</strong></span> <span class='ocrx_word' id='word_1_348' title='bbox 599 2129 761 2164; x_wconf 85' lang='lat' dir='ltr'><strong>montar</strong></span> <span class='ocrx_word' id='word_1_349' title='bbox 785 2135 876 2163; x_wconf 78' lang='lat' dir='ltr'><strong>seco</strong></span> <span class='ocrx_word' id='word_1_350' title='bbox 904 2122 943 2159; x_wconf 87' lang='lat' dir='ltr'><strong>in</strong></span> <span class='ocrx_word' id='word_1_351' title='bbox 971 2135 1074 2160; x_wconf 85' lang='lat' dir='ltr'><strong>nave</strong></span> <span class='ocrx_word' id='word_1_352' title='bbox 1099 2128 1162 2160; x_wconf 86' lang='lat' dir='ltr'><strong>tra</strong></span> <span class='ocrx_word' id='word_1_353' title='bbox 1191 2120 1316 2160; x_wconf 91' lang='lat' dir='ltr'><strong>nobili</strong></span> <span class='ocrx_word' id='word_1_354' title='bbox 1345 2128 1388 2160; x_wconf 89' lang='lat' dir='ltr'><strong>et</strong></span> <span class='ocrx_word' id='word_1_355' title='bbox 1415 2120 1567 2160; x_wconf 82' lang='lat' dir='ltr'><strong>schiavi</strong></span> <span class='ocrx_word' id='word_1_356' title='bbox 1594 2121 1752 2174; x_wconf 81' lang='lat' dir='ltr'><strong>proprii</strong></span> 
     </span>
     <span class='ocr_line' id='line_1_37' title="bbox 307 2171 1750 2229; baseline 0.001 -15"><span class='ocrx_word' id='word_1_357' title='bbox 307 2177 417 2214; x_wconf 81' lang='lat' dir='ltr'><strong>circa</strong></span> <span class='ocrx_word' id='word_1_358' title='bbox 445 2177 591 2229; x_wconf 86' lang='lat' dir='ltr'><strong>ziuque</strong></span> <span class='ocrx_word' id='word_1_359' title='bbox 617 2184 748 2215; x_wconf 86' lang='lat' dir='ltr'><strong>cento.</strong></span> <span class='ocrx_word' id='word_1_360' title='bbox 806 2176 977 2217; x_wconf 67' lang='grc' dir='ltr'><strong>Δάοι-110</strong></span> <span class='ocrx_word' id='word_1_361' title='bbox 1007 2177 1046 2214; x_wconf 90' lang='lat' dir='ltr'><strong>in</strong></span> <span class='ocrx_word' id='word_1_362' title='bbox 1077 2171 1211 2229; x_wconf 82' lang='lat' dir='ltr'><strong>quella</strong></span> <span class='ocrx_word' id='word_1_363' title='bbox 1239 2182 1358 2215; x_wconf 81' lang='lat' dir='ltr'><strong>stessa</strong></span> <span class='ocrx_word' id='word_1_364' title='bbox 1387 2189 1492 2215; x_wconf 84' lang='lat' dir='ltr'><strong>nave</strong></span> <span class='ocrx_word' id='word_1_365' title='bbox 1519 2174 1649 2214; x_wconf 80' lang='lat' dir='ltr'><strong>havea</strong></span> <span class='ocrx_word' id='word_1_366' title='bbox 1674 2174 1750 2228; x_wconf 61' lang='lat' dir='ltr'><strong>pi&amp;</strong></span> 
     </span>
     <span class='ocr_line' id='line_1_38' title="bbox 307 2229 1752 2282; baseline 0.001 -15"><span class='ocrx_word' id='word_1_367' title='bbox 307 2231 358 2267; x_wconf 88' lang='lat' dir='ltr'><strong>de</strong></span> <span class='ocrx_word' id='word_1_368' title='bbox 389 2237 598 2270; x_wconf 79' lang='lat' dir='ltr'><strong>octocento</strong></span> <span class='ocrx_word' id='word_1_369' title='bbox 628 2231 779 2270; x_wconf 82' lang='lat' dir='ltr'><strong>valenti</strong></span> <span class='ocrx_word' id='word_1_370' title='bbox 811 2230 964 2269; x_wconf 87' lang='lat' dir='ltr'><strong>homini</strong></span> <span class='ocrx_word' id='word_1_371' title='bbox 1002 2230 1218 2269; x_wconf 85' lang='lat' dir='ltr'><strong>Christiani</strong></span> <span class='ocrx_word' id='word_1_372' title='bbox 1248 2231 1290 2268; x_wconf 89' lang='lat' dir='ltr'><strong>in</strong></span> <span class='ocrx_word' id='word_1_373' title='bbox 1324 2236 1457 2282; x_wconf 83' lang='lat' dir='ltr'><strong>ponto</strong></span> <span class='ocrx_word' id='word_1_374' title='bbox 1484 2236 1523 2268; x_wconf 85' lang='lat' dir='ltr'><strong>et</strong></span> <span class='ocrx_word' id='word_1_375' title='bbox 1549 2229 1654 2268; x_wconf 82' lang='lat' dir='ltr'><strong>hene</strong></span> <span class='ocrx_word' id='word_1_376' title='bbox 1682 2243 1752 2268; x_wconf 80' lang='lat' dir='ltr'><strong>ar-</strong></span> 
     </span>
     <span class='ocr_line' id='line_1_39' title="bbox 307 2282 1750 2337; baseline 0.001 -16"><span class='ocrx_word' id='word_1_377' title='bbox 307 2284 420 2322; x_wconf 76' lang='lat' dir='ltr'><strong>mati.</strong></span> <span class='ocrx_word' id='word_1_378' title='bbox 448 2285 487 2323; x_wconf 85' lang='lat' dir='ltr'><strong>in</strong></span> <span class='ocrx_word' id='word_1_379' title='bbox 522 2286 560 2323; x_wconf 92' lang='lat' dir='ltr'><strong>lo</strong></span> <span class='ocrx_word' id='word_1_380' title='bbox 588 2293 694 2324; x_wconf 74' lang='lat' dir='ltr'><strong>resto</strong></span> <span class='ocrx_word' id='word_1_381' title='bbox 723 2285 827 2324; x_wconf 86' lang='lat' dir='ltr'><strong>delle</strong></span> <span class='ocrx_word' id='word_1_382' title='bbox 856 2299 958 2324; x_wconf 88' lang='lat' dir='ltr'><strong>nave</strong></span> <span class='ocrx_word' id='word_1_383' title='bbox 984 2284 1124 2324; x_wconf 74' lang='lat' dir='ltr'><strong>monto</strong></span> <span class='ocrx_word' id='word_1_384' title='bbox 1154 2284 1257 2323; x_wconf 82' lang='lat' dir='ltr'><strong>tanti</strong></span> <span class='ocrx_word' id='word_1_385' title='bbox 1276 2284 1431 2333; x_wconf 78' lang='lat' dir='ltr'><strong>Turehi</strong></span> <span class='ocrx_word' id='word_1_386' title='bbox 1458 2282 1600 2337; x_wconf 79' lang='lat' dir='ltr'><strong>quanti</strong></span> <span class='ocrx_word' id='word_1_387' title='bbox 1624 2297 1750 2323; x_wconf 80' lang='lat' dir='ltr'><strong>erano</strong></span> 
     </span>
     <span class='ocr_line' id='line_1_40' title="bbox 307 2337 1748 2382; baseline 0 -6"><span class='ocrx_word' id='word_1_388' title='bbox 307 2337 486 2377; x_wconf 82' lang='lat' dir='ltr'><strong>Franchi</strong></span> <span class='ocrx_word' id='word_1_389' title='bbox 519 2342 679 2382; x_wconf 81' lang='lat' dir='ltr'><strong>armati.</strong></span> <span class='ocrx_word' id='word_1_390' title='bbox 734 2339 901 2379; x_wconf 85' lang='lat' dir='ltr'><strong>Adorno</strong></span> <span class='ocrx_word' id='word_1_391' title='bbox 930 2346 1159 2379; x_wconf 80' lang='lat' dir='ltr'><strong>veramente</strong></span> <span class='ocrx_word' id='word_1_392' title='bbox 1195 2352 1309 2378; x_wconf 85' lang='lat' dir='ltr'><strong>senza</strong></span> <span class='ocrx_word' id='word_1_393' title='bbox 1338 2337 1455 2377; x_wconf 83' lang='lat' dir='ltr'><strong>alcun</strong></span> <span class='ocrx_word' id='word_1_394' title='bbox 1487 2337 1583 2377; x_wconf 85' lang='lat' dir='ltr'><strong>dolo</strong></span> <span class='ocrx_word' id='word_1_395' title='bbox 1607 2338 1748 2377; x_wconf 81' lang='lat' dir='ltr'><strong>obser.-</strong></span> 
     </span>
     <span class='ocr_line' id='line_1_41' title="bbox 306 2392 1749 2447; baseline 0 -15"><span class='ocrx_word' id='word_1_396' title='bbox 306 2393 362 2432; x_wconf 76' lang='lat' dir='ltr'><strong>vb</strong></span> <span class='ocrx_word' id='word_1_397' title='bbox 394 2392 602 2439; x_wconf 81' lang='lat' dir='ltr'><strong>liaimente</strong></span> <span class='ocrx_word' id='word_1_398' title='bbox 629 2394 668 2435; x_wconf 78' lang='lat' dir='ltr'><strong>la</strong></span> <span class='ocrx_word' id='word_1_399' title='bbox 686 2409 901 2447; x_wconf 80' lang='lat' dir='ltr'><strong>promessa,</strong></span> <span class='ocrx_word' id='word_1_400' title='bbox 931 2408 1047 2433; x_wconf 90' lang='lat' dir='ltr'><strong>come</strong></span> <span class='ocrx_word' id='word_1_401' title='bbox 1073 2394 1201 2434; x_wconf 85' lang='lat' dir='ltr'><strong>havea</strong></span> <span class='ocrx_word' id='word_1_402' title='bbox 1218 2400 1356 2432; x_wconf 77' lang='lat' dir='ltr'><strong>zurato</strong></span> <span class='ocrx_word' id='word_1_403' title='bbox 1386 2393 1575 2432; x_wconf 83' lang='lat' dir='ltr'><strong>aMorat.</strong></span> <span class='ocrx_word' id='word_1_404' title='bbox 1604 2393 1749 2442; x_wconf 78' lang='lat' dir='ltr'><strong>Quan-</strong></span> 
     </span>
     <span class='ocr_line' id='line_1_42' title="bbox 306 2445 1749 2502; baseline 0.001 -16"><span class='ocrx_word' id='word_1_405' title='bbox 306 2446 361 2486; x_wconf 89' lang='lat' dir='ltr'><strong>do</strong></span> <span class='ocrx_word' id='word_1_406' title='bbox 389 2447 430 2488; x_wconf 88' lang='lat' dir='ltr'><strong>fo</strong></span> <span class='ocrx_word' id='word_1_407' title='bbox 459 2449 497 2485; x_wconf 91' lang='lat' dir='ltr'><strong>in</strong></span> <span class='ocrx_word' id='word_1_408' title='bbox 544 2462 656 2489; x_wconf 88' lang='lat' dir='ltr'><strong>mezo</strong></span> <span class='ocrx_word' id='word_1_409' title='bbox 684 2450 720 2488; x_wconf 87' lang='grc'><strong>61</strong></span> <span class='ocrx_word' id='word_1_410' title='bbox 750 2450 889 2497; x_wconf 75' lang='lat' dir='ltr'><strong>canale</strong></span> <span class='ocrx_word' id='word_1_411' title='bbox 927 2455 994 2488; x_wconf 77' lang='lat' dir='ltr'><strong>tra</strong></span> <span class='ocrx_word' id='word_1_412' title='bbox 1021 2450 1245 2502; x_wconf 87' lang='lat' dir='ltr'><strong>Lampsaco</strong></span> <span class='ocrx_word' id='word_1_413' title='bbox 1270 2454 1312 2488; x_wconf 86' lang='lat' dir='ltr'><strong>et</strong></span> <span class='ocrx_word' id='word_1_414' title='bbox 1341 2445 1516 2500; x_wconf 87' lang='lat' dir='ltr'><strong>Galipoli</strong></span> <span class='ocrx_word' id='word_1_415' title='bbox 1533 2475 1547 2498; x_wconf 91' lang='lat'>‚</span> <span class='ocrx_word' id='word_1_416' title='bbox 1578 2445 1749 2487; x_wconf 74' lang='lat' dir='ltr'><strong>Adon-no</strong></span> 
     </span>
     <span class='ocr_line' id='line_1_43' title="bbox 305 2499 1746 2556; baseline -0.001 -15"><span class='ocrx_word' id='word_1_417' title='bbox 305 2516 349 2541; x_wconf 90' lang='lat' dir='ltr'><strong>se</strong></span> <span class='ocrx_word' id='word_1_418' title='bbox 379 2501 479 2540; x_wconf 76' lang='lat' dir='ltr'><strong>huto</strong></span> <span class='ocrx_word' id='word_1_419' title='bbox 518 2502 796 2543; x_wconf 83' lang='lat' dir='ltr'><strong>inzenochiato</strong></span> <span class='ocrx_word' id='word_1_420' title='bbox 824 2503 892 2542; x_wconf 84' lang='lat' dir='ltr'><strong>alli</strong></span> <span class='ocrx_word' id='word_1_421' title='bbox 931 2503 1039 2556; x_wconf 83' lang='lat' dir='ltr'><strong>piedi</strong></span> <span class='ocrx_word' id='word_1_422' title='bbox 1069 2503 1120 2543; x_wconf 90' lang='lat' dir='ltr'><strong>de</strong></span> <span class='ocrx_word' id='word_1_423' title='bbox 1147 2505 1309 2550; x_wconf 80' lang='lat' dir='ltr'><strong>Murat,</strong></span> <span class='ocrx_word' id='word_1_424' title='bbox 1340 2508 1382 2542; x_wconf 83' lang='lat' dir='ltr'><strong>et</strong></span> <span class='ocrx_word' id='word_1_425' title='bbox 1410 2499 1642 2541; x_wconf 82' lang='lat' dir='ltr'><strong>domandoli</strong></span> <span class='ocrx_word' id='word_1_426' title='bbox 1675 2515 1746 2540; x_wconf 84' lang='lat' dir='ltr'><strong>re-</strong></span> 
     </span>
     <span class='ocr_line' id='line_1_44' title="bbox 306 2556 1746 2599; baseline -0.001 -3"><span class='ocrx_word' id='word_1_427' title='bbox 306 2556 498 2596; x_wconf 86' lang='lat' dir='ltr'><strong>missione</strong></span> <span class='ocrx_word' id='word_1_428' title='bbox 542 2557 607 2595; x_wconf 85' lang='lat' dir='ltr'><strong>del</strong></span> <span class='ocrx_word' id='word_1_429' title='bbox 649 2558 784 2597; x_wconf 88' lang='lat' dir='ltr'><strong>debito</strong></span> <span class='ocrx_word' id='word_1_430' title='bbox 826 2557 967 2599; x_wconf 87' lang='lat' dir='ltr'><strong>vechio</strong></span> <span class='ocrx_word' id='word_1_431' title='bbox 995 2557 1219 2597; x_wconf 80' lang='lat' dir='ltr'><strong>del&#39;alume.</strong></span> <span class='ocrx_word' id='word_1_432' title='bbox 1285 2558 1419 2596; x_wconf 84' lang='lat' dir='ltr'><strong>Morat</strong></span> <span class='ocrx_word' id='word_1_433' title='bbox 1444 2561 1677 2596; x_wconf 81' lang='lat' dir='ltr'><strong>veramente</strong></span> <span class='ocrx_word' id='word_1_434' title='bbox 1701 2569 1746 2595; x_wconf 88' lang='lat' dir='ltr'><strong>se</strong></span> 
     </span>
     <span class='ocr_line' id='line_1_45' title="bbox 306 2608 1747 2664; baseline -0.001 -15"><span class='ocrx_word' id='word_1_435' title='bbox 306 2611 393 2650; x_wconf 83' lang='lat' dir='ltr'><strong>fece</strong></span> <span class='ocrx_word' id='word_1_436' title='bbox 425 2609 526 2649; x_wconf 78' lang='lat' dir='ltr'><strong>dare</strong></span> <span class='ocrx_word' id='word_1_437' title='bbox 568 2612 603 2649; x_wconf 87' lang='lat' dir='ltr'><strong>el</strong></span> <span class='ocrx_word' id='word_1_438' title='bbox 645 2614 827 2663; x_wconf 76' lang='lat' dir='ltr'><strong>calamo,</strong></span> <span class='ocrx_word' id='word_1_439' title='bbox 866 2620 906 2652; x_wconf 75' lang='lat' dir='ltr'><strong>et</strong></span> <span class='ocrx_word' id='word_1_440' title='bbox 939 2612 1005 2651; x_wconf 89' lang='lat' dir='ltr'><strong>col</strong></span> <span class='ocrx_word' id='word_1_441' title='bbox 1038 2626 1133 2655; x_wconf 80' lang='lat' dir='ltr'><strong>core</strong></span> <span class='ocrx_word' id='word_1_442' title='bbox 1173 2617 1216 2651; x_wconf 83' lang='lat' dir='ltr'><strong>et</strong></span> <span class='ocrx_word' id='word_1_443' title='bbox 1243 2610 1358 2652; x_wconf 76' lang='lat' dir='ltr'><strong>volto</strong></span> <span class='ocrx_word' id='word_1_444' title='bbox 1383 2610 1534 2664; x_wconf 82' lang='lat' dir='ltr'><strong>aliegro</strong></span> <span class='ocrx_word' id='word_1_445' title='bbox 1561 2608 1747 2662; x_wconf 75' lang='lat' dir='ltr'><strong>depennb</strong></span> 
     </span>
     <span class='ocr_line' id='line_1_46' title="bbox 307 2663 1744 2720; baseline -0.002 -17"><span class='ocrx_word' id='word_1_446' title='bbox 307 2665 375 2704; x_wconf 83' lang='lat' dir='ltr'><strong>del</strong></span> <span class='ocrx_word' id='word_1_447' title='bbox 403 2663 512 2704; x_wconf 85' lang='lat' dir='ltr'><strong>libro</strong></span> <span class='ocrx_word' id='word_1_448' title='bbox 538 2664 575 2703; x_wconf 89' lang='lat' dir='ltr'><strong>el</strong></span> <span class='ocrx_word' id='word_1_449' title='bbox 602 2666 708 2707; x_wconf 81' lang='lat' dir='ltr'><strong>dicto</strong></span> <span class='ocrx_word' id='word_1_450' title='bbox 741 2667 880 2707; x_wconf 86' lang='lat' dir='ltr'><strong>debito</strong></span> <span class='ocrx_word' id='word_1_451' title='bbox 910 2665 1120 2706; x_wconf 81' lang='lat' dir='ltr'><strong>del’aiume</strong></span> <span class='ocrx_word' id='word_1_452' title='bbox 1140 2695 1152 2716; x_wconf 90' lang='lat'>‚</span> <span class='ocrx_word' id='word_1_453' title='bbox 1183 2666 1219 2705; x_wconf 91' lang='lat' dir='ltr'><strong>el</strong></span> <span class='ocrx_word' id='word_1_454' title='bbox 1249 2665 1367 2720; x_wconf 86' lang='lat' dir='ltr'><strong>quale</strong></span> <span class='ocrx_word' id='word_1_455' title='bbox 1393 2665 1435 2705; x_wconf 79' lang='lat' dir='ltr'><strong>fo</strong></span> <span class='ocrx_word' id='word_1_456' title='bbox 1464 2665 1542 2703; x_wconf 75' lang='lat' dir='ltr'><strong>fine</strong></span> <span class='ocrx_word' id='word_1_457' title='bbox 1566 2679 1589 2702; x_wconf 79' lang='lat' dir='ltr'><strong>a</strong></span> <span class='ocrx_word' id='word_1_458' title='bbox 1618 2664 1744 2704; x_wconf 84' lang='lat' dir='ltr'><strong>vinti..</strong></span> 
     </span>
     <span class='ocr_line' id='line_1_47' title="bbox 307 2718 1745 2775; baseline -0.001 -16"><span class='ocrx_word' id='word_1_459' title='bbox 307 2727 419 2775; x_wconf 75' lang='lat' dir='ltr'><strong>septe</strong></span> <span class='ocrx_word' id='word_1_460' title='bbox 446 2719 556 2762; x_wconf 87' lang='lat' dir='ltr'><strong>milia</strong></span> <span class='ocrx_word' id='word_1_461' title='bbox 588 2722 843 2767; x_wconf 68' lang='lat' dir='ltr'><strong>numismata.</strong></span> <span class='ocrx_word' id='word_1_462' title='bbox 900 2721 1075 2766; x_wconf 78' lang='lat' dir='ltr'><strong>Mustafa</strong></span> <span class='ocrx_word' id='word_1_463' title='bbox 1101 2727 1233 2767; x_wconf 77' lang='lat' dir='ltr'><strong>stante</strong></span> <span class='ocrx_word' id='word_1_464' title='bbox 1255 2735 1297 2761; x_wconf 84' lang='grc'><strong>111</strong></span> <span class='ocrx_word' id='word_1_465' title='bbox 1326 2721 1365 2760; x_wconf 82' lang='lat' dir='ltr'><strong>la</strong></span> <span class='ocrx_word' id='word_1_466' title='bbox 1394 2721 1481 2763; x_wconf 78' lang='lat' dir='ltr'><strong>riva</strong></span> <span class='ocrx_word' id='word_1_467' title='bbox 1511 2718 1616 2765; x_wconf 81' lang='lat' dir='ltr'><strong>della</strong></span> <span class='ocrx_word' id='word_1_468' title='bbox 1644 2720 1745 2761; x_wconf 74' lang='lat' dir='ltr'><strong>altra</strong></span> 
     </span>
    </p>
   </div>
  </div>
 </body>
</html>
