1916 3210
0 0 72 270 Γ
446 189 660 235 mmcss
697 188 1034 233 mmmmm
1077 186 1341 232 mmmm.
1500 169 1607 229 381

13 304 16 323 -’
166 287 339 338 meva
359 289 661 335 *la'desidereta
692 299 828 332 stazon
857 290 949 333 dela
976 303 1246 347 pmmnvera,
1276 288 1443 345 quando
1471 289 1619 333 Demiu-

163 347 446 404 Gau-partito*
468 348 520 390 de
545 349 684 389 Persia
730 355 771 388 et
801 355 1041 402 congregate
1077 344 1205 387 multe
1237 351 1355 385 zente
1377 344 1429 386 de
1459 345 1619 387 diverse

165 404 332 445 natione
359 409 402 444 et
425 403 628 459 linguans,
655 403 906 443 Taurosithe
924 432 936 453 ‚
972 401 1156 452 Zerchii,
1200 401 1389 455 Avagasii
1406 429 1419 452 ,
1448 415 1492 441 se
1523 403 1617 443 avii)

165 471 285 501 verso
319 458 359 500 ln
383 458 623 509 Thanaide,
653 458 886 498 deffazando
914 457 952 498 le
978 465 1091 498 terre
1124 456 1202 497 che
1228 470 1329 498 sono
1358 458 1401 496 in
1430 456 1616 511 Boffaro,

160 519 208 556 et
232 513 432 570 passando
460 529 537 569 per
566 513 803 568 l'Armenya
830 520 870 554 et
894 511 933 552 la
954 512 1217 567 Cappadocia.
1250 519 1291 552 et
1309 525 1443 552 venne
1469 514 1510 552 in
1529 516 1616 554 Ga·

163 568 264 610 latia
282 582 360 610 oon
386 577 502 610 tanto
546 576 586 610 et
613 568 693 609 tale
721 571 923 620 exercito,
945 576 1098 623 quanto
1127 574 1170 608 et
1196 567 1317 622 quale
1345 568 1391 607 231
1417 567 1671 610 condusse6²

159 624 295 665 ’Xerse
318 625 361 665 in
388 625 550 669 Grecia.
579 624 777 665 Dal'altra
815 630 933 678 parte
959 623 1168 675 Paiasith‚
1197 630 1445 678 congregato
1478 622 1516 663 el
1540 637 1615 665 suo

157 680 338 720 exercito
353 679 422 721 de
448 679 633 721 valorose
659 687 775 720 zente
791 680 898 720 hene
926 686 1094 731 armate,
1114 678 1363 730 matheum,
1380 678 1544 720 Traicie
1575 687 1620 720 et

156 732 390 787 ‘soz-viane,
432 750 509 776 con
549 736 717 777 Stefano
761 735 855 776 flolo
883 735 935 776 de
963 736 1114 776 Lazaro
1139 748 1332 776 semosse
1359 741 1506 775 contra
1531 734 1619 776 Da·—

162 791 260 831 mir.
292 797 334 831 et
366 791 617 832 trovandose
660 806 850 846 appresso
881 789 919 830 la
945 791 1027 831 cita
1061 791 1114 831 de
1139 789 1331 842 Galatia,
1357 789 1486 831 intese
1514 790 1619 831 ch'el

161 858 310 900 eampo
338 845 390 887 de
417 847 560 888 Demir
603 861 684 887 non
715 861 782 886 era
811 845 920 899 longi
948 846 1001 885 da
1029 845 1067 885 la
1101 845 1183 885 cita
1217 845 1268 885 de
1297 845 1470 899 Agnira.
1530 846 1619 901 Ap-

0 903 11 954 ,ιρ
162 902 476 956 proximandose
502 901 567 943 ala
587 902 665 942 εἰῑὲι
694 902 822 941 ficchb
848 901 876 941 li
898 903 957 941 soi
987 900 1208 955 paviglioni
1234 902 1276 940 in
1299 915 1411 941 mezo
1439 901 1480 941 la
1507 915 1621 942 cam·-

8 970 10 975 “
162 969 293 1012 pagna
334 956 387 998 de
415 958 599 1014 Agnira,
639 957 747 998 onde
789 957 943 997 derieto
969 956 1010 996 al
1049 970 1192 1010 campo
1220 970 1386 1010 passava
1417 970 1501 997 uno
1526 970 1620 997 cor—

161 1019 281 1052 reute
311 1011 462 1065 fiume,
492 1013 529 1054 el
557 1013 678 1068 quale
711 1012 918 1053 abbeverb
946 1011 974 1052 li
1003 1011 1166 1052 horneni
1194 1019 1234 1051 et
1262 1010 1290 1051 li
1319 1011 1478 1056 cavalli.
1533 1013 1621 1054 De-

161 1068 245 1107 mir
270 1082 510 1123 campezava
526 1068 569 1108 in
593 1067 633 1109 13
650 1069 814 1123 regione
843 1068 1066 1117 contraria,
1099 1068 1138 1107 in
1161 1067 1199 1107 la
1226 1066 1347 1121 quale
1369 1081 1436 1107 era
1465 1068 1621 1122 grande

161 1123 334 1178 penuria
361 1130 404 1165 et
444 1126 611 1164 carestia
654 1124 706 1164 de
745 1137 863 1178 aque.
920 1123 1006 1163 Che
1031 1124 1307 1162 intravenne?
1331 1122 1409 1163 che
1438 1123 1621 1164 Paiasith

162 1178 367 1220 comandb
393 1179 470 1220 che
509 1178 614 1220 fosse
640 1180 747 1220 faeta
777 1192 858 1219 una
885 1177 1048 1232 publica
1077 1178 1216 1226 crida,
1250 1191 1324 1232 per
1351 1177 1391 1218 la
1422 1178 1518 1233 qual
1545 1193 1619 1220 co-

161 1234 315 1276 mandb
351 1234 454 1276 ch'el
493 1248 619 1275 zorno
651 1235 838 1288 proximo
881 1239 1089 1287 vegnante
1135 1232 1236 1273 tutti
1265 1233 1422 1274 fosseno
1448 1249 1620 1289 appare·

161 1289 286 1330 chiati
313 1289 368 1331 ad
395 1289 528 1331 undar
554 1304 630 1330 con
661 1290 720 1329 lui
749 1288 830 1329 alla
871 1303 979 1329 caza.
1034 1289 1090 1328 Et
1120 1288 1204 1328 cos}
1232 1287 1363 1329 l'altro
1390 1303 1515 1329 zorno
1539 1304 1618 1330 con

161 1351 268 1385 tutte
292 1343 331 1385 1ε
357 1359 430 1386 sue
460 1347 567 1386 zenti
596 1345 705 1386 andi)
734 1344 789 1384 ad
818 1358 986 1392 cazare,
1032 1350 1073 1384 et
1099 1344 1162 1383 tre
1194 1343 1311 1383 zorni
1339 1357 1454 1398 spese
1476 1358 1625 1385 cazan-

162 1399 219 1440 do
243 1401 356 1441 zervi
399 1415 470 1455 per
499 1402 610 1455 paesi
651 1400 810 1443 diversi.
881 1400 928 1439 ln
975 1405 1118 1453 questo
1146 1412 1260 1439 mezo
1288 1399 1432 1439 Demir
1464 1414 1547 1440 non
1576 1401 1620 1441 fo

238 1469 284 1496 ro
313 1469 337 1495 a
370 1455 545 1510 prender
570 1456 610 1496 13
641 1454 846 1495 οοηιοάιῑὲι
871 1454 937 1495 del
962 1461 1105 1508 tempo
1132 1460 1176 1494 et
1204 1452 1271 1494 del
1301 1453 1421 1506 loco3
1453 1463 1494 1496 et
1521 1456 1621 1496 sub-

195 1511 251 1552 ito
275 1510 339 1551 col
367 1524 512 1566 campo
539 1525 584 1551 se
614 1510 705 1550 levb
733 1511 787 1550 da
815 1512 828 1550 i
857 1509 964 1550 lochi
1002 1510 1108 1550 aridi
1134 1516 1175 1549 et
1204 1509 1364 1561 secchi,
1393 1517 1435 1551 et
1461 1524 1622 1552 accam-

162 1566 218 1621 pb
245 1577 289 1607 se
316 1579 439 1621 sopra
470 1566 510 1607 le
535 1567 624 1607 rive
652 1565 717 1606 del
744 1566 888 1616 flume,
917 1565 1025 1606 oude
1051 1565 1232 1605 Paiasith
1261 1565 1362 1606 s’era
1388 1565 1523 1607 levato
1551 1582 1623 1622 per

162 1621 319 1664 andare
344 1622 411 1662 ala
437 1636 531 1662 caza
547 1652 559 1672 ‚
588 1621 868 1662 mostrandose
887 1621 1064 1673 superbo
1096 1628 1136 1660 et
1168 1620 1351 1662 valoroso
1383 1635 1466 1662 non
1498 1637 1624 1677 apre-

162 1679 247 1718 ziar
273 1677 414 1718 Demir
443 1677 521 1718 ne'l
559 1691 633 1717 suo
664 1677 857 1718 exercito.
922 1675 1240 1718 Exercitandose
1267 1676 1460 1731 adunque
1487 1678 1623 1732 quelle

163 1733 272 1773 zenti
298 1734 344 1773 in
371 1732 411 1783 13
440 1747 535 1773 casa
554 1762 566 1780 ‚
598 1747 673 1787 per
701 1732 740 1773 la
767 1732 897 1772 fadica
925 1731 975 1773 e'l
1003 1730 1120 1771 caldo
1153 1731 1219 1772 del
1247 1731 1333 1781 sol,
1365 1733 1441 1773 che
1471 1734 1504 1774 si
1535 1740 1622 1774 tro·
1633 1744 1680 1778 63

161 1801 268 1829 vava
307 1802 331 1829 a
378 1803 493 1829 mezo
526 1787 564 1828 el
597 1787 700 1828 cielo
721 1818 733 1837 ‚
765 1794 883 1828 tanto
919 1789 1066 1828 forono
1101 1787 1265 1828 faticute
1316 1794 1356 1827 et
1405 1789 1590 1830 stracche
1609 1820 1621 1840 ,

164 1850 309 1884 azonta
338 1843 376 1883 la
403 1843 576 1883 ardente
613 1850 698 1884 sete
717 1872 730 1895 ,
770 1850 811 1882 et
847 1857 931 1883 non
950 1842 1199 1884 trovandose
1228 1858 1335 1896 aqua
1364 1843 1415 1883 da
1443 1844 1622 1895 bevere,

165 1898 242 1939 che
265 1899 337 1953 pitx
379 1899 430 1939 de
467 1899 722 1952 zinquemilia
763 1898 918 1939 homini
956 1900 1316 1950 strangosciarono
1346 1906 1387 1938 et
1411 1900 1626 1941 morirono

164 1953 217 1994 de
244 1960 342 1994 sete.
372 1955 437 1995 De
466 1954 538 2008 qu'1
565 1968 698 1993 venne
727 1952 767 1992 la
794 1954 927 2007 prima
959 1967 1110 1993 caxone
1138 1952 1206 1993 del
1235 1953 1316 1994 mal
1344 1953 1395 1994 de
1422 1955 1623 1996 Paiasith.

163 2008 394 2050 'romundo
433 2010 624 2063 adunque
664 2007 787 2062 dapoi
829 2008 893 2048 tre
920 2006 1035 2048 zor'ni
1074 2007 1182 2048 dalla
1210 2008 1346 2048 caccia
1361 2040 1374 2060 ‚
1401 2010 1521 2050 trovb
1547 2010 1625 2051 che

163 2063 308 2105 Demir
341 2079 384 2105 se
424 2079 493 2105 era
536 2071 748 2119 acampato
788 2065 830 2103 in
859 2064 954 2118 quel
987 2063 1104 2113 loco,
1156 2063 1261 2103 onde
1302 2064 1331 2104 li
1361 2063 1460 2105 s'era
1489 2065 1624 2107 levato

162 2134 240 2175 per
268 2121 397 2160 andar
425 2134 449 2160 a
478 2120 653 2161 caciare.
708 2120 772 2159 Da
803 2119 1002 2159 necessita
1030 2119 1221 2172 adunque
1252 2126 1497 2171 constrecm,
1524 2135 1625 2162 cou-

162 2190 298 2217 venne
324 2183 471 2216 metten·
497 2175 534 2216 el
555 2190 628 2215 suo
650 2188 793 2229 campo
811 2175 853 2214 in
881 2175 985 2214 altro
1002 2173 1092 2213 loco
1120 2174 1349 2225 incomodo,
1377 2183 1417 2214 et
1444 2191 1625 2217 conven-

163 2245 218 2272 ne
249 2245 321 2286 per
359 2232 466 2271 forza
496 2231 533 2271 el
573 2245 696 2271 zorno
741 2237 936 2285 sequente
975 2244 1086 2270 esser
1118 2230 1181 2269 ale
1209 2244 1328 2270 mane
1355 2230 1418 2270 col
1446 2247 1520 2272 suo
1548 2247 1624 2273 ne-

163 2288 287 2327 mico.
344 2289 412 2327 Ma
453 2287 499 2327 za
534 2286 808 2340 predestinato
848 2286 890 2325 in
920 2284 1045 2332 niele,
1089 2285 1185 2338 qual
1212 2285 1263 2326 de
1291 2287 1419 2339 questi
1449 2287 1515 2327 doi
1535 2302 1623 2342 *po-

163 2343 377 2383 tentissimi
419 2344 580 2383 exerciti
625 2343 753 2382 dovea
792 2355 901 2381 esser
948 2341 1195 2393 victorioso,
1233 2341 1339 2381 nella
1391 2344 1622 2396 primavera

163 2406 322 2453 passata
348 2399 550 2438 menando
579 2398 760 2438 Paiasith
798 2396 834 2436 el
863 2411 936 2436 suo
967 2398 1142 2436 exercito
1190 2395 1281 2437 dale
1308 2405 1422 2451 parte
1453 2399 1504 2439 de
1537 2400 1622 2440 Po-

145 2462 285 2494 'nente
314 2461 455 2494 contra
489 2453 518 2493 li
547 2453 739 2502 Tartari,
770 2467 937 2506 appan-se
973 2454 1013 2492 in
1045 2451 1147 2491 cielo
1176 2451 1214 2492 el
1244 2455 1388 2493 nuntio
1415 2453 1520 2495 della
1548 2470 1621 2496 sua

163 2509 333 2550 adversa
376 2510 573 2560 fortuna,
616 2509 655 2548 la
686 2516 843 2548 cometa
874 2522 952 2547 con
986 2508 1025 2547 la
1054 2522 1168 2547 coma
1198 2508 1365 2549 ardente
1390 2523 1504 2550 come
1534 2525 1620 2551 uno

165 2563 270 2616 foco,
298 2566 368 2619 pin
396 2565 446 2604 dc
472 2573 619 2618 quatro
647 2565 768 2604 braza
797 2563 918 2617 longa
936 2592 948 2615 ,
982 2564 1032 2602 da
1054 2564 1238 2604 Ponente
1269 2565 1472 2605 movendo
1499 2566 1528 2605 li
1557 2567 1620 2606 soi

164 2622 246 2660 razi
269 2635 384 2660 come
426 2620 540 2660 lanzo
576 2634 695 2661 verso
725 2621 922 2659 Levantc.
999 2619 1053 2658 Et
1083 2619 1271 2672 quando’l
1302 2620 1361 2660 sol
1392 2619 1621 2663 s’ascondea

166 2682 272 2715 sotto
302 2676 517 2728 l’orizonte,
549 2676 627 2715 ena
655 2689 830 2729 apparea
858 2673 1096 2714 mostrando
1124 2674 1162 2714 la
1192 2690 1264 2715 sua
1293 2676 1459 2716 ardente
1485 2691 1617 2726 coma,

167 2737 208 2770 et
241 2731 444 2772 irradiava
485 2734 581 2771 tutti
628 2731 656 2770 li
687 2730 835 2770 confini
882 2728 988 2769 della
1019 2737 1157 2781 terra,
1200 2732 1251 2771 ne
1280 2733 1511 2772 consentiva
1543 2733 1619 2772 che

166 2783 293 2828 l'altre
337 2787 452 2828 stelle
492 2786 772 2837 relucesscno‚
813 2786 864 2826 ne
910 2785 1028 2827 l'aere
1053 2799 1132 2841 per
1170 2785 1210 2828 la
1242 2795 1359 2829 nocte
1385 2787 1619 2830 deventasse

0 962 5 980 “”
0 898 7 912 “
0 689 17 887 *32*wa-
