1884 3216
299 187 410 241 290
651 170 834 227 DUCAE
870 182 1156 228 meamus
1188 181 1413 231 Nl-:Po'us

295 285 454 340 τροπήν
495 285 655 336 Ιἕξονται
693 283 733 326 οἱ
769 284 971 340 Τοῧρκοι,
1017 286 1091 326 καί
1119 283 1159 327 οἱ
1180 285 1381 341 Ῥωμαῖοι
1408 287 1736 345 καταδιώξουσιν

296 349 454 401 αὐτούς
493 350 734 406 κόπτοντες,
771 349 844 391 καί
881 350 1150 400 ἐξελάσουσιν
1179 353 1263 395 ’καί
1287 355 1334 396 ἐκ
1372 355 1449 410 τῆς
1478 352 1640 405 πόλεως
1661 357 1736 405 καὶ

294 415 376 458 α’πό
417 418 493 471 τῆς
541 415 699 464 δύσεως
745 413 819 456 καί
844 411 926 456 α’πὸ
967 417 1053 457 τῶν
1092 417 1163 471 τῆς
1204 418 1408 473 ἀνατολῆς
1442 421 1583 474 μερῶν
1609 413 1736 476 ἄχρις

294 480 425 536 ὄρίων
452 483 669 534 Περσίας,
713 479 759 520 ἐν
809 479 922 536 τόπῳ
960 477 1200 540 καλουμένη)
1230 485 1547 543 Μονοδενδριῖρ.
1598 483 1734 529 ‘tufini

291 561 398 596 τινες
426 546 482 596 ὥς
507 544 803 600 ἀποβησόμενα
821 542 986 598 ἔχοντες
1003 543 1172 601 ἔτρεχον
1201 542 1274 590 καί
1299 547 1399 598 τούς
1426 544 1579 600 ἄλλους
1603 552 1770 606 ἔσυρε-5

252 609 493 664 Οβούλευον
520 613 684 666 τρέχειν
702 621 713 633 ·
777 605 883 663 αὕτη
901 603 952 665 ἦν
977 612 1060 652 τῶν
1080 608 1299 666 Ῥωμαίων
1324 613 1351 669 ἧ
1382 616 1556 669 σκέψις,
1581 613 1635 671 ἢν
1659 617 1736 659 καί

289 675 371 732 πρό
390 675 557 731 χρόνων
578 676 740 715 πολλῶν
769 669 877 728 ἦσαν
904 678 1156 727 μελετῶντες
1177 676 1223 718 τό
1247 679 1321 720 νῦν
1340 682 1549 735 πραχθέν,
1575 677 1639 722 ὅτι
1662 681 1736 734 „d

288 742 594 793 καταλείψομεν
608 737 678 781 τὸν
697 742 815 781 κίονα
832 741 907 781 τοῦ
924 744 1112 795 σταυροῦ
1131 740 1350 792 ἐξόπισθεν
1365 744 1504 798 ἡμῶν,
1527 742 1731 801 φευξόμε-

285 810 347 848 θα
370 809 444 861 τῆς
462 804 694 860 μελλούσης
714 802 882 860 ὀργῆς.”
907 804 980 848 καί
998 803 1108 861 αὕτη
1128 803 1181 862 ἦν
1199 810 1223 862 ἢ
1245 807 1356 865 φυγή
1376 809 1449 864 τῆς
1465 810 1510 852 ἐν
1534 811 1586 868 τῇ
1599 806 1731 864 μέγα-ι

285 876 337 928 λῃ
357 861 549 927 ἐκκλησίᾳ
579 868 760 913 εἰσόδου.
795 871 953 924 ἐγένετο
972 866 1058 920 ιοὖν
1085 874 1131 914 ἐν
1157 875 1236 930 μιᾷ
1266 871 1356 932 ὥρᾳ
1384 873 1407 915 ὅ
1442 874 1730 932 ὑπερμεγέθης
1746 896 1792 923 ιο

286 937 440 985 ἐκεῖνος
458 934 555 985 ναὸς
574 935 731 992 πλήρης
753 936 918 990 ἀνδρῶν
935 952 977 978 τε
994 937 1066 978 καί
1081 940 1305 991 γυναικῶν,
1334 941 1408 981 καί
1425 938 1536 983 κάτω
1555 941 1626 984 καί
1641 936 1728 984 ἅνω

284 1002 359 1042 καί
384 1002 430 1042 ἐν
458 1005 544 1050 τοῖς
563 1005 823 1056 περιαυλιόις
850 1003 923 1043 καί
942 1000 985 1043 ἐν
1001 1004 1126 1044 παντί
1150 1000 1259 1061 τόπῳ
1284 998 1407 1057 ὄχλος
1427 1006 1730 1061 ἀναρίθμητος.

284 1065 521 1114 κλείσαντες
549 1067 595 1108 δὲ
619 1063 696 1115 τοὶς
722 1065 863 1122 θύρας
888 1065 1133 1122 εἱστήκεσαν
1150 1065 1226 1123 τήν
1245 1071 1345 1124 παρ’
1369 1070 1500 1112 αὐτοῦ
1518 1073 1730 1127 σωτηρίαν

283 1131 529 1181 ἐλπίζοντες.
596 1125 632 1173 αἶ
664 1133 862 1187 δύστηνοι
884 1132 1111 1186 Ῥωμαῖοι,
1152 1127 1187 1175 ὦ
1229 1132 1398 1189 ἄθλιοι,
1437 1133 1512 1179 τὸν
1550 1136 1652 1180 ναόν
1679 1135 1728 1180 ὃν

282 1197 472 1238 ἐκαλεῖτε
494 1197 599 1250 χθὲς
626 1198 699 1239 καί
721 1195 800 1253 πρὸ
829 1196 906 1251 τήν
940 1200 1047 1252 χθὲς
1075 1197 1279 1254 σπήλαιον
1301 1199 1374 1242 καὶ
1397 1199 1539 1255 βωμὸν
1569 1199 1790 1263 uineta-15

239 1262 389 1315 Βκῶν,
426 1263 499 1304 καί
535 1257 759 1318 ἄνθρωπος
800 1265 876 1304 ούκ
898 1261 1116 1319 εἰσήρχετο
1142 1258 1208 1315 ἐξ
1247 1265 1368 1319 ὑμῶν
1399 1263 1540 1322 ἐντός,
1569 1268 1639 1310 ἵνα
1665 1266 1726 1323 μὴ
1786 1292 1788 1294 ·

281 1327 442 1383 μιανθῇ
471 1324 541 1368 διὰ
571 1325 617 1369 τὸ
640 1327 909 1383 ἱερουργῆσαι
935 1327 1053 1371 ἔνδον
1079 1327 1178 1378 τούς
1206 1329 1284 1385 τήν
1312 1330 1458 1374 ἕνωσιν
1480 1336 1555 1387 τῆς
1582 1335 1724 1388 ἐκκλη-

146 1400 186 1436 v.
208 1391 378 1440 ,δισιάς
411 1392 747 1446 α’σπαζομένους,
778 1394 853 1435 νῦν
880 1396 999 1436 ἕνεκα
1018 1396 1091 1450 τῆς
1119 1395 1375 1452 ἐπελθούσης
1403 1397 1529 1452 ὀργῆς
1558 1394 1616 1448 ὥς
1642 1414 1726 1439 σω-

279 1454 425 1510 τήριον
452 1455 602 1511 λύτρον
633 1458 845 1499 ἐνδύεσθε.
906 1459 996 1501 α’λλῗ
1026 1460 1124 1501 οὐδὲ
1150 1461 1223 1515 τῆς
1253 1460 1418 1512 δικαίας
1447 1461 1574 1518 ὄργῆς
1602 1465 1724 1506 ἐπελ-

278 1521 467 1576 θούσης,
507 1522 692 1578 ἐκίνησεν
738 1520 790 1565 ἂν
817 1522 870 1565 τὰ
898 1522 1093 1579 σπλάχνα
1122 1524 1243 1579 ὖμαῖν
1283 1525 1388 1582 πρὸς
1419 1528 1600 1589 εἰρήνην.
1653 1530 1724 1571 καί
1735 1550 1787 1577 20

279 1585 361 1642 γὰρ
394 1590 438 1630 ἐν
477 1587 660 1645 τοσαύτῃ
701 1589 942 1645 περιστάσει
969 1592 1010 1633 εἰ
1043 1586 1212 1646 ἄγγελος
1239 1592 1466 1648 κατήρχετο
1494 1595 1567 1635 α’π’
1594 1590 1723 1648 ούρα-

280 1654 359 1693 νοῦ
386 1655 551 1709 ἐρωτῶν
570 1653 692 1707 >ὑμᾶς
728 1656 799 1708 ,,εἰ
824 1657 1002 1710 δέχεσθε
1031 1655 1106 1713 τήν
1137 1656 1283 1699 ἕνωσιν
1309 1658 1382 1700 καί
1406 1655 1484 1714 τήν
1513 1658 1723 1715 εἰρηνικήν

279 1714 536 1761 κατάστασιν
562 1721 634 1774 τῆς
662 1719 893 1775 ἐκκλησίας,
923 1720 1058 1774 διώξω
1086 1721 1186 1772 τούς
1213 1718 1397 1780 ἐχθρούς
1424 1726 1471 1767 ἐκ
1502 1726 1575 1781 τῆς
1593 1719 1722 1773 >’πόλε-

280 1873 322 1894 ac
348 1873 480 1906 egeno,
506 1864 693 1898 columnae
717 1865 774 1897 illi
803 1865 983 1908 adstanti,
1018 1867 1153 1900 talibus
1182 1869 1307 1901 affatus
1333 1879 1413 1901 eum
1440 1867 1575 1909 verbis,
1600 1867 1722 1902 trade-

280 1914 355 1941 ret:
382 1909 563 1954 „gladium
588 1911 684 1944 hunc
707 1913 839 1957 accipe,
866 1919 902 1946 et
924 1914 1098 1958 populum
1125 1914 1183 1947 dei
1206 1914 1382 1947 vindica.“
1407 1915 1600 1961 statimque
1622 1920 1721 1960 terga

281 1954 427 1988 daturos
454 1957 613 1998 Turcos‚
656 1958 788 2003 quibus
821 1960 1043 2003 fugientibus
1070 1962 1214 1994 Romaei
1246 1973 1372 2006 magna
1397 1967 1512 2006 strage
1538 1961 1636 1995 edita
1662 1962 1721 1997 in-

280 2007 436 2044 starent,
461 2002 576 2037 donec
599 2005 682 2038 illos
707 2005 797 2038 urbe
822 2017 896 2039 non
921 2007 1057 2048 solum,
1083 2008 1146 2040 sed
1174 2009 1280 2041 etiam
1308 2020 1351 2040 ex
1374 2008 1579 2042 Occidentis
1602 2010 1720 2054 regio·—

279 2048 388 2081 nibus
430 2050 581 2096 ipsaque
605 2051 792 2093 Anatolia,
825 2052 871 2085 ad
894 2053 1013 2086 locum
1051 2065 1164 2099 usque
1189 2054 1491 2088 Monodendrium
1515 2055 1650 2088 dictum
1679 2055 1718 2089 in

280 2096 421 2127 Pet-siae
445 2097 576 2130 finibus
602 2098 710 2134 situm
725 2124 734 2139 ‚
759 2099 991 2144 expellerent.
1014 2100 1104 2133 haec
1130 2101 1263 2134 exitum
1289 2101 1455 2134 habitura
1471 2102 1546 2135 rati
1571 2101 1717 2146 quidam

281 2141 328 2173 ad
349 2143 533 2176 ecclesiam
575 2145 783 2186 currebant,
825 2146 987 2191 aliosque
1010 2148 1113 2192 sequi
1135 2147 1381 2190 hortabantur.
1406 2147 1498 2180 hanc
1523 2149 1668 2188 Romaei
1696 2159 1718 2180 a

281 2188 404 2221 multis
437 2190 508 2222 iam
537 2192 638 2225 annis
680 2192 886 2237 opinionem
903 2219 912 2234 ,
936 2199 977 2226 ut
1005 2194 1107 2227 factis
1141 2195 1356 2234 docuerunt,
1383 2192 1660 2240 praeceperant,
1686 2195 1717 2228 si

281 2240 364 2279 post
391 2246 428 2267 se
452 2238 564 2270 crucis
589 2238 790 2272 columnam
815 2240 1072 2284 relinquerent,
1097 2241 1184 2272 iram
1209 2252 1245 2273 se
1272 2240 1330 2273 dei
1351 2241 1618 2285 impendentem
1642 2241 1716 2275 suis

283 2282 481 2315 cervicibus
516 2283 768 2318 declinaturos.
804 2293 1021 2331 quapropter
1055 2287 1092 2319 in
1116 2299 1277 2331 magnam
1303 2288 1487 2320 ecclesiam
1512 2287 1715 2331 confugere,

280 2328 407 2371 templi
436 2330 559 2373 itaque
583 2331 682 2365 illius
701 2332 912 2377 amplissimi
937 2345 1014 2365 cum
1030 2333 1178 2365 inferior
1206 2345 1286 2366 area
1310 2339 1383 2366 tum
1410 2334 1609 2378 superiores
1633 2345 1716 2378 per-

282 2374 408 2417 gulae,
433 2377 632 2419 vestibula,
657 2379 843 2422 peristylia
869 2390 1063 2425 omnesque
1086 2380 1206 2424 anguli
1231 2379 1340 2412 horae
1366 2380 1471 2412 unius
1497 2380 1613 2425 spatio
1637 2385 1715 2413 tur-

281 2420 327 2452 ba
351 2421 507 2454 virorum
533 2435 573 2461 ac
595 2426 786 2458 mulierum
811 2426 953 2459 infinita
978 2427 1100 2459 referti
1115 2427 1232 2459 fuere:
1259 2426 1371 2471 portis
1401 2426 1529 2460 clausis
1554 2427 1650 2459 intus
1676 2437 1714 2459 se

279 2467 476 2500 multitudo
517 2469 596 2503 loco
621 2471 712 2504 freta
741 2473 966 2517 salutemque
991 2472 1077 2505 inde
1102 2484 1245 2518 sperans
1270 2472 1459 2507 continuit.
1477 2473 1644 2515 *infelices
1673 2483 1715 2505 ac

280 2514 402 2546 miseri
440 2515 608 2557 Romaei,
651 2518 749 2562 quod
774 2525 844 2552 tem
874 2520 948 2552 lum
981 2519 1058 2552 heri
1086 2531 1126 2552 ac
1153 2519 1413 2552 nudiustertius
1448 2520 1654 2564 speluncam
1679 2525 1714 2553 et

280 2560 393 2593 altare
418 2559 678 2596 haereticorum
709 2566 851 2610 appella
866 2565 967 2607 “atis,
1005 2566 1103 2611 quod
1130 2577 1235 2599 nemo
1261 2572 1439 2607 vestrum,
1463 2577 1508 2599 ne
1532 2566 1715 2610 polluere-

281 2611 361 2645 tur,
389 2606 514 2641 adibat
553 2609 599 2642 ob
628 2611 842 2644 celebratam
878 2614 915 2645 in
954 2623 995 2645 eo
1035 2613 1213 2657 liturgiam
1251 2611 1295 2644 ab
1327 2613 1371 2644 iis
1400 2612 1462 2656 qui
1488 2612 1714 2646 concordiam

280 2653 509 2692 ecclesiarum
545 2657 829 2700 amplectuntur,
857 2670 897 2691 eo
924 2671 1044 2699 nunc,
1078 2659 1145 2692 deo
1173 2660 1264 2692 irato
1292 2659 1509 2703 meritasque
1534 2670 1668 2703 poenas
1693 2670 1715 2692 a

278 2699 380 2732 vohis
407 2701 595 2745 exigente,
630 2704 730 2737 velut
753 2705 791 2738 in
815 2706 940 2738 salutis
969 2711 1112 2750 portum
1137 2705 1339 2749 confugitis.
1365 2705 1427 2737 sed
1453 2717 1570 2750 neque
1599 2706 1714 2739 iustae

280 2744 339 2779 dei
364 2746 437 2780 irae
460 2758 595 2793 poenas
624 2749 785 2792 luentes,
811 2751 906 2785 intra
930 2752 1065 2786 viscera
1100 2758 1216 2787 vestra
1239 2753 1337 2799 pacis
1361 2751 1539 2786 desiderio
1559 2762 1715 2786 commo-
