1916 3210
461 149 674 194 mmm
716 150 1051 194 mmmmm
1089 151 1343 195 menum.
1501 132 1616 202 435

169 253 405 296 amma-do
431 268 518 296 uno
547 255 720 297 Dimitri
744 256 1035 309 cognominato
1046 255 1167 310 ·Agan
1190 269 1268 296 con
1302 255 1448 297 lettere
1477 255 1516 296 a}
1545 257 1622 298 du·

169 310 411 357 obmutiret
456 318 498 352 et
522 312 575 352 ad
613 311 642 352 li
672 313 734 352 soi
762 312 890 352 Visiri
924 310 1115 361 Alibein,
1162 311 1371 352 Caziamot
1410 319 1453 352 et
1481 313 1622 352 Omir-

228 365 299 419 in,
320 379 407 407 con
442 366 470 407 li
516 365 628 422 quali
655 366 822 407 Dimitri
866 366 1065 406 condusse
1092 366 1131 406 la
1159 368 1472 414 commissione,
1505 382 1623 408 come

170 379 417 462 live-Adone
456 421 709 463 desiderava.
776 422 829 462 El
862 421 968 462 duca
1000 423 1143 462 Mox-at
1169 423 1319 463 mando
1346 437 1425 463 con
1454 423 1623 463 Dimitri

169 489 257 518 uno
283 476 367 518 deli
393 477 549 518 Turehi
595 477 917 532 sapientissimo,
961 477 1162 517 chia-nato
1190 479 1380 534 Catipin,
1424 493 1500 533 per
1525 480 1624 519 dare

166 538 424 574 nemineum
466 533 520 574 nd
559 531 602 574 lo
635 533 804 574 Adorno
851 533 904 572 de
935 546 1074 573 servar
1110 532 1220 573 liena
1244 541 1285 574 et
1325 534 1418 575 fede
1447 535 1558 574 eirca
1587 535 1624 575 18

166 600 268 628 cose
288 587 565 642 inpromesse,
594 595 636 629 et
665 590 819 644 pagarli
846 588 1092 628 numismata
1117 589 1150 628 L
1180 589 1293 629 milia
1320 603 1397 644 per
1421 604 1494 630 suo
1519 591 1625 630 sala-

163 641 242 682 rio>
265 649 309 683 et
332 657 409 697 per
435 643 694 698 expeditione
717 644 826 684 della
854 650 1009 683 armata
1025 674 1036 692 ,
1067 643 1143 683 che
1171 658 1215 684 se
1244 651 1432 685 trovasse
1458 645 1496 685 al
1515 651 1624 685 tem..

167 710 229 752 po
259 697 313 738 de
338 705 484 752 putato
526 700 566 740 al
593 714 714 754 passo
747 700 798 740 de
837 699 1028 753 Galipoli.
1082 700 1138 739 Et
1163 698 1208 739 lu
1236 700 1414 754 scriptor
1443 701 1495 740 de
1518 715 1624 755 que..

167 759 233 793 sta
258 753 426 794 historia
449 783 462 804 ,
492 754 568 795 che
592 770 664 810 per
691 770 766 796 suo
795 755 956 795 destino
983 769 1027 794 se
1057 761 1232 795 trovava
1254 755 1440 796 habitare
1461 757 1502 795 i'n
1528 755 1626 811 quel

165 814 311 862 tempo
339 809 405 850 ala
434 809 593 850 Fochia
622 826 751 861 nova,
780 810 819 850 fa
846 810 898 850 de
929 817 1034 850 tutte
1051 808 1089 849 le
1118 824 1213 850 cose
1240 811 1316 852 che
1344 811 1396 851 de
1422 825 1544 865 sopra
1572 812 1627 852 ha

166 865 324 917 scripto
365 865 419 905 de
455 866 605 906 veduta
647 866 874 906 indubitata
908 865 1010 909 fede.
1084 865 1260 916 Quando
1289 873 1432 921 queste
1460 881 1555 908 cose
1581 881 1626 907 se

0 918 13 970 'p
166 920 329 974 agitava
346 947 359 968 ,
394 928 563 961 enti-ava
592 921 821 962 l’autonno.
879 920 1076 960 Mustafas
1105 929 1345 961 veramente
1372 922 1624 962 intendando

0 977 10 993 ''
166 973 210 1016 le
237 988 332 1015 cose
373 975 450 1016 che
479 978 780 1030 apparechiava
808 978 968 1026 Morat,
1018 983 1061 1015 et
1093 990 1211 1015 come
1242 977 1304 1016 ala
1333 991 1443 1017 nova
1473 977 1508 1016 F
1509 978 1627 1018 ochia
1643 978 1709 1013 ¹66

170 1041 216 1070 se
243 1030 537 1085 apparechiava
566 1041 721 1072 armata
750 1039 893 1071 contra
919 1031 970 1070 de
999 1030 1070 1081 lui,
1099 1045 1141 1070 se
1163 1045 1415 1071 consumava
1442 1032 1494 1072 de
1522 1047 1625 1087 pen..

167 1086 260 1126 sieri
286 1093 328 1126 et
340 1085 411 1143 ,de
438 1101 577 1141 paura,
607 1088 814 1143 pensando
844 1088 882 1126 la
908 1101 981 1125 sna
1011 1086 1302 1127 destructione.
1331 1101 1472 1141 spesso
1502 1087 1530 1127 li
1561 1103 1627 1128 ve·

172 1139 272 1181 niva
299 1142 341 1181 in
386 1141 423 1182 la
462 1141 601 1196 lingua
647 1143 686 1183 la
714 1157 821 1183 nova
847 1141 1024 1189 Fochia,
1069 1156 1187 1181 come
1214 1142 1330 1182 caval
1357 1142 1553 1183 salvatico
1585 1150 1630 1184 et

172 1196 359 1250 superbo
403 1197 617 1238 fremente.
684 1197 992 1238 Nientedimeno
1033 1211 1105 1250 per
1143 1205 1286 1250 questo
1315 1212 1399 1237 non
1428 1212 1631 1239 mancava

167 1250 294 1292 dale
336 1259 524 1293 consuete
552 1253 718 1294 beverie
755 1259 798 1294 et
833 1252 940 1291 dalla
981 1251 1139 1290 luxuria
1166 1266 1246 1291 con
1295 1252 1445 1293 femine
1476 1259 1518 1292 et
1546 1268 1628 1294 con

173 1305 344 1347 maachi.
420 1308 570 1348 Zenait
607 1315 839 1349 veramente
866 1305 1044 1346 aldendo
1075 1314 1219 1360 queste
1247 1321 1343 1347 cose
1366 1314 1408 1347 et
1434 1308 1627 1349 conside..

173 1361 307 1402 undo
327 1361 366 1402 el
394 1362 448 1402 fin
480 1363 557 1402 che
589 1363 718 1404 havea
751 1379 774 1403 a
802 1361 993 1416 sequire,
1025 1368 1065 1401 et
1092 1362 1278 1402 vedendo
1307 1364 1487 1403 Mustafa
1514 1365 1630 1418 igna-

169 1429 226 1458 vo
250 1424 295 1457 et
324 1417 538 1471 vegliente,
567 1433 683 1473 preso
715 1418 808 1458 dala
835 1418 1022 1467 libidine,
1049 1430 1133 1456 non
1165 1418 1293 1457 hever
1321 1431 1421 1458 cura
1451 1419 1518 1458 del
1552 1419 1631 1459 ho-

169 1485 274 1513 nore
311 1473 364 1512 ne
405 1472 472 1512 del
497 1487 574 1513 suo
618 1474 797 1523 ducato,
835 1487 971 1513 ascese
1015 1473 1078 1511 nel
1113 1487 1187 1512 suo
1218 1473 1360 1527 palazo
1380 1476 1406 1525 ‚'
1425 1474 1547 1527 pieno
1576 1474 1634 1514 de

169 1528 234 1568 ira
259 1534 301 1573 et
329 1527 484 1583 sdegno
515 1529 599 1569 cosi
623 1530 823 1584 pai-lando
853 1528 974 1568 disse.
1005 1528 1044 1567 Ο
1076 1527 1223 1579 ducha,
1253 1543 1335 1568 non
1364 1529 1424 1569 sai
1454 1537 1499 1569 tu
1527 1530 1631 1570 bene

168 1582 248 1623 che
275 1584 347 1624 noi
385 1584 609 1624 solamente
651 1593 811 1625 tenemo
850 1584 890 1624 la
918 1590 1029 1624 terra
1067 1583 1143 1622 che
1170 1584 1367 1624 habitano
1395 1585 1425 1624 li
1455 1585 1627 1625 Trachi.

171 1645 278 1679 tutte
306 1637 439 1679 l'altre
467 1642 678 1694 provintie
706 1640 812 1681 della
842 1639 1042 1680 Romania
1075 1647 1223 1679 stanno
1255 1639 1297 1680 in
1327 1639 1500 1688 biIanze,
1531 1655 1627 1694 spe..

172 1693 325 1734 etando
367 1709 391 1734 a
435 1695 502 1735 chi
539 1695 708 1736 toccara
751 1696 789 1735 el
817 1695 1078 1750 principatO,
1112 1695 1260 1748 perche
1287 1697 1432 1735 Morat
1457 1696 1627 1736 attende

172 1763 250 1789 uon
293 1748 497 1790 l'aiutorio
535 1751 642 1792 dello
685 1751 918 1805 imperador
950 1750 1164 1791 ascendere
1194 1750 1271 1790 alla
1298 1751 1408 1790 sedia
1438 1758 1625 1803 paterna.

173 1817 372 1858 appresso
399 1819 518 1845 cerea
546 1806 599 1845 da
627 1805 667 1845 la
689 1807 839 1846 Natoia
867 1820 1028 1859 passure
1058 1806 1098 1844 in
1129 1806 1275 1845 Grecia
1295 1821 1374 1845 con
1406 1805 1548 1846 l'aiuto
1584 1806 1627 1846 di

174 1858 372 1899 Franchi.
432 1861 490 1900 Le
514 1861 718 1914 provintie
745 1862 797 1901 de
826 1862 1001 1901 Oriente
1029 1875 1132 1900 sono
1165 1862 1207 1900 in
1242 1861 1280 1900 le
1304 1875 1374 1900 sue
1404 1875 1541 1901 mane.
1571 1862 1629 1901 Et

175 1914 248 1954 noi
275 1914 352 1954 che
380 1923 611 1968 spectamo‚
642 1917 841 1956 sentando
881 1916 923 1955 in
949 1915 1184 1966 Andrianu,
1212 1931 1327 1955 senza
1359 1916 1628 1969 apparcchia-

175 1975 318 2010 mento
347 1971 399 2010 de
427 1985 578 2025 guerra
605 1972 656 2011 ne
683 1971 733 2011 de
756 1971 966 2025 bataglia?
1023 1971 1061 2010 A
1091 1971 1157 2010 me
1185 1986 1284 2024 pare
1312 1971 1388 2010 che
1418 1971 1489 2011 noi
1518 1972 1627 2011 anti..

177 2026 341 2078 cipamo
394 2025 430 2065 el
475 2033 614 2080 tempo
660 2033 701 2066 et
742 2040 926 2081 passamo
955 2026 999 2065 in
1027 2026 1126 2066 Asia
1151 2040 1225 2079 per
1252 2026 1297 2065 lu
1325 2026 1592 2080 Hellesponto
1614 2057 1625 2075 ‚

175 2082 312 2120 avanti
352 2080 428 2120 che
468 2082 604 2121 Morat
639 2097 756 2135 passe
801 2084 842 2122 in
889 2082 930 2121 la
972 2081 1200 2132 Romania,
1232 2087 1273 2121 et
1301 2095 1409 2121 esser
1436 2081 1559 2135 presti
1587 2089 1630 2122 et

175 2135 360 2187 solliciti,
389 2135 460 2175 azb
488 2137 527 2177 le
555 2138 764 2191 provintie
794 2145 836 2178 et
865 2137 894 2178 li
922 2137 1083 2177 exerciti
1112 2151 1190 2191 per
1216 2143 1355 2176 nostra
1383 2137 1547 2191 pigritia
1577 2137 1628 2177 de

176 2190 250 2231 noi
279 2205 364 2231 non
393 2206 437 2232 se
465 2192 608 2234 aliene.
663 2194 744 2233 Noi
771 2208 843 2247 per
868 2193 908 2232 la
932 2192 1104 2233 volunta
1131 2192 1182 2232 de
1210 2192 1278 2232 dio
1306 2192 1348 2230 in
1381 2207 1491 2232 arme
1519 2200 1559 2232 et
1584 2194 1626 2233 in
1643 2198 1707 2242 167

175 2246 324 2287 cavalli
369 2261 683 2300 sopravanzemo
727 2250 754 2288 li
800 2248 928 2288 nostri
967 2248 1215 2297 adversarii,
1245 2247 1275 2287 li
1307 2247 1416 2301 quali
1448 2248 1624 2288 aldeudo

175 2315 255 2356 pur
283 2301 322 2342 la
347 2309 498 2343 venuta
548 2311 689 2345 nostra
706 2334 717 2352 ,
746 2303 825 2344 alla
853 2318 955 2344 voce
980 2310 1118 2343 nostra
1146 2302 1378 2343 l'intellecto
1404 2317 1480 2343 suo
1511 2305 1625 2343 fran-

177 2358 271 2411 gera
299 2365 338 2397 et
365 2359 569 2399 scocciara
592 2374 708 2400 come
752 2374 907 2407 canna,
939 2365 981 2399 et
1008 2358 1036 2398 li
1069 2358 1132 2398 soi
1157 2358 1338 2413 consegli
1365 2373 1482 2399 come
1510 2360 1625 2399 fumo

177 2426 222 2452 se
261 2413 593 2467 disperderanno.
663 2417 816 2467 Queste
836 2429 859 2455 e
886 2415 1020 2455 l'altre
1050 2428 1145 2454 cose
1174 2414 1380 2454 habiando
1407 2411 1525 2455 dictov
1545 2416 1626 2454 Ze..

178 2467 296 2520 nait,
338 2470 514 2510 Mustafa
550 2470 624 2510 che
664 2473 995 2511 continuamente
1045 2484 1086 2510 se
1123 2477 1293 2509 trovava
1318 2470 1525 2510 disconcio
1560 2471 1626 2510 dal

178 2523 298 2572 vino,
342 2525 512 2566 essendo
559 2527 757 2580 alquanto
789 2527 977 2566 alleviato
1004 2525 1070 2564 dal
1098 2525 1243 2564 vinoso
1274 2525 1446 2576 cai-cho,
1477 2527 1626 2565 assent}

184 2585 225 2618 et
250 2577 374 2619 laudi)
411 2580 449 2619 el
492 2582 693 2635 conseglio
738 2582 788 2621 de
816 2583 971 2621 Zeuait.
1042 2581 1094 2621 El
1122 2579 1242 2635 quale
1287 2595 1368 2620 non
1411 2587 1525 2620 tanto
1556 2595 1628 2634 per

182 2647 322 2674 amore
350 2634 401 2675 de
427 2637 603 2676 Mustafa
632 2638 818 2676 studiava
843 2637 944 2677 farlo
973 2636 1159 2691 priucipe
1190 2636 1296 2676 della
1325 2637 1438 2684 Asia,
1470 2643 1626 2691 quanto

181 2702 257 2742 per
282 2690 407 2729 carita
446 2690 498 2731 de
539 2707 579 2731 se
623 2693 858 2736 medesimo.
913 2693 971 2732 Et
997 2691 1296 2732 considerando
1327 2693 1365 2731 la
1389 2707 1460 2732 sua
1493 2691 1626 2745 pegri-

183 2746 267 2799 tia,
299 2752 340 2785 et
367 2746 443 2787 che
473 2749 514 2787 in
545 2748 602 2788 lui
634 2763 718 2788 non
748 2763 820 2789 era
846 2747 990 2789 alcuna
1016 2749 1130 2789 virtu
1155 2748 1206 2788 ne
1235 2762 1307 2788 uso
1340 2748 1391 2789 ne
1419 2762 1546 2788 raxon
1574 2747 1627 2788 de
