1916 3210
442 145 657 188 nmen
708 133 1057 193 mmmmm
1090 142 1343 186 mCERTO.
1499 124 1574 191 43
1590 145 1616 182 ι·

165 248 260 290 vive
286 247 370 302 pist:
387 246 425 288 el
454 247 662 298 pantasia),
706 247 743 288 el
771 247 893 301 quale
920 262 990 287 era
1017 245 1209 288 turbator
1231 242 1339 284 della
1370 256 1494 297 pace,
1521 258 1618 298 spe..

167 318 218 347 ra
241 301 318 344 che
336 309 413 344 ‘tra
439 301 530 345 loro
559 303 723 358 sequirii
753 304 931 343 amicitia
961 309 1127 352 eterna,
1157 307 1200 341 et
1226 314 1308 340 con
1333 299 1380 340 lu
1409 299 1619 340 adiutorio

163 358 219 401 de
243 357 469 408 l’nltissimo
495 360 565 400 dio
596 359 847 399 constituet-{1
877 357 1014 413 quello
1046 357 1118 398 nel
1142 356 1289 397 ducato
1316 361 1512 409 paterno.
1572 357 1620 396 In

224 415 314 455 esto
352 421 494 468 tempo
539 414 718 454 Mustafa
763 414 970 454 habiando
1005 414 1085 453 ben
1129 412 1291 454 munita
1331 409 1372 450 la
1412 417 1525 450 terra
1566 410 1626 451 de>

205 468 377 524 alipoli,
425 470 463 509 cl
501 469 726 523 municipio
768 476 808 509 et
837 469 875 509 la
908 477 1022 509 torre
1051 469 1131 509 sita
1154 465 1218 508 sul
1244 473 1398 521 porto,
1425 466 1627 507 fece-uno-

165 523 375 580 mpitanio
401 523 509 565 della
557 526 708 579 grande
736 533 904 566 armata.
968 525 1024 564 Et
1053 525 1158 564 bene
1184 522 1376 562 ordinate
1405 521 1458 562 da
1485 521 1622 575 quella

166 586 288 635 purte
314 581 354 620 le
380 593 472 620 cose
505 579 558 620 da
586 595 699 620 mare
733 587 775 620 et
798 581 850 620 da
875 588 1004 628 terra,
1036 579 1141 619 ando
1169 579 1211 618 in
1240 576 1547 631 Andrinopoli,
1579 583 1622 618 et

163 635 319 677 intrato
350 633 416 676 nel
447 635 602 689 grande
631 636 771 689 palazo
803 636 867 675 del
899 635 1034 674 ducha
1062 633 1343 682 Mechemeffl,
1373 647 1447 672 suo
1474 631 1622 672 fratel-

163 688 209 733 lo*
239 688 391 740 morto,
425 691 548 730 trovb
579 690 892 744 incomparabili
918 690 1102 741 mesori,
1132 688 1262 728 multa
1292 687 1543 742 supellectile
1570 687 1623 729 de

162 745 294 786 ricchi
321 745 553 786 vestimenti
586 747 637 786 de
669 761 750 786 oro
781 754 821 785 et
853 747 902 785 de
932 751 1031 794 sete,
1061 744 1179 799 perle
1206 751 1246 784 et
1273 743 1360 784 zoie
1387 743 1439 783 de
1470 744 1622 784 inexti-

162 799 314 841 mabile
343 799 514 852 valore,
544 802 692 842 semine
721 802 830 841 belle
859 809 899 840 et
928 801 1099 851 decore,
1138 799 1285 839 zovani
1316 799 1370 840 de
1397 797 1504 839 bella
1533 799 1624 839 fac..

161 854 226 896 cia
252 862 296 896 et
331 870 509 910 persone
558 859 688 897 molto
737 858 922 896 formosi.
979 856 1126 895 Sediva
1155 855 1345 909 adunque
1375 854 1555 894 Mustafa
1580 856 1623 894 in

162 925 279 952 mezo
338 917 452 951 ueste
477 912 616 953 delitie
649 921 689 952 et
728 913 1012 952 abbundantia
1038 911 1089 950 de
1114 918 1220 950 tutte
1249 912 1284 950 le
1313 924 1408 950 cose
1437 909 1626 950 allective

160 965 269 1007 della*
297 965 326 1006 li
358 967 480 1014 idme,
511 968 700 1008 bevendo
730 974 773 1007 et
802 966 1076 1007 luxuriando:
1107 966 1158 1005 de
1183 965 1343 1005 l'animo
1368 972 1409 1005 et
1437 964 1504 1004 del
1528 979 1626 1005 cor·

0 1048 22 1070 ,ἢ
160 1035 220 1076 po
249 1027 367 1062 tanto
399 1022 578 1063 deventi)
610 1023 740 1064 inerte
769 1030 808 1063 et
832 1022 913 1063 vile
939 1022 1014 1062 che
1038 1022 1110 1075 pisi
1141 1036 1221 1061 non
1251 1035 1400 1061 curava
1430 1019 1628 1074 ampliare

0 1080 29 1151 k
161 1076 202 1117 el
228 1090 302 1118 suo
348 1079 576 1133 principato
596 1107 608 1130 ‚
633 1079 683 1118 ne
709 1078 779 1118 alli
818 1077 914 1117 mali
944 1077 1020 1117 che
1046 1077 1074 1116 li
1102 1077 1252 1130 podiva
1282 1076 1443 1131 sequire
1470 1090 1628 1130 prove-

0 1205 11 1243 ἱ

161 1131 275 1172 diva.
333 1134 473 1172 Morat
519 1140 756 1174 veramente
782 1133 951 1173 essendo
981 1146 1132 1172 zovane
1157 1132 1208 1171 de
1236 1131 1334 1171 anni
1362 1131 1463 1171 vinti
1492 1139 1627 1172 sente-

161 1202 215 1228 va
247 1185 290 1229 in
315 1188 472 1231 Pursia.
529 1189 584 1229 Et
612 1189 770 1229 benche
798 1188 929 1228 anche
958 1187 1016 1227 lui
1044 1186 1212 1227 havesse
1242 1187 1435 1227 allentato
1465 1186 1504 1227 le
1531 1187 1705 1231 bre-158

161 1243 242 1298 glie
270 1241 351 1283 allo
381 1245 589 1299 appetito,
623 1244 702 1284 alle
729 1244 891 1283 beverie
919 1250 959 1283 et
983 1241 1062 1282 alla
1091 1242 1276 1292 libidine,
1306 1257 1388 1282 non
1417 1255 1522 1295 pero
1551 1257 1626 1283 era

6 1341 9 1347 ,
159 1313 278 1339 senza
304 1299 509 1352 -pensiero
549 1306 592 1339 et
628 1314 746 1339 senza
790 1313 903 1338 cura.
950 1305 1015 1337 tra
1062 1297 1196 1337 l'oscio
1225 1304 1266 1337 et
1293 1297 1333 1337 le
1359 1296 1524 1337 lascivie
1548 1313 1627 1352 pur

0 1327 9 1391 l
158 1367 336 1408 pensam
365 1353 440 1394 che
470 1353 537 1394 del
569 1354 764 1401 duellam,
797 1353 874 1393 cbe
903 1367 978 1393 suo
1008 1359 1122 1406 patre
1148 1352 1389 1406 possedeva‚
1417 1351 1456 1391 la
1485 1367 1627 1395 mazor

0 1422 15 1462 {g
157 1415 282 1464 parte
307 1408 435 1449 havea
468 1423 589 1463 perso
618 1424 736 1449 senza
758 1408 956 1462 bataglia3
984 1415 1026 1448 et
1055 1422 1140 1461 pur
1170 1422 1347 1448 conseco
1364 1409 1496 1448 havea
1527 1411 1627 1450 tutti

0 1464 11 1482 ”
85 1473 89 1478 ‘
158 1465 187 1510 li
214 1463 372 1518 signori
402 1472 569 1518 excepto
597 1465 796 1512 Paiasith‚
830 1464 868 1503 el
898 1464 1039 1517 quale,
1062 1477 1184 1503 come
1212 1463 1388 1504 havemo
1415 1463 1628 1517 predicto,

157 1520 202 1560 fo
230 1524 386 1562 morto.
457 1520 514 1560 Et
549 1519 758 1559 habiando
801 1521 933 1559 inteso
964 1518 1064 1558 ch'el
1105 1518 1227 1558 castel
1256 1518 1308 1559 de
1341 1519 1525 1574 Galipoli
1555 1536 1629 1562 era

157 1588 277 1630 perso
305 1581 346 1614 et
376 1575 572 1615 Lioudari
618 1590 696 1615 con
743 1573 1029 1614 malivolentia
1056 1589 1123 1614 era
1153 1576 1305 1628 partito
1335 1581 1377 1615 et
1406 1582 1573 1617 tornato
1603 1591 1629 1616 a

157 1629 553 1684 Constantinopoli,
584 1638 623 1670 et
652 1631 727 1670 che
754 1629 930 1670 Mustafa
974 1644 1014 1670 se
1043 1644 1113 1669 era
1142 1625 1237 1670 dato
1265 1629 1556 1672 alle·sdravize
1585 1641 1629 1673 et-

159 1686 224 1727 ala
252 1683 416 1725 luxuria
460 1701 578 1725 senza
607 1686 733 1726 havet*
759 1685 906 1725 alcuna
942 1699 1040 1725 cura
1070 1685 1136 1725 del
1167 1682 1420 1739 principato,
1449 1694 1491 1727 et
1521 1702 1627 1728 con-

158 1741 310 1782 sultam
346 1740 385 1779 la
419 1754 516 1781 cosa
555 1755 627 1780 con
659 1742 671 1780 i
697 1742 756 1780 soi
793 1741 958 1795 satrapi.
1008 1740 1146 1794 quello
1175 1737 1379 1795 conseglio
1406 1757 1524 1796 prese
1553 1758 1629 1796 per

158 1809 409 1850 recuperare
455 1795 491 1835 el
523 1810 598 1835 suo
629 1796 803 1846 ducato,
837 1796 912 1835 che
942 1809 984 1835 se
1008 1795 1139 1836 havea
1168 1799 1395 1850 impensato
1426 1799 1466 1838 lo
1494 1802 1627 1851 impe-

158 1852 286 1892 rado:-
313 1864 386 1904 per
427 1851 680 1907 reaquistare
721 1851 759 1890 el
786 1865 862 1890 suo
908 1851 1094 1904 imperio.
1151 1852 1209 1891 Et
1239 1852 1390 1891 mando
1420 1853 1471 1892 ad
1500 1855 1627 1894 Ema-

159 1906 257 1947 nuel
276 1937 291 1950 ,.
310 1936 323 1947 .
342 1934 353 1944 .
375 1936 386 1948 .
410 1932 422 1943 .
439 1936 452 1948 .
483 1905 534 1945 de
562 1906 625 1945 Ali
653 1906 794 1954 Baxia‚
823 1906 887 1945 del
924 1907 1045 1959 quale
1075 1909 1212 1946 avanti
1244 1908 1420 1947 havemo
1450 1910 1627 1960 parlato-

158 1960 273 2015 dopo
299 1961 339 2000 la
382 1967 517 2000 morte
554 1960 604 2000 de
632 1961 813 2001 Paiasith
840 1967 986 2014 questo
1023 1961 1063 2000 fo
1090 1962 1199 2002 facto
1227 1965 1362 2015 primo
1390 1963 1485 2003 delli
1508 1966 1628 2017 prin-

157 2017 239 2071 cipi
265 2023 306 2057 et
337 2015 469 2070 iudice
510 2015 562 2055 de
594 2017 750 2060 Morat.
807 2017 863 2056 Et
900 2016 1035 2069 prima
1065 2025 1210 2071 questo
1239 2017 1375 2057 Braim
1398 2019 1626 2060 ambaxado

158 2086 280 2114 zonse
315 2086 337 2111 a
376 2071 739 2125 Constantinopoli
763 2072 853 2112 che
875 2071 917 2111 lo
942 2072 1213 2113 ambaxadore
1242 2072 1352 2113 dello
1386 2074 1626 2128 imperador

158 2142 201 2168 se
219 2129 384 2183 partisse
422 2141 493 2179 per
520 2127 648 2166 andar
672 2128 711 2167 al
747 2127 880 2167 ducha
927 2129 1083 2167 Morat.
1146 2129 1474 2169 Presentandose
1510 2129 1627 2170 l’am-

156 2183 357 2223 hassador
382 2181 446 2222 del
466 2197 471 2202 ·
488 2183 621 2222 ducha
648 2185 787 2222 Morat
827 2197 907 2222 con
935 2181 1072 2237 alegra
1109 2183 1234 2223 faccia
1262 2183 1299 2222 al
1323 2192 1543 2239 conspecto
1573 2186 1626 2226 de

156 2237 199 2278 10
228 2237 488 2292 imperador‚
517 2239 738 2292 premendo
771 2245 812 2278 et
842 2239 1134 2278 dissimulando
1157 2239 1199 2279 lo
1230 2239 1358 2279 hodio
1388 2248 1427 2279 et
1456 2241 1494 2280 la
1516 2241 1626 2281 mala

154 2293 331 2334 volunt&
357 2294 432 2333 che
458 2293 584 2333 havea
617 2292 683 2333 nel
703 2308 803 2334 core
825 2301 966 2333 contra
991 2294 1030 2333 lo
1069 2294 1299 2348 imperador
1327 2309 1401 2347 per
1424 2295 1462 2335 la
1488 2297 1624 2336 suble-

157 2350 322 2390 vatione
346 2349 397 2388 de
430 2349 602 2388 Mustafa
620 2379 631 2398 ,
660 2363 739 2388 con
772 2348 924 2388 humile
954 2356 994 2388 et
1019 2357 1230 2389 mansueta
1254 2350 1437 2391 oratione
1467 2351 1622 2405 suppli-

158 2419 259 2445 cava
290 2404 573 2457 l’imperadove
596 2404 673 2444 che
697 2405 852 2444 volesse
882 2404 979 2444 dare
1021 2405 1225 2445 adiutorio
1254 2406 1293 2445 al
1320 2406 1456 2447 ducha
1485 2409 1703 2463 Morat159

158 2460 211 2501 ad
237 2473 477 2513 recuperare
505 2459 539 2499 el
569 2459 748 2499 duchato
770 2467 942 2513 paterno
971 2460 1021 2499 de
1044 2475 1140 2499 'man
1163 2461 1215 2500 de
1245 2462 1420 2501 Mustasa
1437 2494 1448 2511 ‚
1479 2470 1518 2502 et
1546 2463 1623 2504 che

158 2515 297 2570 quello
326 2516 401 2554 elie
434 2529 503 2554 era
541 2516 835 2562 intravenuto‚
878 2529 946 2554 era
976 2518 1135 2570 sequito
1166 2531 1244 2570 per
1274 2516 1392 2570 colpa
1419 2518 1469 2558 de
1504 2519 1622 2559 Paia-

160 2569 258 2610 sith.
317 2572 364 2611 Li
399 2570 515 2609 Greci
548 2578 799 2622 veramente,
830 2578 868 2609 et
901 2571 1031 2610 anche
1063 2571 1099 2611 el
1129 2586 1202 2611 suo
1231 2573 1370 2626 signor
1398 2588 1528 2614 sonno
1558 2575 1623 2613 in-

160 2628 341 2666 nocenti.
401 2627 470 2664 Ma
499 2639 577 2666 con
612 2626 769 2679 piccola
801 2627 973 2679 inpensa
1015 2634 1055 2666 et
1082 2628 1233 2681 fatiga,
1261 2643 1303 2667 se
1333 2629 1368 2667 la
1398 2637 1468 2668 tua
1499 2630 1623 2669 maie-

159 2682 221 2721 sta
253 2683 398 2728 von-31,
431 2683 646 2734 ·riponer?21
678 2683 714 2721 el
743 2683 846 2721 duca
883 2684 1023 2721 Morat
1056 2682 1120 2722 nel
1153 2684 1381 2737 principato
1412 2692 1587 2738 paterno
1608 2714 1620 2735 ,

159 2750 278 2778 come
306 2738 514 2792 iteponesti
544 2738 610 2777 nel
638 2739 871 2793 principato
901 2738 1161 2779 Mechemeth
1184 2753 1259 2780 suo
1286 2746 1402 2794 patre
1417 2771 1429 2792 ,
1457 2740 1621 2780 comba*
