1890 3204
317 160 432 215 622
733 198 738 205 -
766 176 768 182 ’
889 174 1173 231 nmmum

316 291 395 320 nus
432 291 458 319 a
486 277 748 320 Vuleoviczio
785 289 868 317 non
909 275 1109 317 ducebat:
1153 275 1286 316 Maria
1327 277 1438 316 enim
1466 277 1633 333 Georgii
1678 278 1762 321 filia

316 343 437 375 natus
476 348 558 375 non
586 341 672 374 erat
702 332 975 379 Mehemetes‚
1015 330 1086 371 sed
1115 330 1272 371 ancilla.
1300 331 1476 372 videnda
1506 346 1613 388 quae
1634 346 1760 390 supra

317 390 367 430 ad
395 404 483 443 cap.¹
512 390 565 429 50
609 389 799 429 diximus.¹
831 387 927 426 hinc
958 385 1145 439 colligere
1170 400 1385 439 possumus
1415 392 1537 441 quain
1565 388 1760 429 noxie-nc

315 444 508 498 pestilens
544 445 595 484 sit
634 451 722 482 arta
757 442 876 481 nimis
917 441 1086 481 societas
1126 455 1221 480 cum
1248 448 1369 495 gente
1396 442 1659 492 Tureormn,
1681 445 1764 500 'qni

317 514 364 540 ex
393 499 463 540 tali
508 505 719 539 contracto
751 497 1009 537 matrimonio
1056 497 1116 535 ius
1158 496 1234 535 sibi
1271 498 1514 551 acquisitum
1539 498 1759 539 iactabant.

317 553 488 595 affinitas
524 568 571 593 ac
610 553 772 592 foedera
813 551 881 591 illa
921 551 1068 605 procul
1117 550 1305 604 fugienda
1335 559 1478 600 erant,
1528 553 1765 601 Christianis

315 611 556 664 praecipue,
585 610 655 662 qui
695 607 734 646 in
774 614 930 647 certam
958 605 1185 660 perniciem·
1209 604 1287 646 illis
1316 607 1596 648 trahebantur.
1626 607 1767 662 pacem

315 672 450 706 tamen
478 678 525 703 ac
551 664 796 709 societatem,
828 661 966 716 quales
993 674 1085 701 cum
1116 662 1263 700 ceteris
1293 662 1549 703 intercedunt
1567 662 1765 704 Christia-

315 721 378 759 nis
388 751 400 770 ‚
428 732 521 758 cum
551 717 630 757 illis
658 717 763 756 inire
789 724 829 756 et
857 717 1007 771 pacisci
1038 715 1194 756 licitum
1224 723 1263 755 et
1293 717 1548 758 commerciis
1573 722 1762 759 tractan-

317 775 377 815 dis
420 774 520 813 utile
558 778 679 826 atque
719 772 994 812 commodum.
1039 771 1097 811 fas
1126 771 1248 810 etiam
1282 771 1480 812 adversus
1508 773 1766 826 usurpatoris

315 831 503 869 iniustam
543 829 791 867 invasionem
834 826 929 867 illos
965 826 1162 877 obiicere3
1202 839 1277 865 nec
1312 827 1523 881 aequitatis
1557 827 1764 868 studiosus

316 898 454 938 regem
482 889 554 923 aut
582 881 884 935 rempublicam,
912 883 982 936 qui
1011 882 1277 934 repugnando
1307 882 1439 935 impar
1465 883 1656 928 adversus
1683 897 1763 937 po-

314 940 532 980 tentiorem
562 938 822 978 invadentem
845 937 1001 977 hostem
1030 935 1176 975 auxilia
1202 936 1297 976 inde
1327 937 1404 976 sibi
1432 937 1654 990 paraverit,
1671 948 1765 978 'me-

313 996 393 1034 rito
429 993 733 1046 reprehendere
761 999 902 1046 potest.
933 998 1074 1046 peceat
1102 992 1171 1044 qui
1197 991 1766 1045 aggrediendo'adversariuin

315 1050 444 1102 adigit
470 1047 523 1088 ad
550 1048 650 1088 tales
676 1054 928 1100 protectores
970 1053 1009 1086 et
1038 1045 1242 1085 adiutores
1269 1047 1494 1101 confugere
1517 1046 1692 1088 et²viam
1717 1049 1767 1088 iis

314 1105 365 1143 ad
394 1110 552 1144 nostras
570 1103 809 1156 provincias
835 1101 1088 1156 occupandas
1105 1108 1305 1142 sternere:
1332 1102 1534 1157 quidquid
1562 1103 1767 1142 eninr-'uni

313 1161 418 1215 perit
449 1159 628 1212 principi
653 1158 911 1205 Christiano,
946 1156 1135 1196 omnibus
1161 1157 1280 1209 perit.
1592 1154 1595 1156 ’
1719 1164 1722 1171 ’

329 1223 333 1229 ’
426 1215 476 1255 Ρ.
508 1215 605 1268 517,
636 1214 703 1253 23.
758 1208 961 1252 εἰσελθών
1003 1209 1050 1251 δὲ
1083 1210 1130 1250 ἐν
1157 1211 1212 1264 τῇ
1241 1206 1376 1265 πόλει]
1431 1211 1496 1251 De
1523 1210 1711 1255 aedificiis
1739 1226 1764 1252 a

315 1270 546 1310 Mehernete
592 1268 709 1322 Cpoli
747 1266 993 1308 constructis
1034 1265 1245 1306 adeundus
1270 1266 1432 1306 Leuncl.
1471 1265 1543 1314 lib,
1577 1269 1626 1311 15
1653 1273 1694 1307 et
1720 1269 1765 1308 i‘n

316 1324 538 1366 Pandectis
566 1338 656 1378 cap.
697 1323 784 1388 159.
1256 1339 1258 1341 >
1618 1319 1620 1321 ’

387 1383 390 1388 ’
426 1380 482 1419 Ρ.
513 1378 610 1428 318,
639 1392 696 1418 12.
729 1375 892 1428 ἔμαθον
919 1374 1035 1429 παρὰ
1062 1373 1204 1429 τινῶν]
1261 1375 1568 1417 Advertendum
1597 1383 1658 1418 cst
1683 1377 1766 1418 Mi-

318 1434 497 1475 chaelem
540 1432 835 1485 Palaeologum
880 1433 1062 1484 primum
1100 1430 1207 1469 diem
1245 1431 1390 1471 obiisse
1418 1445 1525 1471 anno
1563 1431 1694 1481 1283,
1721 1439 1770 1472 ut

319 1504 405 1543 cap.
423 1499 447 1528 ὑ.
477 1489 518 1527 in
536 1490 716 1541 margine
731 1487 1013 1526 adnotavimus
1032 1499 1044 1537 ς
1064 1485 1266 1538 etiamque
1281 1486 1440 1525 Turcos
1468 1486 1647 1540 coepisse
1671 1492 1770 1527 tunc

320 1545 443 1584 Asiae
470 1543 641 1582 minoris
668 1542 847 1582 themata
872 1541 1031 1580 residua
1058 1540 1235 1592 diripere
1263 1554 1312 1578 ac
1338 1539 1589 1593 depraedari.
1628 1541 1768 1583 ¹Erto-

320 1597 411 1653 grul
440 1598 658 1637 Othmanis
694 1603 814 1652 pater
853 1596 954 1636 vivis
984 1600 1191 1647 exemptus
1230 1602 1289 1634 est
1318 1609 1426 1634 anno
1458 1596 1768 1652 Reginae-687,

320 1654 389 1707 qui
417 1653 553 1706 coepit
592 1667 699 1692 anno
733 1652 885 1691 Christi
920 1650 1047 1702 1288,
1095 1649 1312 1689 Februarii
1341 1649 1393 1700 5,
1421 1650 1492 1694 fer.
1520 1652 1561 1692 5.
1590 1658 1769 1706 tuncque

319 1709 465 1763 agebat
491 1708 671 1746 Othman
700 1720 852 1746 annum
880 1706 946 1755 35,
975 1705 1031 1744 ita
1059 1711 1104 1744 ut
1137 1705 1340 1758 principia
1368 1704 1534 1745 militiae
1562 1704 1668 1746 illius
1698 1721 1768 1746 su-

319 1764 494 1817 perstite
524 1762 657 1802 adhue
687 1760 904 1815 Ertogrule
933 1774 1026 1799 cum
1057 1759 1267 1799 Michaelis
1295 1758 1417 1813 primi
1445 1759 1675 1817 Palaeologi
1702 1762 1768 1802 ul-

322 1819 431 1859 timis
456 1817 710 1871 temporibus
738 1821 983 1869 congruant.

327 1880 329 1882 ’
431 1873 481 1912 P.
513 1872 607 1923 318,
628 1872 698 1912 23.
755 1869 946 1922 ἑλέγχετο
967 1867 1071 1924 γάρ]
1129 1871 1215 1910 Non
1246 1869 1378 1909 solum
1409 1869 1582 1910 Michael
1610 1873 1767 1911 consci-

322 1928 455 1968 entiae
494 1928 666 1967 stimulis
713 1926 954 1977 vexabatur,
999 1927 1068 1965 sed
1093 1933 1133 1965 et
1164 1925 1266 1965 filius
1296 1926 1381 1964 eius
1406 1925 1688 1978 Andronicus,
1716 1927 1770 1966 ob

322 1989 576 2024 excaecatum
617 1989 660 2022 et
696 1982 864 2035 imperio
902 1980 1116 2034 spoliatum
1160 1987 1301 2020 contra
1339 1979 1401 2019 ius
1431 1979 1769 2035 iurisiurandique

322 2044 621 2078 sacramentum
654 2037 877 2076 Iohannem
907 2037 1129 2076 Lascarim.
1163 2034 1416 2089 Nicephorus
1455 2037 1663 2089 Gregoras
1692 2036 1766 2076 lib.

324 2094 351 2134 6
379 2092 590 2133 adeundus
619 2106 706 2146 cap.
737 2107 778 2146 7.

438 2147 489 2190 P.
521 2149 615 2201 319,
644 2161 684 2186 2.
742 2143 787 2186 τὸ
815 2148 1012 2196 μαντεῖον
1041 2138 1136 2199 οὖν]
1194 2145 1285 2186 Vox
1305 2146 1376 2184 ista
1405 2145 1578 2184 conficta
1605 2144 1769 2198 procul-

324 2203 451 2242 dubio
482 2202 534 2242 ab
573 2201 652 2241 illis
679 2202 749 2256 qui
785 2202 938 2240 ultimis
982 2200 1170 2240 Iohannis
1202 2199 1541 2253 Palaeologorum
1578 2201 1767 2252 postremi

328 2258 469 2297 diebus
520 2271 586 2296 res
623 2258 878 2296 Graecorum
920 2256 970 2295 ad
1016 2255 1179 2295 exitium
1219 2254 1412 2294 adductas
1453 2255 1697 2302 cernebant,
1729 2262 1768 2294 et

327 2307 436 2364 ἄκρα
479 2315 669 2363 στοιχεῖα
712 2313 956 2365 accipientes
1002 2311 1212 2349 nominum
1253 2309 1590 2365 Palaeologorum*
1615 2311 1683 2362 qui
1715 2310 1768 2348 ab

327 2382 433 2407 anno
470 2367 572 2407 1258
593 2374 840 2420 regnarunt,
870 2366 1077 2406 Michaelis
1097 2367 1137 2413 1,
1169 2364 1394 2404 Andronici
1414 2365 1454 2415 Ι,
1483 2363 1696 2404 Michaelis
1716 2366 1767 2415 11,

327 2421 555 2462 Andronici
583 2422 648 2470 11,
690 2422 883 2461 Iohannis
917 2423 963 2468 1,
1009 2419 1209 2460 Manuelis
1242 2427 1281 2459 et
1308 2419 1497 2458 Iohannis
1527 2419 1598 2468 11,
1628 2432 1768 2459 vocem

327 2478 438 2516 illam
464 2476 565 2516 nihil
602 2477 893 2529 significantem
907 2478 1104 2515 Minium
1151 2481 1480 2528 composuerunt.
1516 2487 1560 2513 ex
1589 2475 1767 2527 Gregora

329 2533 514 2585 equidem
546 2530 732 2570 discimus
767 2531 1020 2584 temporibus
1050 2530 1260 2569 Michaelis
1285 2529 1622 2582 Palaeologorum
1648 2530 1767 2581 primi

329 2586 490 2627 oracula
531 2586 713 2639 quaesita
755 2587 902 2633 fuisse,
947 2587 1089 2640 hisque
1119 2586 1275 2637 ineptiis
1302 2591 1340 2623 et
1369 2583 1588 2636 praestigiis
1614 2584 1768 2623 animos

329 2656 434 2691 suos,
465 2655 544 2680 non
565 2642 846 2693 superstitione
877 2642 1005 2681 solum
1036 2639 1240 2694 perculsos
1278 2639 1345 2678 sed
1375 2645 1417 2678 et
1448 2639 1603 2676 imavia
1629 2646 1668 2678 et
1697 2650 1767 2678 so..

330 2697 469 2737 cordia
504 2695 708 2747 deiectos,
743 2697 917 2736 Graecos
944 2697 1111 2750 pavisse.
1132 2694 1340 2734 adeundus
1365 2692 1431 2732 ille
1459 2654 1527 2732 lib.
1560 2693 1607 2744 5,
1639 2693 1769 2734 tribus

332 2754 432 2792 locis
460 2765 540 2791 non
568 2750 687 2804 longe
720 2765 743 2790 a
771 2751 861 2794 fine.
1689 2755 1691 2757 ’
