1890 3204
299 130 408 206 592
872 147 1162 191 numum

294 246 389 287 dere
409 254 615 302 pateretur
639 261 737 288 neve
767 246 924 299 fhedae
954 246 1081 298 gentis
1106 243 1245 299 opibus
1274 256 1392 298 regno
1421 244 1652 300 dicerem,
1681 250 1742 294 ad

292 302 539 355 Sigismundi
572 313 688 357 opem
732 302 910 354 confugit
927 331 940 350 ‚
978 307 1051 339 etc.
1094 299 1308 339 Laconcius
1349 313 1436 340 cum
1475 304 1653 344 exercitu
1677 305 1742 346 ad

293 358 485 397 tuendum
506 358 687 398 Merkem
712 358 845 395 missus
869 370 897 394 a
932 356 1070 394 Tur-cis
1096 363 1134 394 et
1153 354 1195 393 V
1193 355 1346 394 alachis
1371 367 1503 394 caesus
1528 366 1598 402 esc,
1625 357 1741 401 Lao..

293 412 410 451 nicus
437 411 510 451 lib.
549 411 576 464 4
602 412 652 451 de
683 411 827 464 Myrke
856 417 896 448 et
925 410 1046 449 'Pano
1085 409 1361 459 verba-facit,
1395 423 1569 462 quornm
1595 411 1742 468 opibus⁴

292 473 334 506 et
359 465 517 506 auxiliis
546 481 639 506 usus
672 472 730 504 est
758 466 895 504 Moses·
917 464 1109 504 adversus
1140 463 1456 503 Musulmanum.
1489 465 1556 506 lib.
1586 467 1611 507 5
1631 466 1740 508 Dra.

291 521 442 561 culium
472 522 522 560 ab
554 519 771 560 Hunniade
799 519 970 571 victum,
1004 526 1045 559 et
1057 520 1204 558 Daciae
1231 532 1299 557 seu
1327 519 1547 560 Valachiae
1573 521 1738 569 Danum

290 577 568 629 praepositum
600 575 741 624 fuisse,
782 575 851 628 qui
879 588 1022 614 omnes
1051 573 1235 613 Draculii
1264 575 1578 628 consanguineos
1609 583 1649 617 et
1675 577 1745 617 af-

292 632 392 670 lines
421 630 595 680 occidit3
625 630 695 683 qui
736 629 851 668 ducis
877 631 1044 683 Myrxae
1073 628 1143 668 filii
1167 619 1289 684 ‘nothi
1319 637 1463 679 erant,
1495 631 1552 670 ait
1579 629 1738 672 Leoni..

293 699 380 724 cus.
421 700 466 724 ex
493 685 677 724 Iohanne
717 698 818 724 vero
848 683 1068 724 Thwrozio
1107 683 1298 723 discimus
1331 691 1421 736 post
1449 683 1606 731 cladem
1630 687 1738 727 var-

291 754 460 780 nensem
489 740 540 778 ab
572 740 778 793 Hungaris
809 746 1019 792 acceptam
1055 738 1278 778 iohannem
1304 738 1562 778 Hunniadem
1589 740 1739 782 Co'rvi-

290 808 390 833 num
434 795 527 848 fuga
566 794 738 833 salutem
763 794 838 833 sibi
873 800 1137 848 quaerentem
1182 795 1223 832 in
1252 793 1511 835 Walachiam
1536 797 1737 847 evasisse,

291 849 429 903 ibique
456 864 479 888 a
508 849 701 888 Draculio
722 848 914 889 Vaivoda
942 854 1105 902 captum
1135 845 1370 900 aliquandiu
1398 848 1605 891 detentum
1637 851 1736 891 fuis-

156 915 192 949 Ρ,
208 914 274 949 253
290 919 348 944 se.
379 904 450 943 tali
478 904 630 943 iniuria
660 911 836 957 accepta,
868 903 927 943 ira
955 906 1141 943 incensus
1171 903 1411 943 Hunniades
1442 905 1484 942 in
1501 905 1740 945 Draculium

288 973 398 999 anno
424 958 528 1011 1446
541 965 694 1010 movet,
723 966 970 1013 captumque
983 973 1075 998 cum
1104 959 1185 997 tilio
1206 960 1291 997 eius
1317 959 1590 1012 primogenito
1604 961 1737 1014 capite

289 1013 459 1068 plectit,
489 1015 597 1053 Dani
625 1027 789 1068 quoque
813 1014 1021 1054 Vaivodae
1052 1013 1179 1052 filium
1207 1012 1429 1053 luminibus
1455 1015 1740 1067 privat..Lao-

287 1065 404 1108 nicus
433 1068 504 1108 lib.
527 1084 549 1124 7
584 1068 636 1108 de
662 1076 783 1123 capto
814 1083 836 1108 a
866 1069 1063 1108 Draculio
1096 1068 1309 1108 Hunniade
1331 1069 1452 1108 etiam
1481 1068 1664 1120 disseritj
1697 1077 1739 1111 et

286 1123 396 1164 hunc
428 1123 468 1162 in
497 1124 629 1163 Dacos
671 1124 866 1174 movisse,
893 1131 940 1164 ut
973 1124 1138 1163 Danum
1187 1123 1229 1162 in
1270 1123 1565 1177 possessionem
1593 1125 1735 1165 Wala-

289 1177 404 1218 chiae
431 1180 628 1218 mitteret.
656 1179 752 1219 belli
787 1180 916 1218 exitus
945 1178 978 1219 is
1018 1178 1121 1218 fuit:
1151 1178 1252 1219 Daci
1277 1177 1521 1217 Draculium
1546 1177 1738 1220 deserunt

290 1239 329 1274 et
358 1232 411 1273 ad
441 1234 603 1273 Danum
645 1234 934 1288 transfugiunt.
997 1234 1209 1274 Draculius
1244 1247 1268 1272 a
1293 1234 1376 1272 suis
1403 1231 1589 1278 desertus
1613 1234 1744 1288 fugae.

289 1302 332 1327 se
360 1288 557 1340 mandat,
597 1302 620 1327 a
663 1303 744 1342 qua
784 1303 859 1343 per
885 1291 1077 1339 Danum,
1121 1289 1194 1342 qui
1222 1302 1316 1328 eum
1348 1289 1547 1328 insecutus
1575 1288 1710 1331 fuerat
1722 1318 1744 1338 ,1

290 1344 546 1393 retrahitur,
586 1343 638 1382 ab
680 1357 810 1398 eoque
847 1358 931 1382 una
970 1357 1064 1383 cum
1100 1343 1182 1383 filio
1214 1342 1471 1383 interficitur.
1515 1349 1586 1382 aut
1616 1344 1739 1398 igitur

292 1398 496 1437 Laonicus
531 1397 581 1436 de
612 1399 730 1438 Dauo
761 1399 838 1438 isto
865 1398 963 1437 falsa
996 1398 1160 1446 scribit,
1197 1406 1266 1438 aut
1294 1397 1398 1438 duos
1426 1397 1547 1437 fuisse
1574 1412 1738 1439 necesse

292 1459 380 1503 est,
415 1467 542 1491 unum
585 1454 694 1491 iuxta
734 1453 1010 1506 Hungaricam
1053 1452 1277 1503 historiam,
1320 1459 1574 1491 excaecatum
1593 1483 1605 1504 ‚
1634 1454 1737 1493 alte-

293 1521 412 1556 rum,
444 1508 514 1559 qui
545 1508 656 1546 iuxta
684 1508 911 1547 Laonicum
941 1508 1184 1546 Draculium
1214 1507 1430 1546 interfecit.
1449 1506 1510 1544 *de
1541 1506 1602 1546 his
1631 1508 1737 1547 Mir-

289 1561 341 1600 ke
369 1568 408 1600 et
435 1562 556 1601 Dano
596 1576 723 1614 pauca
765 1563 1028 1602 Leunclavius
1060 1562 1101 1600 in
1133 1562 1347 1601 Pandectis
1375 1574 1545 1600 numero
1574 1575 1639 1615 7¹·
1667 1562 1738 1602 sed

291 1630 395 1670 quae
423 1615 574 1656 nullius
600 1624 695 1656 sunt
724 1619 929 1656 momenti.

402 1670 450 1710 P.
484 1672 580 1722 203,
613 1671 650 1710 5.
724 1671 769 1710 ἐν
796 1670 934 1725 ἐκείνῳ
967 1667 1081 1723 ἔτει]
1139 1669 1271 1709 Huius
1299 1667 1397 1709 belli
1425 1671 1654 1711 Cat-amano
1685 1671 1734 1712 il-

291 1725 364 1765 lati
392 1726 595 1765 Laonicus
623 1725 694 1764 lib.
723 1725 747 1764 5
778 1734 816 1765 et
848 1726 1018 1765 Leuncl.
1049 1725 1118 1764 lib.
1157 1724 1206 1774 14
1233 1725 1481 1765 mentionem
1511 1724 1681 1765 faciunt.

403 1780 454 1820 P.
484 1779 589 1832 204,
631 1795 693 1835 ¹9·
754 1773 981 1831 Ἀκσιάρη,
1020 1778 1283 1832 Πέγσιαρι]
1312 1779 1480 1819 Leuncl.
1508 1780 1578 1820 lib.
1604 1779 1652 1832 14
1682 1781 1735 1821 Α.

292 1834 390 1888 Heg.
425 1834 528 1889 839,
578 1836 649 1889 qui
688 1837 823 1888 coepit
854 1837 901 1874 A.
933 1837 976 1875 C.
1016 1834 1116 1884 1435
1139 1864 1150 1881 ‚
1195 1834 1285 1873 Iulii
1311 1847 1387 1888 27,
1430 1834 1504 1875 fer.
1533 1835 1569 1886 4
1597 1843 1736 1888 captas

289 1889 362 1929 has
390 1889 512 1929 urbes
542 1889 639 1929 dicit
659 1920 670 1938 ‚
702 1904 800 1942 quas
828 1896 951 1929 vocat
967 1888 1259 1928 Aescheherem
1287 1896 1327 1928 et
1355 1889 1737 1943 Beg-Scheherem‚

291 1951 331 1984 et
379 1944 523 1983 eodem
564 1945 671 1984 libro
707 1946 883 1985 Boseara
929 1945 1122 1997 appellat.
1172 1945 1212 1983 in
1259 1943 1407 1983 tabulis
1453 1945 1739 1998 Geographicis
1795 1961 1797 1963 ·

290 1998 466 2053 vulgatis
494 2000 581 2038 Sari
600 2029 612 2050 ,
649 2014 752 2054 quae
792 2001 894 2039 sorte
925 2001 1078 2038 Acsiari
1096 2029 1108 2048 ,
1136 2000 1211 2037 sita
1249 2006 1308 2037 est
1335 1999 1386 2037 ad
1412 2000 1738 2052 Septentrionem

290 2054 435 2093 Iconii.
495 2055 655 2108 Rogas,
701 2069 807 2109 quae
835 2056 1010 2108 Begsiari
1044 2054 1107 2093 vel
1137 2054 1306 2092 Boscara
1336 2061 1416 2103 est,
1445 2054 1497 2093 ad
1528 2062 1665 2093 ortum
1694 2061 1737 2094 et

291 2109 499 2149 meridiem
530 2109 655 2148 leonii
687 2117 872 2163 respectu
901 2113 1016 2148 iacet.
1051 2107 1206 2147 fallitur
1233 2108 1427 2159 Ortelius,
1459 2109 1529 2162 qui
1557 2109 1736 2148 Ac-Se-

292 2165 354 2203 rai
385 2163 618 2203 Leunclavii
650 2165 912 2204 Anazarbum
949 2165 1068 2214 facit,
1110 2178 1203 2202 cum
1236 2163 1471 2202 Anazarbus
1501 2165 1542 2202 in
1571 2164 1736 2203 Ciliciae

291 2219 438 2257 finibus
467 2219 730 2259 orientalibus
759 2220 856 2267 olim
883 2219 1007 2259 fuerit
1026 2249 1036 2267 ‚
1069 2233 1172 2272 quae
1200 2217 1251 2256 ab
1278 2219 1412 2257 Iconio
1442 2219 1622 2271 plurium
1651 2218 1737 2257 die-

292 2287 386 2312 rum
414 2275 560 2313 itinere
587 2274 717 2314 distat.

405 2329 458 2368 P.
492 2330 584 2379 205,
621 2331 660 2370 5.
720 2330 815 2382 Cap.
848 2331 911 2369 30.
969 2324 1033 2367 δ’τι
1063 2325 1084 2366 ὅ
1115 2323 1312 2379 δεσπότης
1333 2323 1512 2380 Σερβίας
1538 2323 1631 2373 υἱὸς
1658 2326 1736 2366 τοῦ

294 2379 526 2437 Λαζάρου]
595 2384 655 2423 Ut
685 2384 832 2424 clarior
872 2386 920 2424 sit
960 2383 1179 2436 legentibus
1223 2382 1394 2433 historia
1422 2383 1560 2422 Ducae
1590 2384 1629 2420 in
1658 2380 1735 2420 illis

295 2451 399 2489 quae
429 2437 482 2477 ad
513 2439 678 2478 Serviae
698 2439 884 2493 despotas
910 2446 1114 2492 spectant,
1161 2445 1386 2489 repetemus
1417 2436 1482 2476 hic
1511 2452 1557 2476 cx
1585 2438 1735 2475 Mauro

295 2491 483 2542 Orbiuo,
529 2494 599 2546 qui
631 2494 769 2533 Italice
805 2496 990 2548 Regnum
1016 2493 1233 2533 Slavorum
1275 2493 1454 2545 scripsit,
1488 2491 1737 2545 genealogias

294 2545 422 2591 duas,
455 2561 578 2587 unam
608 2562 654 2588 ex
678 2557 790 2603 parte
819 2551 948 2603 gentis
977 2551 1210 2602 Ncmagnae
1237 2547 1410 2598 scilicet,
1445 2546 1611 2587 alteram
1639 2547 1735 2585 Pri..

296 2614 514 2642 vaziorum.
