1878 3204
649 138 815 179 mmzx
854 136 1112 180 οΛΡιΤυΜ.
1576 138 1614 191 9

162 244 253 279 abit.
276 241 448 278 Samium
477 241 585 288 cpoli
604 242 786 278 construit
817 240 1043 277 Mebemetes.
1067 239 1112 274 de
1126 239 1362 287 Palaeologis
1383 239 1619 284 vaticinium.

162 293 220 335 43.
252 290 301 338 Le
325 290 384 326 ati
420 299 446 324 a
466 297 600 334 magno
621 289 799 336 magistro
823 287 945 323 Rhodi
981 285 1034 323 ad
1055 286 1290 323 Mehemetem
1328 286 1431 320 missi
1454 286 1497 321 de
1523 297 1618 334 pace

157 338 271 386 firma
374 346 415 371 re
436 335 576 383 inficta
592 334 760 374 redeunt,
789 347 870 369 cum
894 334 1109 370 Mehemetes
1133 333 1322 368 aRhodiis
1345 334 1522 368 tributum
1546 333 1622 367 sibi

160 385 435 430 solviffleteret.
459 393 546 417 cum.
563 382 697 430 legatis
709 382 919 417 Mehemetis
940 392 1068 416 servus
1090 379 1308 416 domesticus
1332 379 1424 421 abit,
1449 380 1516 428 qui
1541 391 1621 414 cnm

160 441 221 465 ma
334 431 510 476 magistro
546 438 646 475 agat.
690 428 754 463 sed
783 430 959 463 tributum
988 427 1193 472 denegante
1229 425 1372 462 Rhodio
1399 426 1545 461 delusus
1571 425 1624 460 ad

160 477 223 512 He
268 483 394 511 netem
415 473 526 517 redit,
576 476 618 510 ui
644 476 705 510 ira
730 487 906 510 accensus
932 475 1065 510 bellum
1085 473 1238 509 Rhodiis
1267 473 1412 508 indicit.
1460 475 1622 507 Hamzas

159 523 275 558 maris
295 521 507 570 praefectus
562 522 663 556 Itium
695 523 963 568 proficiscitur,
987 520 1168 569 quaedam
1191 518 1330 561 vastat,
1359 519 1412 554 ad
1431 532 1468 554 se
1494 521 1622 554 missos

159 569 207 607 de
236 569 501 605 controversiis
521 567 776 615 transigendis
810 568 970 604 abducit.
1031 569 1140 602 Coum
1163 575 1304 608 vastat,
1338 566 1513 602 Rachiam
1527 567 1622 612 sru-

155 622 240 651 s‘tra
265 614 429 658 obsidem
457 626 537 649 cum
564 615 666 651 Chiis
687 616 903 662 paciscitur.
927 615 1101 650 tumultus
1125 627 1149 650 a
1176 615 1307 650 Turcis
1331 615 1372 647 in
1400 613 1491 648 Chio
1516 614 1623 648 exci-

157 670 280 704 tatus,
315 673 512 711 eorumque
552 663 716 698 triremis
757 662 932 697 demersa.
993 664 1166 697 Humzam
1189 672 1378 696 reversum
1401 660 1623 695 Mehemetes

157 711 300 756 asperis
323 706 451 744 verbis
473 710 621 755 excipit.
649 709 751 743 Chiis
781 709 914 744 bellum
931 709 1077 745 indicit.
1126 708 1301 754 44.Lesbi
1325 708 1499 753 princeps
1524 706 1619 747 obit,

156 755 284 792 Dacus
307 753 600 791 adMehemetem
623 756 790 802 vectigal
812 757 850 791 ei
878 758 1067 792 soluturus
1091 756 1179 791 abit.
1202 762 1351 790 coactus
1371 754 1479 788 Lesbi
1513 755 1622 800 prin·

159 813 246 849 ceps
277 801 511 838 Mebemetem
546 802 628 837 adit
649 812 686 838 et
712 803 887 837 tributum
910 811 1082 838 consueto
1107 803 1264 849 amplius
1285 801 1486 847 promittit,
1514 800 1620 835 Tha-

155 861 235 884 sum
257 849 418 885 insulam
429 849 625 885 Mehemeti
647 850 839 897 relinquit.
864 850 1016 885 classem
1040 848 1223 884 adversus
1235 848 1343 882 Chios
1367 848 1481 882 mittit
1492 847 1621 882 Mehe-

155 903 277 930 metes.
300 895 426 931 Lesbii
450 896 590 932 Turcos
611 896 656 930 de
682 897 890 943 piratarum
908 895 1070 931 adventu
1091 897 1269 932 certiores
1281 894 1418 941 facere
1432 903 1616 929 tenentur.

157 943 323 978 Genuzes
354 944 468 977 maris
503 943 713 991 praefectus
747 944 850 978 litem
882 944 990 978 Lesbi
1026 943 1194 989 principi
1214 950 1361 982 movet,
1389 950 1425 977 et
1448 941 1617 976 biremem

156 1000 271 1025 unam
300 989 381 1024 sibiv
398 988 502 1024 tradi
527 998 632 1037 petit.
693 989 864 1025 Phocaea
889 1001 993 1024 nova
1020 991 1053 1023 T
1052 991 1154 1023 urcis
1179 988 1315 1023 dedita.
1340 987 1461 1023 decem
1493 988 1618 1022 millia

155 1047 356 1071 aureorum
382 1047 407 1070 a
432 1036 562 1072 Lesbio
583 1037 731 1091 eaeiffere
753 1037 838 1070 vult
861 1036 1087 1072 Mehemetes.
1111 1037 1260 1071 interim
1283 1034 1491 1071 Phocaeam
1514 1041 1618 1069 vete-

157 1094 234 1117 rem
259 1083 297 1117 ei
318 1082 439 1128 eripit.
500 1085 556 1128 45.
587 1082 672 1116 Chii
695 1083 790 1117 bello
810 1083 920 1128 petiti
946 1094 969 1115 a
995 1081 1196 1117 Mehemete
1214 1080 1355 1127 grandi
1377 1093 1462 1116 aere
1488 1092 1618 1127 pacem

154 1137 290 1164 emunt.
351 1129 496 1163 Lemnii
521 1130 663 1164 Turcos
692 1128 909 1169 advocant,
936 1140 1134 1175 eorumque
1158 1129 1329 1174 princeps
1352 1129 1530 1163 Nicolaus
1556 1128 1617 1161 in-

155 1176 240 1210 sula
262 1175 427 1223 pellitur.
453 1175 672 1212 Mehemetes
697 1175 940 1220 Belogradum
962 1175 1118 1223 frustra
1145 1173 1296 1208 obsidet.
1348 1175 1525 1208 Callistus
1547 1187 1617 1218 pae-

152 1233 205 1269 pa
226 1223 393 1257 triremes
428 1221 482 1256 ad
510 1234 596 1270 opes
620 1223 850 1257 insularibus
875 1220 1054 1266 serendas
1088 1222 1212 1255 mittit.
1271 1221 1449 1255 Catalani
1471 1222 1617 1255 insulas

154 1275 368 1317 occupant,-
387 1277 424 1304 et
442 1269 594 1304 Lesbius
624 1269 667 1304 in
690 1270 936 1315 suspicionem
969 1267 1072 1314 apud
1093 1267 1327 1303 Mehemetem
1355 1269 1484 1308 venit,
1514 1267 1617 1303 occi-

153 1313 322 1350 dentales
353 1316 470 1362 ipsum
505 1315 719 1352 advocasse.
748 1316 869 1362 legati
899 1327 923 1350 a
950 1315 1124 1349 Comanis
1147 1323 1184 1348 et
1219 1315 1529 1348 Usun-Hassane
1561 1312 1615 1348 ad

152 1361 399 1398 Mehemetem.
423 1367 584 1399 castrum
605 1371 737 1410 septem
760 1362 942 1403 turrium,
967 1363 1080 1407 vulgo
1093 1360 1286 1403 Iedicula,
1314 1361 1421 1407 Cpoli
1447 1370 1617 1396 constru-

154 1417 263 1442 ctum.
310 1408 525 1445 Mehemetis
546 1411 589 1445 in
612 1411 780 1445 Moream
801 1409 993 1456 profectio.
1040 1409 1278 1443 Bezestanum
1304 1409 1413 1452 Cpoli
1434 1406 1617 1456 aedifica-

152 1463 242 1489 tum.
276 1455 319 1489 in
353 1457 478 1491 Asiam
514 1457 661 1492 traiicit
683 1456 910 1492 Mehemetes.
934 1457 1015 1490 eius
1037 1456 1151 1491 verba
1175 1454 1228 1490 ad
1235 1455 1473 1501 familiarem
1498 1467 1618 1503 quen·-

153 1501 239 1537 dam
261 1514 366 1538 suum
389 1505 586 1539 curiosum.
634 1505 788 1551 Sinopes
808 1505 1016 1550 principem
1055 1510 1092 1538 et
1118 1503 1432 1549 Trapezuntinum
1455 1504 1618 1549 impera-

157 1557 275 1583 torem
304 1548 513 1585 ditionibus
545 1551 724 1599 spoliatos
753 1552 796 1585 in
822 1551 1013 1596 Europam
1037 1549 1191 1584 traiicit.
1218 1561 1242 1583 a
1269 1549 1450 1586 Walacho
1475 1549 1618 1584 tributa

152 1595 265 1643 petit,
292 1597 361 1644 qui
385 1609 431 1632 ea
454 1597 546 1634 dare
567 1606 701 1644 negat,
725 1596 780 1632 ad
799 1609 836 1632 se
861 1598 989 1631 missos
1009 1597 1097 1643 palo
1123 1596 1325 1643 transfigit.
1354 1597 1492 1632 Turcos
1503 1597 1617 1629 Ham·

154 1653 204 1677 za
227 1640 320 1678 duce
342 1642 519 1679 ditionem
542 1655 646 1679 suam
670 1643 891 1679 invadentes
913 1643 1051 1685 caedit,
1079 1644 1186 1678 vivos
1210 1651 1336 1689 captos
1358 1644 1446 1690 palo
1468 1653 1615 1690 quoque

151 1689 357 1735 transfigit.
403 1692 622 1727 Mehemetes
658 1693 883 1738 improspero
910 1702 1080 1725 successu
1106 1692 1148 1725 in
1177 1702 1257 1724 eum
1283 1699 1416 1725 movet.
1463 1690 1615 1725 Lesbum

151 1746 179 1769 a
200 1736 372 1784 principe
394 1738 569 1780 Nicolao,
593 1739 662 1787 qui
685 1739 916 1773 Dominicun
932 1737 1098 1784 fratrem
1121 1749 1225 1771 suum
1248 1738 1531 1782 strangularat,
1556 1748 1615 1771 re-

149 1782 254 1834 petit.
286 1784 329 1818 in
354 1783 506 1819 lesbum
535 1786 676 1819 transit
711 1785 954 1825 Mehemetes,
989 1783 1042 1818 ad
1062 1783 1288 1819 deditionem
1315 1785 1530 1830 compellat,
1556 1795 1616 1819 re-

152 1827 278 1873 cedit,
303 1838 339 1870 et
361 1830 585 1869 obsidendae
610 1832 807 1878 Mitylenes
832 1843 926 1868 onus
948 1831 1153 1869 Mahumeti
1179 1832 1304 1868 veziro
1329 1831 1495 1881 imponit.
