1916 3210
332 166 468 253 49².-
626 238 629 240 .
824 199 1019 241 DUCAE‘
1039 197 1296 240 ffls'rmuA

332 297 566 352 drinopoli‚
597 314 704 340 nova
731 300 970 340 Babillonia.
1029 299 1086 339 La
1127 298 1388 340 multitudine
1415 299 1508 341 delli
1533 296 1698 342 citad‘ini
1723 292 1766 345 et

330 352 519 406 populari
559 354 666 395 della
697 355 847 409 grande
884 354 1013 394 citade
1043 369 1085 394 se
1115 357 1265 395 vedeva
1291 369 1504 396 numerare
1531 369 1605 411 per
1631 356 1660 401 li
1691 355 1766 416 Pa-

330 407 499 460 viglioni
539 409 605 450 del
653 411 865 450 barbarico
915 410 1100 449 exercito.
1161 411 1219 449 La
1248 411 1323 449 citt·
1367 410 1473 450 nuda
1505 411 1763 466 etdeserta,

330 476 447 506 senza
475 478 593 513 voce,
628 465 735 504 iacea
761 471 918 515 morta3
948 478 1064 504 senza
1092 464 1238 504 belleza
1266 471 1305 504 et
1334 479 1450 504 senza
1476 465 1610 506 forma
1639 467 1766 507 rima-

330 531 373 556 se
401 518 710 565 abbandonam„
771 520 808 558 Ο
837 519 937 567 cita,
981 528 1104 572 caput
1141 520 1191 558 de
1231 526 1334 559 tutte
1374 519 1410 559 le
1441 520 1595 570 chade,
1623 526 1766 562 centro

329 571 380 611 de
417 572 455 612 18
497 580 645 626 quatro
683 581 802 626 parte
843 574 907 613 del
954 574 1118 613 mundo.
1174 575 1212 613 Ο
1258 574 1355 620 cita,
1398 575 1506 625 cita,
1549 575 1674 630 gloria
1709 575 1767 617 Ε(18

330 628 423 666 tutti
452 627 465 665 i
495 627 717 667 Christiani
744 635 785 668 et
813 629 1084 669 destructione
1123 628 1173 667 de
1199 629 1372 669 barbari.
1404 644 1429 668 o
1457 630 1550 679 cita,
1581 631 1672 679 cita,
1706 630 1768 670 al-

329 688 396 720 tro
425 682 613 734 paradiso
661 684 842 735 piantato
871 698 989 723 verso
1018 683 1286 735 hoccidente,
1318 685 1493 724 havente
1514 686 1664 725 *dentro
1691 683 1765 725 v'a-

329 735 389 775 rie
418 735 559 789 piante
598 751 673 776 con
712 739 986 778 abbundantia
1033 740 1082 778 de
1111 739 1231 778 fructi
1270 739 1486 792 spirituali.
1543 740 1711 781 Dave-22.-
1737 740 1768 781 it

328 797 400 828 tuo
432 790 611 830 decoro?
639 792 742 833 dove
777 794 798 833 ὲ
822 793 861 832 la
890 793 1112 833 valitudine
1135 801 1203 834 tua
1231 794 1440 847 benigna?
1469 793 1574 834 dove
1601 805 1710 835 sono·
1727 794 1767 836 le

328 852 399 884 tue
428 846 556 899 gratie
584 852 708 899 gratis
737 848 865 888 date?
921 850 1035 888 Dove
1061 863 1161 888 sono
1194 849 1206 888 i
1234 849 1349 902 corpi
1377 847 1471 888 delli
1499 849 1671 902 apostoli
1699 849 1768 890 del

327 906 465 939 nostro
494 900 679 954 signore,
710 901 738 942 li
769 903 881 957 quali
907 918 1005 944 sono
1032 904 1202 957 piantati
1224 906 1264 943 in
1292 903 1487 956 paradiso
1516 917 1599 943 sem
1630 903 1673 944 re
1704 904 1769 944 'vi-

328 960 470 1006 rente,
513 955 677 995 haventi
711 973 902 1011 appresso
939 973 981 998 se
1010 957 1050 997 lu
1081 960 1316 998 vestimento
1344 971 1576 1010 purpureO,
1599 919 1647 1003 {a
1680 958 1770 999 lan·

329 1010 420 1058 cia,
464 1010 502 1049 la
541 1011 707 1064 spongia
751 1020 791 1051 et
819 1013 858 1051 la
886 1013 1108 1062 arundine3
1151 1011 1189 1050 18
1222 1011 1340 1066 quale
1369 1013 1436 1050 noi
1466 1011 1690 1063 basianda,
1719 1026 1770 1053 ue

328 1075 475 1116 pareva
507 1065 630 1104 veder
652 1066 816 1106 Christo
855 1068 894 1105 in
924 1080 1050 1108 croce.
1107 1067 1222 1105 Dove
1266 1080 1364 1106 sono
1408 1065 1446 1105 le
1474 1066 1643 1120 reliquie
1674 1067 1768 1108 delli

330 1119 578 1159 confessori?
623 1120 727 1159 dove
768 1121 861 1161 delli
893 1122 1075 1161 martiri?
1146 1121 1263 1160 Dove
1304 1135 1404 1160 sono
1435 1121 1471 1160 le
1498 1122 1671 1175 reliquie
1701 1121 1768 1164 del
1817 1156 1823 1165 2

250 1171 317 1219 3⁰7
332 1187 479 1226 magno
509 1175 810 1215 Constantino?
879 1177 995 1216 Dove
1039 1175 1068 1215 li
1096 1175 1281 1215 cadaveri
1308 1175 1385 1214 deli
1415 1175 1508 1214 altri
1538 1177 1770 1230 imperatio-

331 1228 402 1268 ri?
457 1229 574 1268 Dove
602 1243 705 1270 sono
727 1231 765 1271 le
794 1231 953 1279 strade,
985 1232 1012 1271 li
1041 1231 1227 1280 cortivii,
1258 1231 1284 1270 li
1313 1230 1449 1279 trivii,
1480 1230 1509 1270 li
1539 1233 1700 1289 campi,
1731 1231 1770 1272 le

332 1284 506 1323 macerie
549 1283 654 1323 delle
690 1286 834 1340 vigne,
874 1286 951 1326 che
989 1293 1095 1326 tutte
1137 1300 1260 1325 erano
1297 1286 1414 1339 piene
1451 1285 1502 1325 de
1527 1285 1698 1341 reliquie
1726 1286 1768 1329 di

331 1339 493 1378 sancti?
550 1340 664 1379 Dove
691 1355 793 1380 sono
823 1340 854 1379 li
889 1341 1063 1394 sepulcri
1094 1340 1280 1380 honorati
1309 1340 1401 1380 delli
1428 1343 1646 1394 generosi?
1679 1341 1771 1381 Vae

331 1391 443 1433 nobis
460 1395 478 1431 Ι
497 1402 665 1448 propter
689 1396 987 1435 damnationem
1014 1405 1185 1435 nostram
1205 1424 1218 1446 ,
1247 1395 1430 1445 domine,
1452 1405 1666 1450 posuerunt
1694 1409 1770 1436 ca-

333 1448 493 1487 davera
517 1463 720 1488 servorum
748 1459 906 1489 tuorum
933 1463 1045 1490 escas
1066 1452 1206 1490 avium
1231 1451 1333 1490 coeli
1332 1479 1350 1497 ,
1378 1458 1418 1489 'et
1442 1464 1580 1490 earnes
1606 1459 1769 1490 sancto..

329 1516 417 1542 rum
458 1510 613 1542 tuorum
661 1504 798 1544 belluis
834 1514 965 1544 terrae
1005 1505 1169 1545 intorno
1202 1506 1366 1544 intorno
1393 1503 1471 1544 alla
1507 1519 1612 1544 nova
1641 1505 1767 1556 Sion3

331 1564 372 1597 et
398 1571 480 1596 non
506 1571 578 1597 era
605 1557 670 1598 ehi
698 1558 726 1598 li
754 1559 916 1612 podesse
944 1559 1142 1613 sepellire.
1197 1561 1235 1599 Ο
1264 1559 1437 1613 tempio,
1468 1558 1543 1599 che
1570 1573 1637 1599 ere
1664 1559 1768 1599 ciclo

331 1612 374 1652 in
403 1614 546 1652 terra!
584 1627 609 1654 o
651 1612 777 1654 altare
802 1615 967 1654 celeste!
1009 1629 1035 1654 o
1063 1614 1220 1665 divini,
1249 1628 1274 1653 o
1298 1614 1429 1654 sachri
1456 1613 1565 1653 locbi
1595 1614 1770 1654 dedicati

331 1681 355 1706 a
383 1666 479 1707 dio!
511 1681 537 1708 o
565 1667 715 1708 decoro
742 1669 847 1709 delle
873 1669 1044 1710 chiesie!
1077 1683 1102 1709 o
1126 1669 1220 1708 libri
1247 1671 1349 1709 sacri
1376 1676 1417 1709 et
1440 1669 1581 1722 parole
1599 1669 1652 1708 de
1677 1669 1766 1709 dio!

333 1737 358 1761 ο
377 1721 478 1761 lezze
496 1723 659 1762 vecchie
678 1730 719 1763 et
747 1738 854 1763 nove
871 1726 880 1763 !
913 1738 936 1763 o
954 1725 1112 1764 tabulae
1136 1725 1306 1779 scriptae
1322 1724 1448 1776 digito
1471 1724 1568 1772 deit!
1588 1738 1612 1763 o
1630 1723 1770 1764 Evan-

330 1776 424 1830 gelii
453 1777 593 1816 dictati
612 1778 717 1818 dalla
750 1779 902 1819 boccha
923 1779 973 1818 de
993 1779 1083 1819 dio!
1113 1792 1138 1817 o
1156 1778 1361 1832 theologie
1377 1779 1427 1818 de
1445 1777 1575 1832 angeli
1602 1777 1768 1818 haveuti

330 1834 475 1873 carne!
510 1847 534 1872 o
572 1834 759 1873 doctrine
784 1834 834 1874 de
860 1834 1014 1873 homini
1051 1834 1158 1887 pieni
1188 1834 1237 1873 de
1265 1834 1413 1887 spirito
1446 1834 1607 1873 sancto!
1643 1847 1668 1872 o
1696 1847 1771 1886 pe-

333 1885 523 1940 dagogie‚
552 1888 578 1927 i.
600 1888 916 1942 e.'corepti011e‚
950 1889 999 1928 de
1027 1889 1210 1928 huomini
1238 1889 1338 1927 mezi
1365 1888 1455 1927 dei!
1490 1902 1514 1926 ο
1547 1887 1767 1937 οἰῑῑιάἰυὶῐὲ,

331 1955 357 1980 o
384 1941 555 1995 populu,
587 1957 611 1982 o
635 1946 812 1984 exercito
843 1944 1004 1983 dinanzi
1035 1943 1351 1994 innumerabile,
1382 1943 1519 1983 adesso
1545 1942 1768 1994 destructo,

331 2010 448 2036 come
481 1996 521 2036 la
546 2011 648 2037 nave
677 2000 717 2037 in
747 1999 785 2037 la
813 2013 884 2038 sua
915 2000 1142 2051 navigation
1172 1999 1403 2038 submersa!
1437 2012 1461 2037 o
1494 1997 1614 2040 case!
1641 2011 1665 2037 ο
1692 2012 1770 2050 pa-

332 2050 407 2090 lazi
437 2051 609 2092 diversi!
641 2067 665 2092 o
697 2054 798 2093 sacri
829 2056 958 2092 muri!
1000 2054 1088 2107 oggi
1111 2068 1293 2093 convoco
1327 2053 1422 2092 tutti
1451 2053 1552 2103 voi,
1582 2060 1621 2092 et
1650 2065 1769 2093 come

333 2120 427 2146 cose
454 2108 626 2147 animate
655 2122 730 2147 con
759 2109 828 2148 voi
856 2109 1014 2162 piangO,
1046 2109 1246 2147 habiando
1268 2123 1342 2161 per
1369 2107 1450 2147 mio
1478 2107 1643 2146 doctore
1670 2107 1768 2147 Hie-

332 2163 484 2212 remia,
513 2163 695 2216 principe
723 2163 827 2202 della
864 2164 1007 2202 misera
1043 2164 1236 2216 tragedia.
1297 2162 1500 2217 Quomodo
1542 2162 1647 2200 sedet
1678 2162 1769 2201 sola

331 2217 495 2267 civicas,
525 2219 560 2257 la
601 2218 720 2271 quale
747 2218 988 2258 abbundava
1017 2227 1127 2257 tanto.
1155 2218 1335 2272 populo?
1379 2219 1400 2257 ὲ
1427 2217 1529 2255 facta
1557 2230 1669 2255 come
1694 2230 1769 2255 ve-

332 2270 413 2309 dua
454 2270 493 2310 la
521 2273 721 2312 madonna
763 2273 866 2313 delle
893 2282 1035 2325 gente,
1073 2273 1111 2312 la
1143 2272 1400 2326 imperatrice
1429 2270 1533 2310 delle
1561 2270 1767 2323 provintie

333 2325 354 2363 ὲ
386 2332 502 2377 posta
537 2335 641 2366 sotto
670 2328 833 2368 tributo.
902 2329 1096 2368 Plorante
1123 2327 1241 2380 plora
1269 2327 1307 2366 la
1339 2334 1482 2374 noete,
1515 2332 1554 2364 et
1581 2325 1619 2364 le
1648 2325 1767 2364 lacri-

332 2392 397 2418 me
428 2381 606 2434 irrigano
635 2397 707 2435 per
735 2383 773 2422 le
800 2382 969 2426 maxille.
1026 2383 1090 2421 De
1113 2384 1208 2421 tutti
1235 2382 1263 2421 li
1292 2384 1348 2421 soi
1375 2381 1455 2421 cari
1485 2393 1564 2419 non
1598 2380 1620 2418 ὲ
1646 2379 1765 2419 alcun

333 2433 407 2473 che
432 2434 461 2473 li
506 2436 607 2489 daga
646 2438 933 2477 consolatione.
1000 2437 1113 2477 Tutti
1154 2437 1183 2476 li
1210 2436 1272 2476 soi
1299 2436 1416 2475 amici
1446 2436 1482 2474 la
1513 2434 1648 2473 hanno
1676 2434 1767 2474 des.-

251 2504 320 2538 308
333 2496 520 2541 prezata3
553 2498 593 2530 et
615 2506 713 2531 sono
740 2493 840 2532 facti
868 2507 888 2530 a
913 2492 966 2531 lei
996 2492 1162 2532 inimici.
1222 2491 1341 2530 Iudas
1370 2491 1422 2530 s'e
1449 2491 1596 2543 partito
1624 2502 1700 2541 per
1727 2489 1767 2528 la

332 2544 546 2584 afflictione
589 2554 629 2585 et
675 2548 802 2586 multa
829 2548 996 2586 servitii.
1068 2548 1115 2586 In
1144 2547 1180 2586 le
1205 2546 1385 2600 angustie
1408 2545 1437 2584 li
1469 2544 1529 2583 soi
1558 2543 1765 2596 persequi-

333 2599 414 2636 tori
442 2598 480 2637 la
506 2600 640 2639 hanno
670 2616 799 2654 presa.
828 2603 884 2641 Le
915 2604 977 2641 vie
1007 2602 1057 2641 de
1083 2602 1122 2641 la
1149 2616 1257 2640 nova
1285 2601 1381 2639 Sion
1409 2601 1610 2653 piangono
1627 2626 1639 2646 ,
1669 2611 1764 2650 per-

333 2652 408 2697 che
449 2668 533 2693 non
573 2652 686 2694 sono*
715 2657 780 2695 chi
808 2671 934 2710 venga
962 2657 1038 2696 alle
1066 2656 1356 2697 sollemnitade,
1428 2654 1555 2692 Tutte
1582 2651 1620 2690 le
1647 2658 1765 2704 porte

335 2707 422 2746 dela
449 2709 526 2747 cita
560 2724 653 2749 sono
689 2711 903 2751 destructe.
967 2711 1015 2749 Li
1046 2712 1105 2749 soi
1142 2708 1342 2750 sacerdoti
1368 2707 1552 2762 plorano.
1608 2707 1667 2745 Le
1693 2720 1765 2745 sue

334 2764 497 2816 vergine
522 2778 620 2807 sono
652 2767 770 2818 piene
806 2766 856 2807 de
894 2765 1109 2819 squallore.
1171 2763 1228 2805 Et
1253 2765 1344 2817 ipsa
1389 2763 1410 2802 ὲ
1439 2776 1627 2817 oppressa
1657 2760 1763 2802 dalla
