1884 3216
296 212 312 244 ι
333 212 399 245 20
625 208 807 250 DUCAE
841 206 1129 248 MlCHAELls
1165 206 1387 248 NEPOTIS

286 309 494 364 ραννικόν.
547 311 620 351 καί
648 312 689 352 εἰ
712 310 790 362 μὲν
811 308 892 363 ἐγώ
931 304 1179 348 κατεδάοκον
1206 305 1312 360 ’ἐμὸν
1340 302 1548 362 ἀδελφόν,
1576 302 1728 347 ‹rm-id:-
1768 308 1772 331 ³

176 382 211 416 P.
226 383 267 429 ⁶7
284 390 407 428 μενος
435 370 509 417 οὖν
537 377 769 430 κατέφυγεν
795 370 875 414 ὖπὸ
907 372 992 414 τῶν
1010 368 1224 434 πτερύγων
1244 373 1326 414 τῶν
1351 371 1450 423 σῶν,
1479 369 1554 412 καὶ
1576 369 1726 425 ζητῶν»
1785 403 1788 406 ⁴

286 441 362 481 ov'n
389 436 442 483 ἄν
468 454 541 494 μοι
568 438 727 488 ἔδωκας
751 435 883 480 αὐτὸν
899 437 976 479 τοῦ
1000 438 1262 478 θανατῶσαι.
1320 436 1362 478 εἰ
1386 437 1435 478 δὲ·
1449 434 1525 477 καί
1548 430 1728 488 ἔδωκας,

284 506 484 561 ἐποίησας
523 501 577 547 ἂν
616 505 722 559 ὑπὲρ
771 498 993 556 ἄνθρωπον
1027 501 1230 557 προδότης
1253 500 1430 557 γεγονώς
1456 501 1535 543 καὶ
1554 498 1726 556 φονεύς.

283 569 378 613 ἴσθι
403 565 478 614 οὖν
505 572 646 623 τοῦτο,
691 568 749 618 ὥς
777 568 976 609 οὐδέποτε
1002 566 1213 622 γενήσεται
1242 569 1296 609 δι’
1325 568 1432 621 ἐμοῦ
1455 565 1502 610 τὸ
1531 564 1766 628 ἄπαίσιονό

284 638 408 678 τοῦτο
450 634 585 690 ἔργον.
649 633 755 688 πλὴν
794 635 889 675 ἐπεὶ
929 629 1064 682 οὕτως
1108 633 1294 688 ἐτάχθην
1334 634 1412 674 τοῦ
1453 627 1567 681 εἶναι’
1587 629 1730 685 μενεῖς

282 699 432 756 τρόπον
457 700 616 756 πατρός
653 714 731 741 σου
748 729 761 751 ,
801 693 964 751 ὄμνυμί
985 713 1052 739 σοι
1088 696 1164 740 τὸν
1190 697 1263 740 ἕνα
1289 695 1393 740 θεὸν.
1414 695 1487 740 τόν
1512 698 1559 740 ἐν
1587 690 1733 751 ted&

283 766 545 820 ὑμνούμενον
585 767 686 820 παρ’
723 762 842 819 ἡμῶν
859 765 958 806 τῶν
984 764 1275 819 Χριστιανῶν,
1302 765 1378 806 τοῦ
1403 764 1500 818 μηδ’
1530 758 1640 812 ὅλως
1663 761 1731 812 ἔξ-

285 836 424 874 ελθεῖν
451 829 535 873 α’πὸ
563 833 635 886 τῆς
663 829 855 885 φυλακῆς
880 828 949 872 τὸν
975 827 1203 885 πρόσφυγα
1230 831 1505 885 Μουσταφᾶν
1534 822 1629 871 οὔτε
1657 827 1731 869 τὸν

285 895 418 940 αὐτοῦ
450 893 752 951 συνοδοιπόρον
787 892 958 949 Τζινεήτ
977 926 990 948 ,
1013 895 1164 949 μέχρις
1195 888 1250 934 οὗ
1276 891 1430 951 παύσῃ
1447 895 1520 950 τῆς
1543 891 1731 949 ἦγεμονί-
1749 911 1796 938 ιο
1850 919 1853 922 ·
1876 898 1878 901 ’

285 979 337 1011 ας
363 965 439 1004 καί
465 962 596 1016 αὐτῆς
623 963 699 1016 τῆς
727 962 772 1003 ἐν
802 963 862 1017 τῷ
886 959 1027 1017 κόσμῳ
1056 961 1186 1014 ζωῆς·
1243 957 1597 1018 παρελθόντος-δὲ
1623 962 1730 1012 σοῦ,

286 1029 360 1068 καί
384 1026 528 1076 καθώς
554 1024 805 1081 συναντήσει
828 1024 879 1068 τοὶ
909 1025 1152 1081 πράγματα.
1179 1027 1221 1067 εἰ
1239 1026 1286 1067 δὲ
1315 1023 1367 1066 οὖ
1394 1022 1552 1078 βούλει,
1581 1025 1733 1080 πρᾶττε

288 1091 313 1134 ὃ
340 1090 530 1146 βούλει.”
582 1090 654 1135 τὸν
681 1093 728 1134 δὲ
748 1091 987 1147 Δημήτριον
1007 1090 1081 1134 τὸν
1106 1088 1340 1146 Δεοντάριν
1368 1088 1440 1132 διὰ
1468 1087 1734 1145 προστάγμασ-

249 1173 356 1207 Βτος
378 1160 506 1213 λέγων
525 1157 681 1214 γράφει
706 1155 942 1211 ,,οἷναγνούς
956 1156 1006 1198 τά
1035 1159 1136 1210 παρ’
1171 1158 1269 1209 ἐμοὶ
1286 1157 1605 1210 προσταχθέντα
1632 1170 1734 1198 συν-

286 1221 425 1276 τόμως
453 1220 689 1278 πλήρωσον.
722 1222 891 1276 βάλλων
909 1221 1007 1271 τούς
1039 1220 1287 1278 πρόσφυγας
1314 1218 1492 1274 αὐτούς,
1517 1219 1592 1264 τὸν
1605 1221 1797 1269 Inoo-,15
1852 1248 1854 1250 -

286 1290 453 1344 σταφιῖν
502 1286 581 1329 σὺν
619 1288 679 1344 τῷ
731 1284 928 1342 Τζινεήτ,
970 1286 1166 1337 καὶτοὺς
1204 1286 1652 1341 συνακολουθήσαντας
1689 1288 1735 1328 ἐν

286 1352 450 1409 τριήρει
474 1355 554 1410 μιᾷ
578 1354 745 1405 πέμψον
771 1351 843 1394 διοί·1
872 1352 1029 1406 τάχους
1055 1353 1115 1402 εἰς
1142 1352 1268 1408 ἡμᾶς.
1294 1353 1368 1394 καί
1393 1350 1508 1406 παρὰ
1535 1352 1588 1395 τὸ,
1604 1367 1734 1408 προσ-

286 1421 445 1472 ταχθὲν
481 1417 543 1472 μή
589 1417 784 1474 πράξῃς,”
857 1415 881 1458 ὅ
910 1419 1153 1472 Μαχουμὲτ
1188 1419 1236 1459 δὲ
1274 1419 1333 1467 εἰς
1370 1420 1472 1460 νοῦν
1511 1417 1653 1472 λαβῶν
1678 1416 1733 1460 τοὶ
1767 1451 1770 1454 -

288 1485 491 1537 μέλλοντα
523 1486 720 1537 γενέσθαι
748 1486 789 1526 εἰ
814 1483 1090 1539 προσκρούσει
1115 1484 1173 1541 τῷ
1198 1487 1376 1537 βασιλεῑζ,
1403 1485 1478 1525 καί
1495 1482 1651 1536 μαθών
1675 1482 1735 1534 ὥς

289 1551 357 1604 ἐφ’
387 1545 489 1603 ὅρου
519 1551 628 1603 ζωῆς
646 1546 778 1591 adim?
807 1552 867 1607 τῷ
881 1552 1133 1606 Μουσταφᾷ
1161 1549 1235 1590 οὐκ
1261 1548 1377 1591 ἔσται
1410 1547 1634 1609 ἐλευθερία
1660 1551 1734 1604 τῆς
1746 1567 1798 1593 2⁰

293 1616 486 1669 φυλακῆς
514 1609 612 1656 οὔτε
647 1618 704 1673 τῷ
735 1613 932 1669 Τζινεήτ,
960 1612 1173 1657 ἐπαύσατο
1203 1617 1280 1657 τοῦ
1307 1617 1491 1668 ἐνοχλεῖν
1521 1617 1734 1658 Θεσσαλο-

290 1678 434 1734 νίκην,
465 1681 538 1721 καί
563 1677 731 1735 ἀπάρας
757 1683 920 1723 ἐκεῖθεν
956 1675 1086 1735 ἦλθεν
1109 1683 1169 1729 εἰς
1195 1679 1539 1735 Ἀδριανούπολιν
1555 1713 1568 1732 ,
1601 1681 1735 1723 ἀπαλ-

293 1744 432 1799 λαγείς
461 1749 623 1788 πολλῶν
649 1745 882 1802 φροντίδων
904 1749 978 1788 καί
1011 1747 1202 1799 ἐννοιῶν,
1232 1746 1628 1800 καταδαμαζόμενος
1655 1746 1736 1790 ὑπὸ

296 1929 527 1972 insequerer,
563 1929 714 1973 ipseque
755 1929 959 1974 compulsus
991 1929 1059 1962 sub
1093 1929 1168 1962 alas
1204 1934 1284 1963 tuas
1322 1930 1550 1975 confugeret,
1580 1942 1736 1977 eumque

297 1974 382 2007 dedi
408 1981 566 2019 peterem
582 2001 591 2015 ‚
620 1974 857 2010 occidendum
881 1975 971 2008 mihi
1003 1988 1075 2010 non
1098 1975 1269 2009 traderes.
1307 1977 1437 2022 quodsi
1462 1977 1673 2020 tradideris,
1697 1978 1736 2012 in

293 2022 389 2065 leges
416 2021 588 2054 humanas
611 2022 802 2056 committis
817 2048 826 2062 ‚
852 2022 1016 2066 proditor
1039 2034 1119 2056 cum
1143 2023 1190 2056 sis
1216 2029 1253 2057 et
1283 2023 1474 2058 homicida.
1497 2025 1639 2058 noveris
1665 2025 1737 2059 ita-

294 2079 366 2112 que
401 2073 472 2100 tam
499 2068 736 2101 execrandum
762 2069 877 2102 scelus
911 2081 968 2102 me
991 2080 1176 2115 nunquam
1200 2076 1433 2115 patraturum.
1458 2071 1629 2117 quoniam
1649 2083 1735 2108 vero

294 2115 390 2146 inter
413 2126 478 2148 nos
516 2116 684 2148 convenit
718 2121 759 2148 ut
789 2116 901 2160 patris
926 2116 1021 2149 vices
1057 2127 1138 2160 erga
1161 2122 1199 2150 te
1222 2117 1373 2159 obeam,
1397 2118 1503 2152 deum
1530 2130 1640 2153 unum
1663 2118 1735 2152 tibi

294 2161 394 2200 iuro,
419 2161 483 2205 qui
520 2161 617 2205 apud
651 2173 715 2195 nos
756 2162 979 2196 Christianos
1018 2163 1057 2195 in
1088 2164 1251 2197 trinitate
1284 2164 1476 2206 laudatur,
1503 2175 1688 2210 nunquam
1713 2175 1734 2198 e

294 2218 434 2239 carcere
474 2209 662 2251 profugum
687 2209 914 2254 Mustapham
951 2209 1152 2251 exiturum,
1188 2221 1255 2243 nec
1283 2211 1360 2244 eius
1383 2211 1462 2244 viae
1485 2211 1652 2245 comitem
1674 2211 1735 2244 Ci-

291 2254 428 2286 neitem
443 2279 453 2294 ‚
479 2255 651 2298 quamdiu
676 2256 827 2299 imperio
846 2267 888 2289 ac
911 2256 984 2290 vita
1008 2256 1147 2289 frueris.
1173 2262 1365 2302 postquam
1388 2268 1472 2291 vero
1500 2269 1544 2290 ex
1568 2257 1636 2290 hac
1658 2258 1733 2291 vita

292 2300 509 2343 migraveris,
534 2307 642 2345 prout
666 2303 839 2335 cesserint
865 2302 910 2335 de
939 2303 1012 2336 illis
1037 2303 1234 2336 decernam.
1260 2303 1390 2348 quodsi
1417 2304 1487 2336 hoc
1510 2305 1733 2349 propositum

292 2352 455 2379 nostrum
489 2354 674 2392 acceptum
707 2349 775 2382 tihi
800 2361 873 2382 non
899 2350 1019 2390 fuerit,
1041 2349 1187 2382 libidini
1211 2355 1296 2383 tuae
1321 2350 1563 2395 obtempera.“
1589 2351 1635 2384 ad
1659 2351 1733 2384 De-

292 2394 461 2425 metrium
496 2405 643 2439 quoque
678 2396 909 2428 Leontarium
942 2396 1087 2437 scribit,
1112 2396 1219 2440 eique
1244 2396 1329 2429 talia
1365 2397 1527 2441 imperat.
1553 2397 1641 2435 „ubi
1666 2409 1732 2440 ea,

293 2450 387 2483 quae
414 2440 528 2473 literis
554 2441 685 2474 nostris
712 2442 780 2474 tihi
804 2443 1031 2485 mandamus,
1060 2443 1209 2487 legeris,
1234 2443 1332 2475 illico
1347 2454 1535 2488 exequere.
1564 2444 1733 2488 profugos

293 2486 381 2518 istos
407 2486 633 2531 Mustapham
661 2494 697 2520 et
716 2489 914 2530 Cineitem,
944 2501 1138 2535 eorumque
1165 2490 1312 2522 comites
1347 2490 1410 2523 uni
1446 2491 1583 2524 triremi
1617 2491 1734 2536 impo-

293 2532 382 2565 sitos
408 2543 515 2577 quam
540 2534 725 2566 celerrime
763 2535 808 2567 ad
831 2547 896 2570 nos
923 2537 1144 2578 transmitte,
1164 2547 1283 2580 neque
1306 2542 1449 2580 praeter
1474 2537 1641 2570 mandata
1665 2548 1732 2570 no-

292 2584 365 2611 stra
390 2579 583 2624 quicquam
610 2582 839 2614 tentaveris.“
874 2582 1097 2616 Mahometes
1121 2583 1239 2615 animo
1264 2593 1407 2616 versans
1433 2595 1525 2628 quae
1549 2595 1732 2617 successu-

292 2636 331 2657 ra
358 2631 475 2666 erant,
501 2627 531 2659 si
556 2628 594 2659 in
630 2629 864 2661 offensionem
890 2630 1114 2674 imperatoris
1139 2630 1354 2670 incurreret,
1379 2631 1583 2674 certiorque
1609 2628 1731 2663 reddi-

290 2676 350 2704 tus
376 2683 413 2704 se
440 2673 520 2705 vivo
534 2673 760 2718 Mustapham
788 2686 828 2708 ac
843 2676 1019 2709 Cineitem
1043 2687 1182 2720 semper
1208 2674 1393 2708 detentum
1416 2677 1473 2718 iri,
1498 2676 1733 2710 Thessaloni-

292 2729 368 2750 cam
396 2718 490 2751 ultra
522 2730 595 2753 non
630 2721 832 2762 infestavit,
870 2723 1044 2767 illincque
1075 2722 1252 2766 digressus
1286 2721 1558 2768 Adrianopolim
1583 2734 1620 2755 se
1645 2733 1730 2756 con-

293 2765 383 2806 sert,
410 2766 532 2800 multis
566 2767 658 2812 curis
701 2768 909 2813 expeditus,
948 2769 1080 2814 quibus
1106 2775 1211 2804 antea
1237 2768 1432 2813 augebatur
1457 2775 1625 2817 reputans
1649 2769 1729 2804 Mu-
