1890 3204
627 124 703 168 An
742 123 861 169 ων.
895 126 973 167 xi.
1015 125 1214 169 NOTAE.
1532 108 1637 166 551

192 233 376 286 tionem,
403 230 477 273 ubi
504 229 591 271 fato
620 226 738 268 illum
765 228 1008 270 concessisse
1044 228 1266 284 scriptores
1299 228 1429 270 Tui-ci
1458 229 1644 275 tradunt.

190 290 243 329 in‘
262 288 346 329 hoc
370 292 522 328 tamen
550 284 740 331 variant,
783 298 877 324 cum
910 284 1076 339 quidam
1103 291 1284 325 asserant
1304 287 1405 326 'ante
1432 294 1592 339 captam
1621 302 1646 327 a

187 342 338 384 Tui-eis
368 339 598 396 Callipolim
626 339 900 390 Suleimanem
933 340 1107 393 obiisse,
1133 340 1203 381 alii
1229 341 1316 382 eius
1343 341 1472 381 ductu
1501 349 1542 382 et
1571 356 1645 382 au-

145 397 150 402 ’
191 399 328 455 spiciis
359 395 619 452 compulsam
645 394 699 434 ad
726 394 978 435 deditionem
1006 395 1143 436 fuisse.

236 471 239 478 ·
304 452 356 495 P.
370 453 444 508 59,
465 465 530 492 21.
560 451 657 503 Cap.
681 463 694 489 1
709 464 741 489 1.
773 450 866 490 Ηοο
883 451 1014 505 capite
1032 456 1172 492 narrat
1185 451 1320 491 Ducas
1337 457 1482 492 noster
1507 466 1645 492 causas
1657 465 1692 499 p,
1711 467 1777 499 223

190 507 248 548 ob
260 522 362 564 quas
377 507 583 548 lohannes
595 503 862 559 Palaeologus
874 506 1100 561 imperator
1117 522 1140 546 a
1153 521 1294 547 socero
1309 508 1460 547 iterum
1477 507 1647 547 alienior

183 564 338 615 factus,
369 561 486 618 cpoli
511 560 670 613 relicta,
699 561 742 600 in
760 561 918 601 Italiam
938 570 979 602 et
998 563 1261 602 Germaniam
1290 562 1544 613 discesserit3
1575 564 1647 603 ubi

190 624 400 659 transacto
440 617 633 666 biennio,
686 622 726 656 et
769 615 948 657 collectis
975 620 1172 671 pecuniae
1199 617 1392 658 subsidiis
1418 618 1471 658 ad
1501 618 1647 658 urbem

140 696 151 705 =
191 673 388 715 adversus
414 673 579 713 Turcos
615 671 837 724 tuendam,
869 673 1082 712 Tenedum
1119 674 1368 725 revertitur,
1398 673 1535 728 ibique
1563 675 1647 713 Ga·-

190 729 382 770 telusium
426 735 594 776 nactus,
638 741 734 766 cum
772 741 822 767 eo
850 727 903 767 de
932 728 1050 782 Cpoli
1085 735 1128 769 et
1155 729 1328 782 imperio
1356 729 1647 780 recuperandis

193 783 364 825 consilia
392 785 532 839 agitat.
602 782 806 822 Phranzes
833 781 905 822 lib.
940 797 955 823 1
989 798 1077 837 cap.
1114 783 1161 824 15
1192 783 1390 824 Gatelusii
1419 786 1647 824 nullatenus

191 841 402 888 meminit,
432 853 507 878 nec
535 837 656 878 etiam
684 837 947 891 profectionis
974 838 1169 879 Iohannis
1203 839 1437 893 Palaeologi
1465 841 1506 879 in
1536 839 1647 879 ltali-

193 909 281 946 am,
325 901 544 948 antequam
585 907 773 933 socerum
820 894 922 933 urhe
948 908 994 934 ac
1024 895 1199 948 imperio
1230 894 1415 949 pelleret.
1447 896 1530 936 imo
1559 910 1649 949 cap.

197 964 272 1006 17,
299 957 515 1005 postquam
541 949 653 988 solus
683 962 856 1001 regnare
892 957 1116 1003 coeperat,
1146 951 1282 989 auxilii
1313 958 1456 990 contra
1487 951 1647 990 Turcos

192 1005 355 1061 petendi
386 1019 508 1046 causa
529 1005 639 1044 illam
656 1004 944 1057 profectionem
968 1006 1186 1059 suscepisse
1205 1006 1358 1045 scribit.
1393 1006 1648 1045 Cantacuze..

191 1075 270 1102 nus
287 1061 357 1101 lib.
376 1059 403 1113 4
421 1075 456 1102 c.
476 1060 526 1100 33
545 1059 676 1099 tradit
704 1059 932 1100 Iohannem
943 1059 1251 1114 Palaeologum‚
1279 1075 1399 1114 quem
1429 1060 1649 1100 candidum

192 1130 245 1156 ac.
265 1117 488 1171 simplicem
530 1115 654 1167 dicit,
685 1128 709 1154 a
736 1114 982 1168 quibusdam
1010 1115 1151 1156 aulicis
1179 1117 1215 1155 ei
1243 1116 1516 1155 familiaribus
1542 1119 1649 1155 exci-

191 1176 326 1212 tamm
351 1185 399 1212 ac
436 1171 646 1211 irritatum
676 1169 821 1220 fuisse3
871 1170 1018 1223 hisque
1056 1171 1287 1211 rationibus
1327 1171 1370 1211 in
1408 1173 1651 1211 sententiam

191 1241 339 1267 eorum
386 1232 664 1280 pertractum,
705 1224 820 1278 quod
860 1225 1015 1267 scilicet
1045 1227 1350 1266 Cantacuzenus
1394 1240 1458 1266 res
1485 1227 1650 1280 imperii

192 1282 307 1323 solus
335 1288 503 1336 gereret
529 1295 576 1321 ac
600 1280 905 1331 moderaretur,
927 1288 1055 1321 totam
1077 1283 1303 1334 potentiam
1331 1283 1371 1320 in
1391 1296 1434 1320 se
1449 1281 1651 1332 traheret,

146 1333 149 1338 ¹
192 1338 492 1392 destinatisque
531 1335 585 1376 ad
618 1337 834 1390 imperium
878 1335 974 1375 filiis
1011 1336 1238 1376 Iohannem
1279 1336 1504 1390 legitimum
1533 1337 1652 1376 here-

193 1393 289 1434 dem
317 1392 526 1448 privatam
563 1405 684 1445 agere
722 1391 850 1430 vitam
889 1391 1050 1431 artibus
1091 1393 1175 1431 suis
1209 1398 1385 1446 cogeret.
1427 1392 1480 1430 nb
1507 1392 1651 1431 iisdem

194 1449 318 1489 etiam
347 1449 629 1488 Cantacuzeno
656 1446 927 1486 obiiciebatur
955 1447 1065 1500 quod
1098 1448 1262 1486 inermis
1293 1447 1493 1486 Iohannes
1521 1446 1654 1487 Thes-

192 1503 397 1544 salonicae
437 1503 612 1554 relictus
645 1502 884 1541 Turcorum
927 1502 1234 1541 incursionibus
1274 1502 1479 1554 expositus
1521 1510 1653 1554 esset,

189 1559 292 1600 dum
319 1559 528 1600 universas
555 1555 695 1611 copias
735 1564 880 1597 contra
909 1557 1077 1597 Serviae
1112 1557 1272 1597 Cralern
1303 1557 1474 1596 duxerat
1504 1559 1654 1596 Canta-

194 1628 388 1658 cuzenus.
407 1614 472 1654 his
493 1613 633 1667 itaque
657 1619 868 1666 permotus
891 1612 1158 1666 Palaeologus
1177 1614 1402 1652 etiamnum
1418 1612 1656 1653 adolescens

193 1684 290 1710 cum
321 1683 470 1711 socero
499 1668 722 1709 simultates
754 1668 928 1721 odiaque
948 1667 1107 1707 occulta
1135 1682 1327 1707 exercere
1343 1668 1500 1721 coepit,
1518 1669 1656 1708 Tene-

193 1725 296 1765 dum
340 1725 523 1776 aufugit,
552 1731 592 1762 et
618 1723 714 1762 inde
742 1724 821 1776 Cp.
863 1737 932 1775 spe
963 1722 1153 1777 potiundi
1180 1723 1285 1762 urbe
1311 1723 1459 1762 ductus
1487 1724 1657 1762 reverti-

193 1787 280 1820 tur.
319 1793 467 1820 verum
511 1778 782 1819 Cantacuzeni
820 1777 968 1828 factio,
1019 1791 1120 1830 opes
1130 1808 1145 1828 ,
1185 1778 1293 1830 apud
1345 1778 1653 1818 multitudinem

233 1835 351 1886 -atia,
380 1841 504 1888 atque
537 1832 660 1876 etiam
703 1833 971 1886 imperatricis
1015 1833 1320 1872 Cantacuzenae
1349 1832 1555 1886 diligentia
1585 1835 1655 1872 10-

193 1850 344 1930 ffannis
380 1889 591 1929 molimina
640 1888 760 1927 irrita
789 1887 1084 1937 reddiderunt,
1111 1893 1240 1941 utque
1268 1887 1452 1926 Galatam
1481 1902 1524 1927 se
1551 1890 1655 1927 reci-

194 1952 313 2000 peret
351 1945 587 2000 adegerunt.
625 1943 793 1983 tandem
811 1971 823 1993 ‚
865 1956 961 1982 cum
990 1941 1262 1995 Palaeologus
1294 1956 1482 1981 socerum
1507 1944 1548 1981 in
1578 1944 1655 1982 im-

194 2002 408 2057 peratorio
437 1999 581 2041 sedere
608 1997 708 2038 solio
739 1998 891 2038 diutius
919 1998 1028 2038 ferre
1059 2011 1141 2038 non
1171 2003 1321 2050 posset,
1347 1997 1560 2037 Tenedum
1593 2012 1659 2037 re-

126 2088 136 2107 .
195 2056 327 2112 petit,
353 2055 425 2096 ubi
465 2068 685 2095 conscensa
725 2067 807 2092 una
833 2053 979 2093 biremi
1006 2052 1169 2107 Cpolim
1199 2059 1341 2092 vectus
1363 2052 1506 2092 urbem
1539 2067 1657 2092 reeu-

196 2118 334 2168 perat‚
366 2112 569 2164 simulque
599 2110 904 2150 Cantacuzenus
924 2109 1054 2149 vitam
1082 2108 1347 2147 monasticam
1380 2109 1659 2161 amplectitur.

198 2167 362 2208 nullum
403 2165 594 2221 equidem
641 2165 693 2205 de
729 2163 943 2204 Gatelusio
984 2162 1156 2204 verbum
1186 2161 1285 2202 facit
1313 2163 1621 2203 Cantacuzenus
1644 2194 1657 2214 ‚

198 2223 384 2277 quamvis
427 2222 696 2262 certissimum
737 2220 789 2259 sit
818 2220 1079 2259 Genuensem
1116 2217 1234 2257 illum
1262 2219 1462 2271 egregiam
1487 2232 1660 2271 operam

197 2277 378 2320 Iohanni
405 2276 653 2330 Palaeologo
686 2276 907 2318 navavisse.
935 2274 1129 2329 quodque
1150 2274 1460 2314 Cantacuzenus
1490 2274 1659 2314 Gatelu-

198 2334 247 2374 sii
271 2333 426 2373 facinus
451 2333 653 2382 tacuerit,
691 2331 838 2370 merito
867 2332 908 2369 in
937 2329 1210 2384 suspicionem
1238 2330 1352 2368 venit
1378 2330 1508 2368 multa
1536 2329 1659 2370 silen-

199 2391 260 2429 tio
288 2389 581 2438 transmisisse,
618 2401 724 2439 quae
762 2384 839 2439 ipsi
881 2385 1058 2425 dedecus
1094 2398 1144 2424 ac
1187 2384 1320 2424 famae
1364 2383 1660 2425 detrimentum

201 2457 345 2485 creare
372 2449 578 2497 poterant.
608 2442 660 2481 de
685 2440 911 2490 Gatelusi0‚
938 2447 1106 2494 praeter
1133 2447 1319 2478 nostrum
1336 2440 1507 2490 Ducam,
1536 2455 1660 2493 prae-

201 2499 310 2540 clare
347 2495 558 2540 disserunt
592 2497 818 2538 Genuensis
862 2496 1058 2536 historiae
1099 2494 1342 2548 scriptores.
1401 2495 1660 2549 Augustinus

202 2556 449 2596 Iustinianus
486 2554 704 2607 episcopus
747 2550 960 2591 Nebiensis
1002 2553 1045 2590 in
1077 2549 1308 2590 Annalibus
1332 2549 1471 2591 ltalice
1502 2551 1660 2604 scriptis
1794 2577 1796 2579 »

203 2610 255 2650 ad
283 2625 377 2654 ann.
414 2609 544 2650 1355:
574 2608 842 2663 l‘Imperatore
877 2607 923 2646 di
955 2607 1076 2662 Cpoli
1100 2605 1304 2645 nominato
1337 2605 1661 2645 Calo-Iohanni
1672 2616 1713 2651 v*
1736 2622 1801 2667 ¹74

202 2660 277 2705 con
304 2666 463 2720 aggiuto
489 2665 537 2704 di
572 2665 801 2703 Francesco
832 2663 1044 2702 Gattilusio
1075 2662 1251 2701 Genoese
1282 2661 1437 2700 scancia
1477 2676 1556 2700 uno
1585 2676 1660 2701 no-

206 2723 355 2771 minato
384 2722 654 2770 Οαεασοείηο,
697 2720 765 2759 elce
801 2719 861 2771 gli
890 2731 1101 2775 occupava
1136 2726 1253 2772 parte
1277 2717 1373 2758 dcll'
1418 2718 1614 2772 impcri03
1643 2731 1664 2756 ε
