1950 3198
485 576 957 624 ··BUL‘LIALDI'
991 577 1367 625 EPISTOLA.
1406 591 1409 593 ’

553 755 904 801 ''tumtnrissmo
936 775 985 801 ac
1016 751 1323 802 innusriixssm'o
1360 766 1362 768 ’

671 851 843 969 ι”υ
925 889 979 948 L
1043 852 1086 947 ‘1
1136 844 1229 951 so

621 1020 665 1063 S.
705 1018 761 1062 R.
801 1020 853 1061 E.
893 1019 1282 1061 CARDINALI

411 1111 541 1217 Μ,
593 1137 654 1213 A
712 1136 781 1213 ¹z
855 1132 919 1211 A?
991 1134 1055 1195 R
1105 1117 1164 1192 '1
1218 1106 1305 1221 ‘N
1383 1131 1460 1196 ο.

215 1405 434 1483 .Ad.tg,.
451 1431 704 1485 cuminus
732 1431 1088 1482 Eummssxuz,
1115 1430 1196 1476 hoc
1216 1432 1357 1473 Ducae
1384 1445 1484 1487 opus
1511 1430 1681 1472 histori-

189 1571 192 1575 .
225 1527 344 1559 cum
341 1514 577 1581 animique
584 1513 666 1556 mei
695 1514 738 1554 in
765 1513 926 1567 edendo
953 1514 1027 1555 illo
1055 1512 1396 1569 qualemcumque
1426 1514 1556 1555 fetum
1584 1513 1683 1554 affe·-

225 1605 303 1632 ro·
290 1592 449 1663 ,apud
477 1607 601 1649 quem
628 1584 755 1632 Musis
779 1605 1004 1647 earumque
1032 1591 1178 1648 mystis
1210 1592 1385 1632 amicum
1412 1591 1585 1633 tenellus
1613 1590 1683 1632 ille

226 1677 268 1710 et
295 1658 482 1712 infirmus
523 1671 679 1712 felicius
706 1660 936 1713 adolescere
961 1678 1001 1712 et
1040 1670 1191 1711 virium
1219 1667 1519 1711 incrementum
1551 1658 1683 1710 susci..

225 1761 323 1803 pere
348 1750 504 1804 possit,
547 1749 732 1805 quibus
721 1750 889 1790 iniurias
916 1750 1235 1805 invidorumque
1262 1749 1484 1791 calumnias
1512 1749 1681 1804 propel-

225 1825 314 1869 lere
344 1835 478 1883 queat.
544 1827 673 1869 Aliud
717 1828 910 1884 equidem
949 1828 1076 1869 tutius
1122 1827 1386 1884 nobiliusque
1410 1829 1681 1882 patrocinium

225 1906 374 1961 eligere
413 1921 498 1948 non
526 1906 683 1959 habui3
725 1914 769 1947 et
795 1908 959 1962 genium
987 1910 1067 1947 iam
1099 1908 1251 1948 habere
1283 1907 1389 1948 liber
1416 1908 1681 1961 victurusque

224 1983 328 2025 mihi
372 1985 537 2026 videtur
557 2014 570 2037 ,
615 1984 727 2040 quod
770 1984 979 2026 clientelae
1020 1993 1115 2026 tuae
1152 2000 1195 2026 se
1223 1985 1476 2037 crediderit,
1505 1985 1676 2038 Tuque,

225 2061 477 2105 Cumanis
518 2063 874 2112 Euinnnrissme,
915 2077 1009 2103 eum
1037 2063 1264 2103 admiseris.
1325 2062 1580 2117 Inscriptum
1607 2075 1678 2101 ce-

223 2139 492 2183 leberrimum
509 2154 658 2181 nomen
675 2148 808 2190 tuum,
843 2155 919 2181 ceu
938 2148 1223 2181 ornamentum
1248 2140 1444 2195 dignitate
1467 2154 1514 2179 ac
1542 2139 1680 2194 splen-

168 2265 172 2268 ,
223 2218 326 2260 dore
353 2219 621 2275 conspicuum
638 2248 651 2270 ‚
690 2220 732 2259 in
777 2219 912 2259 fronte
940 2233 1033 2258 cum
1065 2225 1221 2274 gestet3
1248 2218 1444 2273 quodque
1472 2220 1583 2258 inter
1612 2232 1678 2258 ce-

226 2302 338 2338 teros
364 2296 494 2338 libros
519 2296 851 2338 adnumerandus
878 2296 1004 2336 etiam
1033 2297 1100 2348 sit,
1131 2296 1277 2351 quibus
1307 2297 1462 2337 artium
1490 2296 1680 2336 scientia-

223 2388 400 2430 rumque
425 2375 610 2416 omnium
631 2373 850 2424 officinam,
883 2373 1177 2414 bibliothecam
1203 2381 1319 2414 tuam
1348 2373 1679 2428 superbissimam

226 2467 274 2493 ac
301 2453 735 2509 magnificentissimam
775 2453 919 2507 ψυχῆς
950 2450 1136 2507 ἰατρεῖον
1163 2467 1359 2504 exornas,
1390 2467 1584 2508 magnum
1613 2454 1678 2493 in-

225 2531 277 2572 de
323 2531 449 2573 decus
490 2532 566 2587 ipsi
605 2546 865 2572 accessurum
912 2545 1045 2585 spero.
1119 2530 1281 2571 Nomen
1318 2530 1526 2581 auctoris,
1565 2532 1682 2571 cuius

226 2609 401 2651 maiores
434 2611 615 2665 Byzantii
645 2609 745 2650 olim
778 2616 1029 2664 regnarunt‚·
1075 2609 1128 2650 ab
1153 2609 1358 2651 oblivione
1387 2609 1680 2661 vindicabitur,

227 2688 467 2742 inscriptura
484 2687 540 2727 illi
559 2687 829 2728 bibliothecae
843 2687 1112 2740 amplitudine
1138 2703 1211 2728 sua
1241 2688 1377 2728 omnia
1405 2687 1680 2742 complecten-

227 2766 286 2815 ti,
318 2766 434 2806 cuius
479 2772 682 2806 structura
721 2766 851 2806 famae
894 2773 988 2805 tuae
1018 2766 1280 2820 perpetuitati
1313 2767 1356 2805 in
1383 2778 1505 2805 omne
1534 2778 1681 2806 aevum
