1890 3204
299 147 413 216 554
870 163 1155 208 BULLIALDI

296 273 444 318 rat-em,
474 274 521 308 ut
546 267 808 318 liberaretur,
835 273 1042 308 exoratum
1070 265 1317 308 hahuerunt.
1341 270 1482 305 narrat
1508 266 1738 320 postea-19-

295 323 472 368 hannem
500 324 542 363 in
576 323 732 365 Italiam
770 322 1025 376 profectum,
1062 321 1341 361 Andronicum
1382 327 1634 361 excaecatum
1661 321 1735 365 de-

294 385 456 432 spotam
484 378 607 419 rebus
634 378 793 431 imperii
819 377 973 416 interea
1009 376 1277 430 procurandis
1304 375 1565 430 praefecisse:
1596 383 1638 416 at
1661 371 1736 416 ubi

295 447 482 474 reversus
511 433 604 483 fuit,
634 432 868 472 Manuelem
897 430 1026 471 filium
1055 444 1175 470 suum
1200 430 1378 471 secundo
1407 431 1615 484 genitum,
1644 431 1738 471 uni-

215 489 217 491 ’
294 489 425 528 versis
454 486 817 541 applaudentibus,
854 488 1143 539 imperatorem
1181 484 1474 539 proclamasse,
1492 485 1602 539 quod
1630 484 1736 533 indi-

294 557 373 597 gne
396 543 532 582 ferens
557 541 818 581 Andronicus
845 541 895 581 ad
912 542 1129 580 Baiazitem
1157 541 1335 595 aufugit3
1368 547 1408 579 et
1437 539 1664 582 auxiliaab
1687 554 1738 581 eo

294 603 560 647 consecutus,
603 596 748 636 urbem
789 603 919 636 noctu
945 609 992 636 ex
1020 597 1244 649 improviso
1274 595 1439 635 adortus
1466 602 1626 648 patrem
1652 594 1740 634 fra-

294 659 480 706 tremque
511 653 621 704 cepit
648 656 691 691 et
718 650 761 690 in
785 665 986 691 carcerem
1019 651 1246 704 compegit;
1277 650 1349 704 qui
1377 657 1466 703 post
1493 650 1595 689 duos
1612 662 1740 689 annos

294 721 388 747 cum
413 706 600 756 semisse,
629 704 816 760 Bulgaris
842 705 1080 746 custodibus
1111 705 1314 759 deceptis,
1345 706 1396 744 ad
1424 704 1742 757 Baiazitemrau-

293 762 488 815 sugerunt
503 790 516 811 ,
540 760 775 815 tributaque
796 775 932 801 annua
969 760 1144 815 pendere
1168 759 1336 813 polliciti
1362 761 1404 799 in
1431 760 1644 813 imperium
1673 773 1742 798 re-

294 816 406 855 ducti
435 822 543 857 sunt.
573 816 650 855 hac
679 816 730 855 de
759 830 806 856 re
834 816 1001 857 Laonici
1044 816 1228 855 narratio
1256 814 1327 858 lib.
1365 827 1380 854 ι
1413 813 1502 854 hist.
1533 814 1584 854 de
1618 813 1741 854 rebus

295 872 428 910 Ture.
459 868 578 910 valde
613 870 781 911 confusa
810 878 899 922 est,
941 884 1021 911 nec
1045 869 1108 910 his
1133 872 1344 911 consentit.
1369 869 1458 908 vult
1486 869 1607 909 etiam
1647 875 1742 908 ante

295 925 519 966 Andronici
561 928 888 966 excaecationem
916 925 1142 966 iohannem
1166 926 1209 964 in
1240 924 1399 964 Italiam
1427 923 1660 964 discessisse.
1689 923 1744 963 de

296 979 521 1020 Andronici
550 980 603 1020 ad
630 981 844 1021 Baiazitem
884 981 1134 1035 profectione
1162 979 1235 1020 lib.
1263 993 1287 1019 2
1318 979 1438 1031 agit„

408 1034 597 1089 Ρ.46,9.
644 1032 827 1091 δάνειον]
861 1036 988 1089 Apud
1013 1035 1112 1076 alios
1140 1034 1290 1089 legitur
1308 1031 1746 1087 Daoniumroppidum

297 1096 359 1130 est
378 1089 579 1130 Thraciae
595 1091 845 1131 maritimum
861 1092 936 1132 sub
955 1091 1209 1131 Heracleensi
1227 1089 1506 1142 metropolita.
1533 1087 1743 1142 Heraclea,

296 1159 402 1199 quae
429 1145 551 1186 hodie
575 1145 820 1198 Propontidi
847 1146 1007 1186 adiacet
1036 1152 1077 1186 et
1103 1144 1334 1198 metropolis
1360 1150 1436 1191 est,
1457 1141 1566 1182 'olim
1595 1141 1745 1182 Perin-

297 1201 394 1239 thus
422 1199 626 1253 appellata
655 1201 758 1252 fuit,
789 1208 837 1240 ut
864 1201 975 1241 clare
1004 1201 1125 1241 docet
1150 1199 1375 1252 inscriptio,
1407 1211 1529 1252 quam
1552 1196 1746 1240 Heracle-

302 1269 351 1294 ae
379 1269 488 1294 anno
521 1254 620 1310 1647
651 1257 751 1295 Maii
776 1255 842 1296 die
876 1270 890 1296 1
929 1269 976 1296 ex
1003 1269 1207 1295 marmore
1237 1254 1579 1306 transcripsimus.
1625 1252 1747 1306 Lapis

301 1308 371 1349 ille
393 1323 644 1350 marmoreus
689 1310 788 1350 olim
823 1311 902 1350 fuit
938 1310 1156 1365 stylobates
1173 1341 1186 1360 ,
1230 1308 1297 1349 cui
1324 1307 1580 1363 imperatoris
1608 1306 1748 1346 Severi

301 1370 438 1404 statua
465 1364 657 1418 imposita
680 1372 783 1405 erat.
810 1365 952 1419 parieti
979 1366 1122 1419 templi
1143 1365 1475 1417 metropolitanae
1505 1361 1749 1401 Heracleen-

302 1420 382 1470 sis,
410 1419 791 1473 quodtemplorum
822 1421 1151 1460 Christianorum
1178 1433 1250 1472 per
1279 1419 1494 1459 Graeciam
1519 1417 1749 1456 universam

301 1473 564 1514 residuorum
604 1475 943 1528 elegantissimum
980 1482 1068 1526 est,
1117 1481 1346 1514 transverse
1382 1474 1557 1513 insertus
1604 1472 1750 1511 visitur

301 1527 405 1582 lapis
434 1529 530 1580 ille,
572 1543 655 1568 non
689 1536 874 1582 erectus,
903 1537 943 1570 et
971 1530 1041 1583 qui
1068 1528 1183 1568 illum
1216 1530 1424 1568 inseruere
1453 1525 1582 1574 fabri,
1614 1525 1748 1564 forin-

301 1597 418 1624 secus
446 1584 749 1636 inscriptionem
792 1598 990 1638 apparere
1006 1613 1018 1636 ‚
1051 1590 1099 1623 ut
1126 1583 1350 1637 legeretur,
1382 1582 1614 1622 voluerunt.
1640 1578 1749 1619 illam

302 1639 345 1677 in
383 1639 660 1678 marmoribus
689 1639 990 1679 Arundellianis
1033 1638 1230 1678 Seldenus
1271 1638 1528 1690 transcripsit
1552 1649 1644 1689 pag.
1680 1633 1746 1684 55,

168 1701 211 1737 V.
230 1693 376 1747 ⁸75sed
404 1701 668 1748 corruptam:
699 1693 860 1748 qualem
890 1694 966 1747 ipsi
995 1694 1166 1747 legimus
1183 1721 1196 1744 ,
1227 1692 1293 1732 hic
1321 1692 1616 1747 proponimus:

791 1769 1042 1811 ΑΓΑΘΗΙ
1074 1769 1270 1810 TYXHI

641 1823 1106 1867 AYTOKPATOPA
1131 1823 1417 1865 KAIEAPA

641 1880 759 1921 ΣΕΠ
769 1878 1001 1920 ΤιΜιοΝ
1024 1878 1342 1919 ΣΕΟΥΗΡΟΝ
1365 1877 1402 1931 *)

716 1933 949 1974 ΕΥΣΕΒΗ
970 1933 1344 1974 HEPTINAKA

691 1987 1014 2029 §EBACTON
1039 1986 1375 2028 APABIKON

625 2042 1086 2086 AAIABHNIKON
1108 2041 1446 2083 ΠΑΡΘΙΚΟΝ

638 2096 956 2139 ΜΕΓῙΣΤΟΝ
992 2097 1044 2136 H
1067 2095 1284 2136 BorAH
1309 2097 1428 2139 ΚΑΙ

820 2149 856 2191 ο
879 2151 1103 2193 ΔΗΜοΣ
1130 2150 1253 2190 ΤΩΝ

866 2205 1204 2249 ΝΕοΚοΡΩΝ

856 2259 1212 2303 ΠΕΡΙΝΘΙΩΝ

308 2352 413 2392 quae
438 2345 570 2380 statua
608 2339 744 2394 posita
782 2337 862 2379 fuit
900 2338 1045 2392 procul
1080 2337 1205 2377 dubio
1242 2351 1267 2377 a
1295 2335 1540 2382 Perinthiis,
1589 2334 1755 2388 quando

309 2402 429 2449 capta
457 2410 481 2434 a
508 2397 685 2445 Severo,
715 2409 820 2448 quae
847 2395 884 2434 ei
918 2394 1022 2433 fame
1048 2392 1259 2445 compulsa
1287 2406 1330 2432 se
1357 2391 1562 2445 permisit,
1591 2390 1752 2443 Byzan..

309 2451 441 2501 tium,
469 2451 598 2490 muris
626 2449 781 2490 balneis
809 2449 1059 2503 publicisque
1078 2447 1268 2489 aedificiis
1296 2448 1379 2487 eius
1408 2446 1575 2495 dirutis,
1604 2445 1643 2483 in
1673 2445 1754 2484 vici

312 2504 484 2545 formam
511 2505 700 2555 redacta,
730 2506 841 2546 omni
871 2503 1152 2544 iurisdictione
1179 2503 1333 2557 privata
1346 2531 1358 2554 ,
1388 2499 1603 2542 Perinthiis
1631 2498 1754 2538 attri-

337 2686 368 2730 ‘)
400 2684 555 2722 Ultimae
579 2684 743 2727 syllabae
761 2683 917 2720 duarum
931 2695 1060 2719 vocum
1077 2684 1291 2728 Σεπτιμιον
1305 2683 1496 2729 :comum
1520 2679 1574 2716 ita
1597 2679 1757 2726 scriptae

452 2738 565 2773 sunt,
592 2739 633 2766 ut
657 2732 759 2767 intra
776 2733 807 2766 Ο
828 2724 871 2767 τὸ
897 2732 938 2766 Ν
964 2729 1297 2778 comprehendatur.
