1884 3216
244 195 355 251 308
593 211 773 255 unctus
806 194 1090 252 MianEms
1130 187 1352 255 NEPo‘ris

243 308 460 368 ἦθέτησαν
499 313 544 354 ἐν
571 307 683 368 αὐτῇ
698 343 711 365 ,
753 312 938 365 ἐγένοντο
967 309 1074 367 αὐτῇ
1096 308 1159 360 ἐἰς
1185 309 1384 367 ἐχθρούς.
1439 304 1694 368 μετῳκίσθῆ,

241 375 268 433 ἦ
297 377 419 420 Ἀσία
460 375 542 419 ἀπὸ
589 374 877 423 ταπεινώσεως
909 375 1037 428 αύτῆς
1070 375 1143 416 καί
1167 375 1249 417 ἀπὸ
1278 376 1465 431 πλήθους
1485 372 1677 453 δὀυλεὺιις

242 440 390 497 αύτῆς.
449 440 643 485 ἐκάθισεν
668 443 711 483 ἐν
741 439 926 491 ἔθνεσιν,
967 435 1047 494 οὐχ
1074 435 1197 495 ευρεν
1222 440 1473 484 ἀνάπαυσιν.
1532 437 1677 491 πάντες

242 522 283 550 οι
311 504 632 554 καταδιώκοντες
660 503 796 559 αυτὴν
814 504 1042 557 κατέλαβον
1067 501 1201 559 αύτὴν
1222 504 1301 550 οἷνιὶ
1324 506 1450 559 μέσον
1476 506 1556 549 τῶν
1582 506 1702 546 θλιο.

213 561 216 563 ‚
242 573 413 626 βὸντων.
484 570 575 614 ὁὸοι
617 570 775 618 πόλεως
800 571 1025 611 πενθοῦσιν
1054 569 1170 626 παρὰ
1193 569 1239 613 τὸ
1271 569 1329 625 μή
1361 566 1469 613 εἶναι
1500 570 1712 626 §exous-5

200 647 341 686 Βνους
368 637 428 686 εἰς
466 634 632 691 ἑορτήν.
700 636 835 675 πᾶσαι
877 631 922 675 αἱ
960 632 1109 676 πύλαι
1129 630 1260 690 αύτῆς
1287 636 1579 716 ἠφανισμέναι.
1635 630 1676 677 οἶ

241 700 368 756 ἱερεῖς
407 701 534 755 αὐτῆς
582 699 931 749 ἅναστενάζουσιν
950 731 963 752 ‚
993 697 1037 741 αἱ
1064 700 1268 780 παρθένοι
1294 702 1424 755 αύτῆς
1452 695 1675 755 αγόμεναι,

240 783 311 809 και
337 764 442 820 avve)
473 765 768 819 πικραινομένη
797 764 842 805 ἐν
869 761 1018 821 savz-'⁷⁸7'-
1076 766 1258 819 ἐγένοντο
1288 763 1327 807 οἱ
1356 763 1585 820 θλίβοντες
1595 759 1677 806 αύ-

238 830 313 886 τὴν
343 833 402 879 εἰς
433 827 620 885 κεφαλήν
647 844 719 870 και
750 827 789 870 οἱ
818 829 971 884 ἐχθρω
997 829 1128 885 αύτῆς
1155 829 1403 885 εὖθηνοῢσιν
1421 861 1435 885 ,
1464 826 1530 872 ὅτι
1556 823 1675 884 κύρι-

239 910 287 944 ος
326 894 601 937 ἐταπείνωσεν
645 891 779 948 αὐτὴν
818 894 891 935 ἐπὶ
924 891 969 936 τὸ
995 895 1154 949 πλῆθος
1194 897 1275 936 τῶν
1304 895 1505 948 ἀσεβειῶν
1532 893 1738 949 aziz-5410·

237 960 288 1002 τὰ
333 957 461 1013 νήπια
504 958 633 1013 αὐτῆς
671 955 880 1013 ἐπορεύθη
925 959 969 1000 ἐν
1011 959 1279 1017 αἰχμαλωσὰιτ
1317 958 1422 1019 κατὰ
1458 958 1676 1014 πρόσωπον

104 1026 465 1078 Ὺ.139θλίβοντος,
496 1023 571 1064 καί
596 1024 770 1078 ἐξῆλθεν
798 1024 844 1064 ἐκ
874 1022 1088 1079 θυγατρὸς
1113 1022 1225 1066 Σιών
1252 1024 1367 1066 πᾶσα
1394 1023 1420 1079 ἡ
1448 1020 1676 1079 εὐπρέπεια

179 1132 182 1144 ,
238 1089 386 1143 αὐτῆς.
455 1089 642 1141 ἐγένοντο
689 1085 728 1129 οἱ
769 1082 964 1142 ἄρχοντες
994 1087 1121 1143 αὐτῆς
1148 1085 1288 1144 ὥσπερ
1313 1090 1426 1144 κριοί
1450 1088 1528 1143 οὐχ
1561 1087 1676 1144 εὑρί-

237 1169 403 1204 σκοντες
429 1152 582 1207 νομήν,
606 1151 680 1194 καί
705 1152 951 1208 ἐπορεύοντο
991 1155 1037 1195 ἐν
1064 1153 1140 1194 οὐκ
1169 1152 1290 1208 ἰσχύϊ
1318 1152 1425 1197 κατὰ
1454 1151 1676 1211 πρόσωπον

238 1216 470 1266 διώκοντος.
528 1218 687 1267 ἰδόντες
715 1215 753 1258 οἱ
780 1218 934 1272 ἐχθροί
960 1218 1086 1273 αὐτῆς
1114 1220 1314 1273 ἐγέλασαν
1340 1220 1412 1260 ἐπί
1439 1219 1675 1278 μετοικεσίᾳ
1693 1225 1740 1267 15
1763 1243 1765 1245 v

239 1285 381 1339 αὐτῆς.
439 1283 651 1339 ἁμαρτίαν
691 1279 876 1336 ἥμαρτεν
903 1280 1200 1339 Ἰερουσαλήμ·
1259 1284 1330 1325 διὰ
1362 1285 1481 1327 τοῦτο
1510 1287 1570 1335 εἰς
1597 1285 1674 1328 σά·-

240 1353 312 1391 λον
340 1349 518 1402 ἐγένετο,
584 1352 710 1402 χεῖρα
740 1348 878 1388 αὐτοῦ
920 1349 1162 1398 ἐξεπέτασεν
1210 1346 1233 1389 0‘
1261 1349 1420 1401 θλίβων
1447 1349 1518 1391 ἐπί
1541 1347 1674 1393 πάντα

109 1420 143 1456 P.
165 1413 292 1466 ι74τὰ
325 1412 626 1468 ἐπιθυμήματα
663 1411 805 1467 αὐτῆς.
872 1408 958 1454 εἶδε
999 1411 1080 1468 γὰρ
1121 1412 1220 1468 ἔθνη
1257 1413 1501 1457 εἰσελθόντα
1539 1417 1599 1465 εἰς
1625 1415 1671 1457 τὸ

239 1477 427 1534 ἆγίασμα
475 1478 628 1531 αὐτῆς,
671 1474 701 1518 ἃ
738 1479 923 1519 ἐνετείλω
950 1477 1007 1533 μὴ
1037 1479 1242 1520 εἰσελθεῖν
1268 1479 1327 1528 εἰς
1353 1478 1428 1534 τὴν
1456 1481 1688 1536 ἐκκλησίαν

236 1559 330 1587 σου.
394 1533 492 1592 πᾶς
516 1541 538 1585 ὃ
561 1540 663 1592 λαός
690 1541 818 1597 αὐτῆς
861 1542 1227 1593 καταστενάζοντες
1245 1574 1259 1598 ,
1293 1545 1509 1599 ζητοῦντες
1534 1540 1738 1602 &protum

237 1607 398 1651 ἔδωκαν
434 1606 487 1650 τὰ
532 1605 834 1663 ἐπιθυμήματα
883 1604 1013 1663 αὐτῆς
1048 1610 1105 1653 ,ἐν
1128 1608 1287 1670 βρώσει
1323 1611 1398 1652 τοῦ
1424 1613 1674 1666 ἐπιπρέψαι

236 1670 396 1728 ψυχήν.
455 1672 541 1726 ἴδε,
570 1670 711 1728 κύριε,
740 1673 814 1714 καί
839 1673 1080 1727 ἐπιβλεψον.
1142 1672 1291 1724 πάντες
1318 1674 1356 1718 οἱ
1384 1674 1672 1732 παραπορευό-

234 1754 354 1793 μενοι
382 1737 482 1781 ὁδὸν
506 1738 763 1792 ἐπιβλέψατε
791 1737 862 1779 καί
882 1737 991 1780 ἴδετε
1019 1740 1060 1782 εἶ
1085 1736 1198 1783 ἔστιν
1224 1735 1348 1796 ἄλγος
1377 1740 1484 1784 κατὰ
1517 1740 1565 1784 τὸ
1593 1736 1671 1785 ἅλ-

236 1917 349 1962 gravit
359 1917 442 1951 Asia
454 1921 601 1962 propter
611 1916 840 1951 afflictionem
857 1922 893 1950 et
903 1916 1174 1952 multitudidem
1188 1919 1379 1954 servitutis.
1391 1919 1589 1954 habitavit
1578 1925 1673 1956 mter

237 1970 372 2008 gentes,
397 1975 464 1996 nec
488 1963 629 1997 invenit
654 1965 825 2019 requiem.
847 1975 969 1997 omnes
991 1970 1237 2010 persecutores
1254 1966 1329 1999 eius
1356 1966 1673 2022 apprehenderunt
1704 1995 1711 2002 ,

238 2022 316 2043 eam
330 2011 425 2044 inter
440 2010 632 2055 angustias.
652 2011 732 2045 viae
756 2011 855 2044 urbis
880 2011 1006 2055 lugent
1029 2023 1072 2044 eo
1089 2011 1187 2057 quod
1203 2023 1276 2045 non
1293 2013 1366 2046 sint
1388 2014 1451 2058 qui
1465 2014 1612 2048 veniant
1625 2014 1672 2048 ad

236 2058 512 2090 solemnitatem.
539 2068 661 2090 omnes
685 2063 810 2102 portae
833 2057 908 2091 eius
924 2058 1139 2100 destructae,
1167 2059 1369 2092 sacerdotes
1385 2060 1462 2093 eius
1477 2066 1671 2105 gementes,

234 2105 390 2147 virgines
409 2104 485 2136 eius
505 2103 752 2148 squalidae‚e
734 2109 770 2137 et
787 2105 865 2149 ipsa
890 2115 1057 2149 oppressa
1078 2105 1327 2138 amaritudine.
1346 2106 1431 2139 facti
1450 2111 1534 2140 sunt
1548 2106 1671 2141 hostes

237 2151 314 2183 eius
340 2151 378 2182 in
402 2151 531 2194 capite,
554 2150 691 2183 inimici
710 2151 787 2184 eius
820 2151 1032 2196 locupletati
1059 2157 1153 2193 sunt,
1171 2152 1256 2196 quia
1276 2152 1440 2186 dominus
1466 2152 1672 2187 humiliavit

235 2207 314 2229 eam
338 2202 484 2240 propter
519 2196 791 2230 multitudinem
823 2197 1056 2242 iniquitatum
1082 2199 1169 2231 eius.
1193 2198 1331 2242 parvuli
1356 2199 1432 2232 eius
1460 2198 1561 2232 ducti
1586 2205 1672 2233 sunt

235 2243 275 2275 in
299 2243 543 2286 captivitatem
577 2249 660 2276 ante
685 2244 812 2276 faciem
854 2244 1072 2277 tribulantis.
1110 2250 1146 2278 et
1171 2255 1330 2288 egressus
1358 2249 1413 2278 est
1438 2255 1459 2277 a
1481 2245 1556 2278 filia
1581 2245 1669 2280 Sion

236 2290 350 2321 omnis
378 2289 486 2321 decor
513 2290 602 2323 eius.
627 2290 713 2323 facti
737 2296 821 2323 sunt
844 2291 1024 2335 principes
1050 2291 1127 2324 eius
1151 2292 1251 2325 velut
1275 2291 1405 2324 arietes
1428 2302 1502 2326 non
1527 2291 1670 2325 inveni-

236 2341 336 2368 entes
364 2346 512 2379 pascua3
539 2341 576 2368 et
599 2336 767 2370 abierunt
790 2336 926 2382 absque
950 2337 1162 2371 fortitudine
1187 2342 1270 2370 ante
1293 2338 1421 2370 faciem
1445 2338 1669 2383 subsequen-

234 2382 291 2415 tis.
322 2381 493 2414 viderunt
523 2393 601 2415 eam
627 2383 769 2424 hostes,
809 2389 846 2417 et
871 2384 1074 2418 deriserunt
1096 2384 1343 2428 migrationem
1369 2384 1457 2417 eius.
1481 2390 1668 2429 peccatum

234 2428 396 2472 peccavit
431 2428 650 2462 Ierusalem:
679 2435 868 2474 propterea
906 2430 1086 2464 instabilis
1119 2431 1213 2464 facta
1237 2435 1300 2463 est.
1335 2432 1505 2485 (ιο-13)
1524 2443 1668 2464 manum

232 2475 333 2507 misit
355 2473 470 2507 hostis
495 2474 541 2507 ad
567 2476 686 2508 omnia
714 2476 969 2510 desiderabilia
993 2477 1093 2518 eius,
1119 2477 1205 2522 quia
1230 2476 1323 2509 vidit
1345 2482 1466 2520 gentes
1494 2477 1669 2522 ingressas

234 2520 477 2553 sanctuarium
502 2532 628 2562 suum,
660 2522 704 2555 de
731 2522 863 2568 quibus
890 2534 1121 2568 praeceperas
1144 2533 1190 2556 ne
1215 2523 1392 2557 intrarent
1414 2523 1453 2556 in
1481 2525 1669 2557 ecclesiam

234 2573 344 2600 tuam.
370 2567 484 2600 omnis
500 2569 656 2611 populus
677 2570 754 2602 eius
778 2580 921 2613 gemens
955 2575 992 2604 et
1018 2581 1192 2614 quaerens
1215 2580 1356 2614 panem.
1386 2568 1563 2604 dederunt
1585 2581 1669 2615 pre-

233 2614 327 2647 tiosa
353 2623 519 2657 quaeque
557 2625 621 2658 pro
647 2615 727 2648 cibo
755 2616 799 2648 ad
828 2615 1097 2649 refocillandam
1120 2617 1284 2649 animam.
1308 2615 1413 2657 vide,
1439 2615 1602 2657 domine,
1631 2622 1669 2650 et

234 2658 431 2692 considera
458 2670 478 2691 o
502 2670 563 2692 vos
594 2670 716 2694 omnes
743 2663 805 2706 qui
836 2663 995 2695 transitis
1029 2674 1092 2707 per
1117 2663 1233 2701 viam,
1260 2662 1456 2703 attendite,
1486 2669 1522 2696 et
1545 2662 1667 2696 videte

235 2707 265 2739 si
289 2712 343 2739 est
368 2705 472 2738 dolor
495 2706 596 2739 velut
622 2706 725 2739 dolor
764 2720 887 2749 meus,
912 2710 1081 2754 quoniam
1106 2688 1339 2742 vindemiavit
1362 2720 1428 2741 me.
1453 2708 1497 2742 de
1525 2709 1665 2742 excelso

231 2752 334 2787 misit
366 2752 485 2796 ignem
520 2752 558 2786 in
594 2753 732 2788 ossibus
761 2755 850 2788 meis
877 2761 912 2789 et
946 2755 1101 2790 erudivit
1125 2766 1191 2789 me.
1220 2754 1391 2801 expandit
1413 2761 1488 2790 rete
1511 2754 1677 2801 pedibus
