1916 3210
339 134 454 191 366
815 151 997 193 numi:
1052 149 1307 194 His'romA

337 252 677 304 l’ambassad0re‚
721 260 763 293 ct
804 267 881 293 con
911 251 969 291 lui
1004 250 1153 290 mando
1179 251 1336 292 Turchi
1363 253 1507 308 zinque
1535 254 1674 305 milia,
1699 255 1777 298 ho-

338 309 439 349 mini
477 309 628 349 rabiosi
663 315 706 349 et
741 307 941 356 terribili,
983 320 1100 345 come
1146 309 1236 346 cani
1282 307 1470 348 infernali
1513 309 1563 350 de
1598 310 1778 353 Plutone

340 365 518 404 mandati
549 365 774 404 adevorare
811 362 849 401 lc
885 362 1017 401 anime
1056 363 1280 414 peccatrice
1309 362 1409 402 delli
1439 365 1571 404 Greci.
1627 365 1780 407 Catha-

282 425 327 459 35
340 421 481 460 cusino
510 421 688 458 rezevuti
708 418 735 457 li
764 418 799 456 T
804 416 919 456 urchi
949 423 991 456 et
1022 416 1245 456 comui-atili
1272 417 1322 456 de
1350 419 1469 458 molti
1498 417 1596 460 doni
1622 426 1673 461 et
1693 419 1781 462 lar-

339 475 419 528 ghe
447 487 657 528 promesse
686 471 866 512 secundo
902 471 941 510 la
967 485 1112 510 usanza
1140 471 1254 512 delle>
1278 487 1384 512 nove
1412 475 1605 524 amicitie,
1637 475 1782 517 ordint>

338 529 380 569 la
408 532 671 582 impromessa
709 528 834 574 dota,
875 525 916 565 la
947 525 1043 580 qual
1071 525 1178 566 colla
1207 541 1279 566 sua
1307 528 1456 582 figliola
1485 544 1604 583 sposa
1630 530 1781 573 mando

340 584 394 624 ad
423 583 588 623 Orchan
616 597 693 621 con
722 582 877 635 grande
905 581 1133 634 splendore,
1164 581 1321 622 illustre
1349 590 1390 623 et
1408 583 1585 637 gloriosa
1610 599 1781 639 pompa;

339 646 381 679 et
413 639 644 692 expeditose
688 635 793 676 delle
840 650 934 676 cose
962 636 1112 676 nutiale
1141 637 1334 677 comenzo
1363 640 1676 693 apparechiarse
1704 639 1784 681 alla

368 709 502 733 uerra.

338 709 365 749 g
453 747 699 787 Ordinando
748 746 939 801 adunque
981 745 1254 787 Cathacusino
1296 746 1334 786 el
1371 762 1541 802 campo,
1582 749 1677 790 loch
1714 749 1784 791 nel

340 804 473 857 primo
502 817 633 842 corno
681 801 720 841 la
768 809 883 841 zente
911 801 1172 852 Turchesca‚
1214 803 1255 841 in
1300 801 1433 843 l’altro
1473 803 1515 843 la
1541 806 1785 859 compagnia

338 860 559 909 Servesca3
604 856 645 897 in
680 871 792 897 mezo
825 857 973 897 ordino
1002 855 1043 895 la
1070 855 1331 897 multitudine
1361 859 1516 908 Greca,
1561 866 1714 914 quanta
1740 861 1784 899 in

340 913 435 966 quel
465 920 605 966 tempo
646 920 811 966 possete
852 913 1022 951 mandar
1049 911 1088 950 la
1116 910 1307 951 bellicosa
1332 913 1492 953 Tracia.
1546 914 1640 955 Cos}
1669 915 1784 963 ordi-

339 976 440 1008 nato
474 968 511 1007 el
559 982 633 1007 suo
662 970 863 1016 exercito,
914 965 1077 1007 cavalca
1113 981 1232 1006 verso
1261 968 1443 1008 Bisantio
1466 998 1479 1021 ‚
1507 969 1713 1010 brusandn
1745 977 1787 1011 et

340 1022 567 1077 guastando
594 1029 701 1063 tutte
727 1022 764 1062 le
796 1030 904 1062 terre
933 1030 972 1062 et
1002 1020 1099 1062 ville
1123 1021 1173 1061 de
1202 1021 1389 1062 Siliveria
1407 1024 1487 1063 fine
1515 1040 1538 1064 a
1555 1025 1786 1064 Constanti-

341 1078 503 1132 nopoli.
561 1077 686 1117 Altro
717 1078 791 1117 che
818 1079 947 1130 pianti
974 1084 1016 1116 et
1057 1077 1225 1116 lamenti
1255 1092 1338 1117 non
1367 1092 1409 1118 se
1438 1079 1582 1121 aldiva.
1636 1079 1692 1119 Et
1721 1079 1787 1119 chi

340 1148 445 1174 sono
474 1135 570 1173 stati
600 1132 734 1186 presi?
763 1133 895 1172 Greci.
958 1131 1035 1170 Chi
1063 1132 1245 1171 lihanno
1272 1134 1406 1186 presi?
1435 1134 1575 1175 Greci.
1627 1134 1703 1174 Chi
1720 1148 1788 1174 so-

340 1203 397 1228 no
427 1189 525 1228 stati
555 1187 582 1227 li
612 1188 769 1227 morti?
814 1188 946 1227 Greci.
1015 1187 1091 1226 Chi
1135 1187 1274 1226 hanno
1314 1191 1511 1228 amazati?
1553 1190 1691 1229 Greci.
1747 1189 1787 1228 Ο

341 1245 486 1283 Grecia
529 1242 689 1282 infelice
730 1256 807 1295 per
835 1241 874 1280 la
904 1242 1107 1281 discordia
1147 1242 1197 1280 de
1227 1241 1256 1280 li
1285 1245 1346 1282 toi
1374 1244 1577 1297 principi,
1604 1244 1708 1284 dove
1733 1244 1790 1283 sei

341 1299 545 1338 arrivata!
605 1297 787 1336 Essendo
811 1297 1081 1336 Cathacusino
1105 1295 1170 1335 col
1193 1311 1338 1350 campo
1368 1300 1412 1336 231
1439 1295 1575 1338 vicino
1597 1298 1674 1338 alle
1692 1297 1789 1352 porss

342 1360 385 1392 te
414 1360 455 1392 et
486 1352 548 1391 ale
587 1366 703 1391 mure
730 1352 780 1390 de
807 1351 1188 1403 Constantinopoli,
1225 1359 1266 1390 et
1295 1348 1485 1392 ¹vedendo
1515 1354 1551 1393 el
1578 1353 1643 1393 bel
1670 1366 1790 1407 paese

342 1407 554 1461 imperiale
600 1413 711 1447 tutto
743 1406 947 1456 desfacm,
996 1406 1155 1444 chiam&
1182 1406 1304 1458 quelli
1336 1406 1440 1446 della
1469 1409 1572 1456 nith,
1603 1414 1644 1447 et
1669 1407 1789 1448 aloro

344 1477 425 1502 con
448 1463 531 1501 alta
560 1476 664 1501 voce
693 1463 778 1500 cosi
806 1460 1007 1515 parlando
1037 1461 1151 1499 disse.
1211 1461 1248 1498 Ο
1279 1461 1462 1511 citadini,
1491 1464 1530 1501 io
1547 1477 1621 1502 son
1642 1469 1794 1502 venuto

287 1530 430 1564 36non
458 1517 610 1570 perche
637 1516 761 1555 habia
790 1516 936 1555 alcuno
969 1514 1093 1554 offeso
1134 1515 1184 1554 ne
1214 1516 1349 1568 voglia
1382 1516 1506 1556 habia
1531 1517 1582 1557 de
1613 1516 1791 1557 offende-

345 1587 412 1622 re,
445 1568 511 1611 ma
551 1571 701 1624 perche
745 1573 814 1611 voi
853 1571 999 1609 havete
1029 1569 1155 1608 offeso
1192 1583 1257 1608 me
1287 1578 1327 1610 et
1355 1585 1440 1610 non
1469 1579 1620 1611 cessate
1650 1572 1700 1611 de
1730 1571 1790 1612 of-

346 1627 492 1667 fender
518 1641 597 1665 me.
659 1626 705 1665 Io
734 1640 837 1665 sono
868 1623 1146 1664 commissario
1180 1624 1231 1662 de
1260 1624 1504 1666 Andronico
1535 1627 1678 1666 ultimo
1710 1628 1792 1666 im-

347 1683 550 1737 peradore
591 1680 801 1720 defuncto.
874 1681 1041 1718 Zuanne
1086 1678 1350 1732 Palleologo,
1391 1695 1464 1720 suo
1506 1680 1604 1721 fiolo
1643 1689 1683 1721 et
1710 1681 1794 1720 mio

347 1736 618 1791 imperador,
651 1736 673 1773 e
703 1736 785 1774 mio
817 1733 973 1788 figliolo
992 1763 1003 1784 ,
1032 1733 1187 1786 perche
1218 1736 1302 1774 cos}
1326 1750 1390 1774 me
1417 1735 1458 1775 lo
1488 1735 1592 1776 lassi)
1621 1743 1665 1774 et:>
1687 1737 1794 1776 rico-

350 1792 504 1831 mandi>
533 1804 608 1829 suo
637 1796 756 1842 patre
785 1791 828 1828 in
856 1792 1065 1842 presentia
1095 1788 1146 1828 de
1180 1788 1266 1831 dio.
1323 1790 1408 1829 Che
1435 1789 1540 1829 male
1567 1790 1623 1830 ho
1655 1791 1791 1839 facto,

350 1861 394 1886 se
421 1847 463 1886 lu
492 1846 547 1885 ho
592 1844 737 1884 voluto
781 1845 950 1897 pigliare
982 1858 1060 1896 per
1087 1845 1170 1882 mio
1209 1848 1389 1896 genero?
1446 1846 1535 1885 Non
1563 1853 1698 1885 savete
1726 1847 1796 1886 voi

350 1907 507 1955 quanto
541 1901 580 1939 io
601 1913 668 1938 era
697 1906 834 1938 amato
865 1906 903 1937 et
920 1898 1127 1938 honorato
1155 1897 1222 1937 dal
1251 1913 1322 1938 sua
1351 1904 1502 1953 patre?
1557 1900 1652 1939 Non
1679 1915 1800 1953 sape-

350 1964 392 1996 te
419 1971 498 1996 con
540 1962 690 2008 quanta
737 1955 882 1994 fidutia
910 1968 976 1992 me
1014 1952 1171 1992 lassava
1203 1952 1243 1992 la
1274 1967 1372 1993 cura
1400 1955 1467 1995 del
1493 1969 1566 1994 suo
1599 1955 1770 2008 imperio
1783 1975 1803 2005 ,-

352 2019 393 2051 et
423 2012 473 2050 de
499 2016 608 2050 tutte
652 2009 689 2049 le
731 2024 802 2049 sue
837 2023 931 2048 cose
959 2022 1024 2047 me
1050 2009 1179 2048 faciva
1207 2011 1439 2063 participo?
1497 2011 1591 2049 Non
1623 2024 1725 2050 sono
1756 2011 1797 2049 io

356 2066 453 2106 delli
481 2066 666 2119 generosi
708 2072 746 2104 et
777 2063 874 2104 delli
902 2062 1083 2102 illustri?
1152 2064 1245 2102 Non
1275 2079 1378 2103 sono
1408 2065 1450 2104 io
1477 2066 1550 2118 piu
1581 2065 1799 2104 excellente

358 2122 433 2160 che
469 2119 594 2173 quelli
623 2120 786 2172 superbi
805 2148 816 2170 ‚
850 2118 878 2157 li
908 2117 1017 2171 quali
1047 2118 1085 2156 le
1114 2118 1272 2157 richeze
1297 2119 1434 2159 hanno
1463 2119 1664 2159 exaltato?
1708 2120 1798 2158 Non

356 2176 500 2216 vedete
528 2181 683 2227 quanto
714 2189 817 2214 sono
850 2173 960 2213 forte
987 2175 1027 2212 in
1065 2173 1103 2212 18
1132 2188 1244 2211 arme
1273 2181 1311 2212 et
1339 2175 1379 2213 in
1406 2174 1445 2214 le
1475 2188 1621 2227 guerre
1647 2181 1798 2227 poten-

357 2235 427 2271 te?
456 2229 610 2283 perche
652 2244 716 2269 me
745 2229 1008 2282 desprezate?
1042 2236 1083 2267 et
1112 2230 1280 2267 maxime
1310 2229 1477 2268 essendo
1506 2229 1575 2268 voi
1605 2228 1655 2267 de
1687 2229 1798 2268 abie-

358 2292 426 2325 cta
454 2285 688 2323 conditione
719 2291 758 2324 et
786 2283 988 2337 impastati
1009 2283 1060 2322 de
1082 2298 1231 2336 sangue
1253 2284 1502 2323 barbarico?
1531 2291 1570 2323 et
1597 2298 1671 2336 per
1699 2298 1799 2337 que-

358 2347 450 2389 sto,
480 2354 504 2377 0
550 2339 741 2387 cstadini,
786 2339 828 2378 io
873 2353 948 2378 son
978 2345 1128 2377 venuto
1167 2352 1251 2377 non
1285 2353 1357 2390 per
1397 2346 1558 2391 guastar
1599 2339 1638 2377 la
1666 2340 1799 2392 patria

361 2395 469 2435 dove
500 2394 540 2432 io
570 2396 715 2448 naequi
735 2423 746 2445 ‚
794 2408 860 2432 ma
898 2407 971 2447 per
1002 2401 1175 2432 mostrar
1219 2391 1258 2431 la
1285 2393 1453 2432 honeste
1486 2401 1525 2433 et
1554 2393 1592 2432 la
1623 2395 1797 2440 iustitia,

361 2449 438 2488 che
468 2449 490 2487 e
519 2448 611 2487 dala
639 2456 755 2502 parte
785 2451 881 2488 mia.
937 2448 976 2488 A
1006 2447 1130 2500 quelli
1157 2446 1231 2487 che
1257 2461 1323 2487 me
1351 2448 1488 2488 hanno
1517 2448 1665 2495 offeso,
1695 2454 1801 2487 tutte

363 2503 401 2543 le
433 2504 586 2542 inzurie
629 2504 885 2556 perdonare3
934 2503 1059 2557 quelli
1100 2503 1176 2542 che
1214 2517 1316 2542 sono
1371 2504 1466 2542 stati
1502 2503 1800 2551 iuzuriati,1·i-

362 2571 614 2611 conpensare
652 2572 725 2597 con
770 2559 782 2596 i
812 2560 890 2597 mei
917 2558 1083 2598 thesori.
1149 2558 1215 2596 Ho
1249 2559 1287 2596 in
1331 2560 1465 2598 animo
1495 2557 1665 2598 indurre
1694 2559 1734 2596 in
1759 2557 1799 2596 la

363 2614 442 2653 cith
484 2626 567 2651 uno
612 2619 719 2652 stato
748 2614 915 2666 pacifico
959 2620 999 2666 et
1029 2614 1184 2667 quieto.
1253 2613 1310 2651 Et
1341 2627 1386 2652 se
1418 2627 1500 2666 pur
1526 2619 1669 2652 vorete
1695 2620 1801 2652 stare

363 2667 455 2707 duri
485 2674 523 2705 et
552 2664 771 2719 pertinaci,
802 2683 878 2706 con
914 2667 952 2705 la
981 2667 1148 2707 volunt&
1178 2667 1228 2706 de
1261 2668 1329 2706 dio
1359 2682 1480 2720 sopra
1510 2670 1609 2706 tutti
1639 2669 1708 2707 voi
1735 2682 1800 2707 me

364 2721 602 2763 vendicare.
630 2723 775 2774 Aprite
806 2722 843 2762 lc
871 2729 1016 2776 porte:
1047 2722 1148 2761 ch'io
1180 2736 1229 2762 ve
1257 2736 1353 2761 zuro
1383 2737 1458 2775 per
1474 2722 1638 2762 Christo
1669 2723 1800 2775 impe-
