<?xml version="1.0" encoding="UTF-8"?>
<!DOCTYPE html PUBLIC "-//W3C//DTD XHTML 1.0 Transitional//EN"
    "http://www.w3.org/TR/xhtml1/DTD/xhtml1-transitional.dtd">
<html xmlns="http://www.w3.org/1999/xhtml" xml:lang="en" lang="en">
 <head>
  <title>
</title>
<meta http-equiv="Content-Type" content="text/html;charset=utf-8" />
  <meta name='ocr-system' content='tesseract 3.04.00' />
  <meta name='ocr-capabilities' content='ocr_page ocr_carea ocr_par ocr_line ocrx_word'/>
</head>
<body>
  <div class='ocr_page' id='page_1' title='image "./corpusscriptorum11niebuoft_0573.png"; bbox 0 0 1890 3204; ppageno 0'>
   <div class='ocr_carea' id='block_1_1' title="bbox 171 139 1628 323">
    <p class='ocr_par' dir='ltr' id='par_1_1' title="bbox 171 139 1628 323">
     <span class='ocr_line' id='line_1_1' title="bbox 588 139 1622 205; baseline -0.007 0"><span class='ocrx_word' id='word_1_1' title='bbox 588 159 664 204; x_wconf 78' lang='lat' dir='ltr'><strong>An</strong></span> <span class='ocrx_word' id='word_1_2' title='bbox 703 162 823 205; x_wconf 81' lang='lat' dir='ltr'>CAP.</span> <span class='ocrx_word' id='word_1_3' title='bbox 865 164 955 205; x_wconf 86' lang='lat' dir='ltr'><strong>xu.</strong></span> <span class='ocrx_word' id='word_1_4' title='bbox 994 162 1193 205; x_wconf 77' lang='lat' dir='ltr'><strong>NOTAE.</strong></span> <span class='ocrx_word' id='word_1_5' title='bbox 1456 181 1463 187; x_wconf 78' lang='lat'><em>-</em></span> <span class='ocrx_word' id='word_1_6' title='bbox 1510 139 1622 199; x_wconf 81' lang='lat'><strong>555</strong></span> 
     </span>
     <span class='ocr_line' id='line_1_2' title="bbox 171 257 1628 323; baseline -0.006 -12"><span class='ocrx_word' id='word_1_7' title='bbox 171 271 274 313; x_wconf 73' lang='lat' dir='ltr'><strong>Buta</strong></span> <span class='ocrx_word' id='word_1_8' title='bbox 307 272 369 314; x_wconf 78' lang='lat' dir='ltr'><strong>est</strong></span> <span class='ocrx_word' id='word_1_9' title='bbox 387 297 402 323; x_wconf 91' lang='lat'><strong>,</strong></span> <span class='ocrx_word' id='word_1_10' title='bbox 426 273 476 309; x_wconf 85' lang='lat' dir='ltr'><strong>ut</strong></span> <span class='ocrx_word' id='word_1_11' title='bbox 506 265 616 308; x_wconf 79' lang='lat' dir='ltr'><strong>Dion</strong></span> <span class='ocrx_word' id='word_1_12' title='bbox 646 265 850 306; x_wconf 88' lang='lat' dir='ltr'><strong>Nicaenus</strong></span> <span class='ocrx_word' id='word_1_13' title='bbox 879 266 920 305; x_wconf 81' lang='lat' dir='ltr'><strong>in</strong></span> <span class='ocrx_word' id='word_1_14' title='bbox 951 265 1101 305; x_wconf 88' lang='lat' dir='ltr'><strong>Severo</strong></span> <span class='ocrx_word' id='word_1_15' title='bbox 1130 263 1340 319; x_wconf 76' lang='lat' dir='ltr'>prodidit:</span> <span class='ocrx_word' id='word_1_16' title='bbox 1368 257 1443 303; x_wconf 70' lang='grc' dir='ltr'><strong>καὶ</strong></span> <span class='ocrx_word' id='word_1_17' title='bbox 1466 260 1628 315; x_wconf 56' lang='grc' dir='ltr'><strong><em>ὃασμοι</em></strong></span> 
     </span>
    </p>
   </div>
   <div class='ocr_carea' id='block_1_2' title="bbox 170 313 1695 435">
    <p class='ocr_par' dir='ltr' id='par_1_2' title="bbox 170 313 1695 435">
     <span class='ocr_line' id='line_1_3' title="bbox 170 313 1695 386; baseline -0.007 -19"><span class='ocrx_word' id='word_1_18' title='bbox 170 318 306 382; x_wconf 65' lang='lat' dir='ltr'><strong>quipus·</strong></span> <span class='ocrx_word' id='word_1_19' title='bbox 335 318 582 379; x_wconf 70' lang='grc' dir='ltr'><strong><em>ἀποφήνας,</em></strong></span> <span class='ocrx_word' id='word_1_20' title='bbox 608 319 692 385; x_wconf 51' lang='grc' dir='ltr'><strong>’τοὶς</strong></span> <span class='ocrx_word' id='word_1_21' title='bbox 719 333 763 360; x_wconf 84' lang='grc' dir='ltr'><strong>τε</strong></span> <span class='ocrx_word' id='word_1_22' title='bbox 793 318 942 368; x_wconf 72' lang='grc' dir='ltr'><strong><em>οὐσίας</em></strong></span> <span class='ocrx_word' id='word_1_23' title='bbox 973 321 1057 361; x_wconf 75' lang='grc' dir='ltr'><strong>τῶν</strong></span> <span class='ocrx_word' id='word_1_24' title='bbox 1081 318 1261 360; x_wconf 72' lang='grc' dir='ltr'><strong><em>πολιτῶν</em></strong></span> <span class='ocrx_word' id='word_1_25' title='bbox 1289 313 1518 386; x_wconf 51' lang='grc' dir='ltr'><strong><em>δημεπέσας,</em></strong></span> <span class='ocrx_word' id='word_1_26' title='bbox 1549 317 1629 358; x_wconf 75' lang='grc' dir='ltr'><strong>αὖ·</strong></span> <span class='ocrx_word' id='word_1_27' title='bbox 1693 327 1695 330; x_wconf 59' lang='lat'><strong>⁴</strong></span> 
     </span>
     <span class='ocr_line' id='line_1_4' title="bbox 170 372 1629 435; baseline -0.005 -14"><span class='ocrx_word' id='word_1_28' title='bbox 170 375 248 435; x_wconf 73' lang='grc' dir='ltr'><strong>’τήν</strong></span> <span class='ocrx_word' id='word_1_29' title='bbox 275 393 323 429; x_wconf 72' lang='grc' dir='ltr'><strong>τε</strong></span> <span class='ocrx_word' id='word_1_30' title='bbox 346 378 422 420; x_wconf 82' lang='grc' dir='ltr'><strong><em>καί</em></strong></span> <span class='ocrx_word' id='word_1_31' title='bbox 446 375 523 432; x_wconf 76' lang='grc' dir='ltr'><strong>τὴν</strong></span> <span class='ocrx_word' id='word_1_32' title='bbox 545 388 703 429; x_wconf 73' lang='grc' dir='ltr'><strong><em>,χωραν</em></strong></span> <span class='ocrx_word' id='word_1_33' title='bbox 734 373 866 427; x_wconf 73' lang='grc' dir='ltr'><strong><em>αὐτῆς</em></strong></span> <span class='ocrx_word' id='word_1_34' title='bbox 891 378 980 424; x_wconf 81' lang='grc' dir='ltr'><strong><em>τοῖς</em></strong></span> <span class='ocrx_word' id='word_1_35' title='bbox 1008 372 1261 429; x_wconf 68' lang='grc' dir='ltr'><strong><em>Περινθίοις</em></strong></span> <span class='ocrx_word' id='word_1_36' title='bbox 1285 373 1525 426; x_wconf 77' lang='grc' dir='ltr'><strong><em>ἐχαρισατο.</em></strong></span> <span class='ocrx_word' id='word_1_37' title='bbox 1554 388 1629 414; x_wconf 83' lang='lat' dir='ltr'><strong>ve-</strong></span> 
     </span>
    </p>
   </div>
   <div class='ocr_carea' id='block_1_3' title="bbox 171 428 1629 598">
    <p class='ocr_par' dir='ltr' id='par_1_3' title="bbox 171 428 1629 598">
     <span class='ocr_line' id='line_1_5' title="bbox 173 428 1629 486; baseline -0.005 -9"><span class='ocrx_word' id='word_1_38' title='bbox 173 429 234 486; x_wconf 70' lang='lat' dir='ltr'><strong>cti’</strong></span> <span class='ocrx_word' id='word_1_39' title='bbox 255 435 364 476; x_wconf 84' lang='lat' dir='ltr'><strong>alem</strong></span> <span class='ocrx_word' id='word_1_40' title='bbox 401 447 493 474; x_wconf 85' lang='lat' dir='ltr'><strong>eam</strong></span> <span class='ocrx_word' id='word_1_41' title='bbox 530 430 735 482; x_wconf 84' lang='lat' dir='ltr'><em>reddidit,</em></span> <span class='ocrx_word' id='word_1_42' title='bbox 769 432 996 485; x_wconf 84' lang='lat' dir='ltr'><strong>civiumque</strong></span> <span class='ocrx_word' id='word_1_43' title='bbox 1032 431 1137 472; x_wconf 84' lang='lat' dir='ltr'><strong>bona</strong></span> <span class='ocrx_word' id='word_1_44' title='bbox 1173 432 1216 470; x_wconf 85' lang='lat' dir='ltr'><strong>in</strong></span> <span class='ocrx_word' id='word_1_45' title='bbox 1243 428 1400 486; x_wconf 80' lang='lat' dir='ltr'><strong>fiscum</strong></span> <span class='ocrx_word' id='word_1_46' title='bbox 1423 429 1629 484; x_wconf 82' lang='lat' dir='ltr'><strong>publicum</strong></span> 
     </span>
     <span class='ocr_line' id='line_1_6' title="bbox 171 451 1626 549; baseline -0.005 -18"><span class='ocrx_word' id='word_1_47' title='bbox 171 451 351 545; x_wconf 43' lang='lat' dir='ltr'><strong>mcii-git,</strong></span> <span class='ocrx_word' id='word_1_48' title='bbox 380 488 586 546; x_wconf 74' lang='lat' dir='ltr'><strong>ips-amque</strong></span> <span class='ocrx_word' id='word_1_49' title='bbox 610 495 650 527; x_wconf 84' lang='lat' dir='ltr'><strong>et</strong></span> <span class='ocrx_word' id='word_1_50' title='bbox 676 487 762 525; x_wconf 83' lang='lat' dir='ltr'><strong>eius</strong></span> <span class='ocrx_word' id='word_1_51' title='bbox 791 499 941 540; x_wconf 80' lang='lat' dir='ltr'><strong>agrum</strong></span> <span class='ocrx_word' id='word_1_52' title='bbox 968 487 1191 527; x_wconf 75' lang='lat' dir='ltr'><strong>Perinthiis</strong></span> <span class='ocrx_word' id='word_1_53' title='bbox 1213 486 1392 539; x_wconf 75' lang='lat' dir='ltr'><strong>gratuito</strong></span> <span class='ocrx_word' id='word_1_54' title='bbox 1419 485 1626 549; x_wconf 48' lang='lat' dir='ltr'><strong>&#39;am-ibuit.</strong></span> 
     </span>
     <span class='ocr_line' id='line_1_7' title="bbox 171 539 1627 598; baseline -0.005 -12"><span class='ocrx_word' id='word_1_55' title='bbox 171 546 216 586; x_wconf 85' lang='lat' dir='ltr'><strong>iu</strong></span> <span class='ocrx_word' id='word_1_56' title='bbox 245 546 320 586; x_wconf 87' lang='lat' dir='ltr'><strong>ista</strong></span> <span class='ocrx_word' id='word_1_57' title='bbox 361 542 623 598; x_wconf 81' lang='lat' dir='ltr'><strong>inscriptione</strong></span> <span class='ocrx_word' id='word_1_58' title='bbox 669 540 771 581; x_wconf 89' lang='lat' dir='ltr'><strong>baec</strong></span> <span class='ocrx_word' id='word_1_59' title='bbox 798 541 927 581; x_wconf 86' lang='lat' dir='ltr'><strong>verba</strong></span> <span class='ocrx_word' id='word_1_60' title='bbox 943 571 954 590; x_wconf 84' lang='lat'><strong>,</strong></span> <span class='ocrx_word' id='word_1_61' title='bbox 987 539 1010 581; x_wconf 81' lang='grc' dir='ltr'>ὅ</span> <span class='ocrx_word' id='word_1_62' title='bbox 1041 541 1173 594; x_wconf 82' lang='grc' dir='ltr'><strong><em>δῆμος</em></strong></span> <span class='ocrx_word' id='word_1_63' title='bbox 1200 540 1285 580; x_wconf 74' lang='grc' dir='ltr'><strong>τῶν</strong></span> <span class='ocrx_word' id='word_1_64' title='bbox 1310 552 1543 593; x_wconf 78' lang='grc' dir='ltr'><strong><em>νεοκορων,</em></strong></span> <span class='ocrx_word' id='word_1_65' title='bbox 1570 553 1627 579; x_wconf 79' lang='grc' dir='ltr'><strong>ει-</strong></span> 
     </span>
    </p>
   </div>
   <div class='ocr_carea' id='block_1_4' title="bbox 170 591 1774 659">
    <p class='ocr_par' dir='ltr' id='par_1_4' title="bbox 170 591 1774 659">
     <span class='ocr_line' id='line_1_8' title="bbox 170 591 1774 659; baseline -0.002 -18"><span class='ocrx_word' id='word_1_66' title='bbox 170 601 368 659; x_wconf 81' lang='lat' dir='ltr'><strong>gnificant</strong></span> <span class='ocrx_word' id='word_1_67' title='bbox 394 599 691 639; x_wconf 72' lang='lat' dir='ltr'><strong>universitatem</strong></span> <span class='ocrx_word' id='word_1_68' title='bbox 715 597 783 636; x_wconf 81' lang='lat' dir='ltr'><strong>vel</strong></span> <span class='ocrx_word' id='word_1_69' title='bbox 809 597 1026 650; x_wconf 80' lang='lat' dir='ltr'><em>collegium</em></span> <span class='ocrx_word' id='word_1_70' title='bbox 1055 596 1309 638; x_wconf 78' lang='lat' dir='ltr'><strong>sacerdotum</strong></span> <span class='ocrx_word' id='word_1_71' title='bbox 1346 596 1417 636; x_wconf 73' lang='lat' dir='ltr'><strong>vel</strong></span> <span class='ocrx_word' id='word_1_72' title='bbox 1441 595 1626 636; x_wconf 79' lang='lat' dir='ltr'><strong>aedituo·</strong></span> <span class='ocrx_word' id='word_1_73' title='bbox 1637 603 1675 638; x_wconf 88' lang='grc' dir='ltr'><strong>Ρ.</strong></span> <span class='ocrx_word' id='word_1_74' title='bbox 1687 591 1774 638; x_wconf 69' lang='lat'><strong>226&#39;</strong></span> 
     </span>
    </p>
   </div>
   <div class='ocr_carea' id='block_1_5' title="bbox 169 651 1630 767">
    <p class='ocr_par' dir='ltr' id='par_1_5' title="bbox 169 651 1630 767">
     <span class='ocr_line' id='line_1_9' title="bbox 171 651 1630 707; baseline -0.003 -11"><span class='ocrx_word' id='word_1_75' title='bbox 171 669 280 696; x_wconf 78' lang='lat' dir='ltr'><strong>rum.</strong></span> <span class='ocrx_word' id='word_1_76' title='bbox 333 654 471 695; x_wconf 81' lang='lat' dir='ltr'><strong>Latini</strong></span> <span class='ocrx_word' id='word_1_77' title='bbox 498 653 575 693; x_wconf 84' lang='lat' dir='ltr'><strong>hac</strong></span> <span class='ocrx_word' id='word_1_78' title='bbox 603 654 726 693; x_wconf 81' lang='lat' dir='ltr'><strong>etiam</strong></span> <span class='ocrx_word' id='word_1_79' title='bbox 754 665 849 692; x_wconf 86' lang='lat' dir='ltr'><strong>voce</strong></span> <span class='ocrx_word' id='word_1_80' title='bbox 877 653 938 692; x_wconf 90' lang='lat' dir='ltr'><strong>usi</strong></span> <span class='ocrx_word' id='word_1_81' title='bbox 963 659 1075 706; x_wconf 88' lang='lat' dir='ltr'><strong>sunt,</strong></span> <span class='ocrx_word' id='word_1_82' title='bbox 1096 660 1151 693; x_wconf 67' lang='lat' dir='ltr'><strong>&#39;ut</strong></span> <span class='ocrx_word' id='word_1_83' title='bbox 1177 651 1288 707; x_wconf 90' lang='lat' dir='ltr'><strong>apud</strong></span> <span class='ocrx_word' id='word_1_84' title='bbox 1315 651 1537 692; x_wconf 85' lang='lat' dir='ltr'><strong>Gruterum</strong></span> <span class='ocrx_word' id='word_1_85' title='bbox 1563 652 1630 692; x_wconf 89' lang='lat' dir='ltr'><strong>in-</strong></span> 
     </span>
     <span class='ocr_line' id='line_1_10' title="bbox 169 707 1036 767; baseline -0.005 -15"><span class='ocrx_word' id='word_1_86' title='bbox 169 710 434 767; x_wconf 82' lang='lat' dir='ltr'><strong>scriptionum</strong></span> <span class='ocrx_word' id='word_1_87' title='bbox 459 707 566 751; x_wconf 86' lang='lat' dir='ltr'><strong>libro</strong></span> <span class='ocrx_word' id='word_1_88' title='bbox 593 708 766 763; x_wconf 85' lang='lat' dir='ltr'><strong>legimus</strong></span> <span class='ocrx_word' id='word_1_89' title='bbox 794 722 887 762; x_wconf 81' lang='lat' dir='ltr'><strong>pag.</strong></span> <span class='ocrx_word' id='word_1_90' title='bbox 922 722 1036 748; x_wconf 78' lang='lat'>1102.</span> 
     </span>
    </p>
   </div>
   <div class='ocr_carea' id='block_1_6' title="bbox 338 794 1444 1070">
    <p class='ocr_par' dir='ltr' id='par_1_6' title="bbox 338 794 1444 1070">
     <span class='ocr_line' id='line_1_11' title="bbox 507 794 1306 838; baseline -0.003 0"><span class='ocrx_word' id='word_1_91' title='bbox 507 796 724 838; x_wconf 86' lang='lat' dir='ltr'><strong>VETTIO</strong></span> <span class='ocrx_word' id='word_1_92' title='bbox 753 797 969 836; x_wconf 88' lang='lat' dir='ltr'><strong>AGORIO</strong></span> <span class='ocrx_word' id='word_1_93' title='bbox 997 794 1306 837; x_wconf 85' lang='lat' dir='ltr'><strong>PONTIFICI.</strong></span> 
     </span>
     <span class='ocr_line' id='line_1_12' title="bbox 632 850 1184 893; baseline -0.004 0"><span class='ocrx_word' id='word_1_94' title='bbox 632 851 856 893; x_wconf 86' lang='lat' dir='ltr'><strong>VESTAE</strong></span> <span class='ocrx_word' id='word_1_95' title='bbox 883 850 1184 892; x_wconf 88' lang='lat' dir='ltr'><strong>PONTIFICI.</strong></span> 
     </span>
     <span class='ocr_line' id='line_1_13' title="bbox 437 905 1363 958; baseline -0.003 -10"><span class='ocrx_word' id='word_1_96' title='bbox 437 905 564 948; x_wconf 89' lang='lat' dir='ltr'>SOLI</span> <span class='ocrx_word' id='word_1_97' title='bbox 594 906 1084 958; x_wconf 87' lang='lat' dir='ltr'><strong>QUINDECIMVIRO‚</strong></span> <span class='ocrx_word' id='word_1_98' title='bbox 1116 905 1363 955; x_wconf 86' lang='lat' dir='ltr'><strong>AUGURI,</strong></span> 
     </span>
     <span class='ocr_line' id='line_1_14' title="bbox 338 961 1444 1014; baseline -0.002 -10"><span class='ocrx_word' id='word_1_99' title='bbox 338 962 810 1014; x_wconf 85' lang='lat' dir='ltr'><strong>TAUROBOLIATO,</strong></span> <span class='ocrx_word' id='word_1_100' title='bbox 851 962 1110 1011; x_wconf 84' lang='lat' dir='ltr'><strong>CURIALI,</strong></span> <span class='ocrx_word' id='word_1_101' title='bbox 1138 961 1444 1014; x_wconf 88' lang='lat' dir='ltr'><strong>NEOCORO,</strong></span> 
     </span>
     <span class='ocr_line' id='line_1_15' title="bbox 404 1018 1394 1070; baseline -0.002 -11"><span class='ocrx_word' id='word_1_102' title='bbox 404 1018 838 1070; x_wconf 75' lang='lat' dir='ltr'><strong>HIEROFANTAE,</strong></span> <span class='ocrx_word' id='word_1_103' title='bbox 870 1018 1042 1060; x_wconf 86' lang='lat' dir='ltr'><strong>PATRI</strong></span> <span class='ocrx_word' id='word_1_104' title='bbox 1073 1018 1394 1058; x_wconf 84' lang='lat' dir='ltr'>SACRORUM.</span> 
     </span>
    </p>
   </div>
   <div class='ocr_carea' id='block_1_7' title="bbox 164 1093 1635 2815">
    <p class='ocr_par' dir='ltr' id='par_1_7' title="bbox 168 1093 1633 1359">
     <span class='ocr_line' id='line_1_16' title="bbox 170 1093 1631 1150; baseline -0.002 -13"><span class='ocrx_word' id='word_1_105' title='bbox 170 1096 384 1147; x_wconf 83' lang='lat' dir='ltr'><strong>Zosimus,</strong></span> <span class='ocrx_word' id='word_1_106' title='bbox 415 1095 488 1150; x_wconf 85' lang='lat' dir='ltr'><strong>qui</strong></span> <span class='ocrx_word' id='word_1_107' title='bbox 517 1101 708 1150; x_wconf 86' lang='lat' dir='ltr'><strong>tempore</strong></span> <span class='ocrx_word' id='word_1_108' title='bbox 735 1097 865 1136; x_wconf 90' lang='lat' dir='ltr'><strong>erecti</strong></span> <span class='ocrx_word' id='word_1_109' title='bbox 892 1096 1015 1136; x_wconf 92' lang='lat' dir='ltr'><strong>huius</strong></span> <span class='ocrx_word' id='word_1_110' title='bbox 1037 1095 1293 1136; x_wconf 88' lang='lat' dir='ltr'><strong>monumenti</strong></span> <span class='ocrx_word' id='word_1_111' title='bbox 1320 1093 1529 1150; x_wconf 82' lang='lat' dir='ltr'><strong>posterior</strong></span> <span class='ocrx_word' id='word_1_112' title='bbox 1555 1100 1631 1143; x_wconf 88' lang='lat' dir='ltr'><strong>est,</strong></span> 
     </span>
     <span class='ocr_line' id='line_1_17' title="bbox 168 1150 1633 1194; baseline -0.003 -1"><span class='ocrx_word' id='word_1_113' title='bbox 168 1150 241 1194; x_wconf 86' lang='lat' dir='ltr'><strong>lib.</strong></span> <span class='ocrx_word' id='word_1_114' title='bbox 278 1166 292 1192; x_wconf 86' lang='lat'>1</span> <span class='ocrx_word' id='word_1_115' title='bbox 327 1153 451 1192; x_wconf 85' lang='lat' dir='ltr'><strong>etiam</strong></span> <span class='ocrx_word' id='word_1_116' title='bbox 473 1158 646 1191; x_wconf 85' lang='lat' dir='ltr'><strong>testatur</strong></span> <span class='ocrx_word' id='word_1_117' title='bbox 674 1152 757 1192; x_wconf 91' lang='lat' dir='ltr'><strong>suis</strong></span> <span class='ocrx_word' id='word_1_118' title='bbox 785 1158 867 1191; x_wconf 90' lang='lat' dir='ltr'><strong>tem</strong></span> <span class='ocrx_word' id='word_1_119' title='bbox 901 1152 1042 1191; x_wconf 90' lang='lat' dir='ltr'><strong>oribus</strong></span> <span class='ocrx_word' id='word_1_120' title='bbox 1069 1151 1259 1192; x_wconf 86' lang='lat' dir='ltr'><strong>Perinthi</strong></span> <span class='ocrx_word' id='word_1_121' title='bbox 1288 1151 1457 1191; x_wconf 88' lang='lat' dir='ltr'><strong>nomine</strong></span> <span class='ocrx_word' id='word_1_122' title='bbox 1484 1151 1633 1190; x_wconf 88' lang='lat' dir='ltr'><strong>omisso</strong></span> 
     </span>
     <span class='ocr_line' id='line_1_18' title="bbox 168 1202 1633 1262; baseline -0.001 -15"><span class='ocrx_word' id='word_1_123' title='bbox 168 1206 411 1248; x_wconf 80' lang='lat' dir='ltr'><strong>Heracleam</strong></span> <span class='ocrx_word' id='word_1_124' title='bbox 452 1214 638 1247; x_wconf 79' lang='lat' dir='ltr'><strong>vocatam</strong></span> <span class='ocrx_word' id='word_1_125' title='bbox 675 1207 823 1247; x_wconf 86' lang='lat' dir='ltr'><strong>fuisse:</strong></span> <span class='ocrx_word' id='word_1_126' title='bbox 886 1206 1124 1259; x_wconf 68' lang='grc' dir='ltr'><strong><em>ἰατριβοντι</em></strong></span> <span class='ocrx_word' id='word_1_127' title='bbox 1154 1204 1274 1262; x_wconf 77' lang='grc' dir='ltr'><strong><em>αὐτῷ</em></strong></span> <span class='ocrx_word' id='word_1_128' title='bbox 1303 1202 1410 1246; x_wconf 79' lang='grc' dir='ltr'><strong><em>κατὰ</em></strong></span> <span class='ocrx_word' id='word_1_129' title='bbox 1440 1204 1517 1260; x_wconf 81' lang='grc' dir='ltr'><strong>τὴν</strong></span> <span class='ocrx_word' id='word_1_130' title='bbox 1539 1203 1633 1246; x_wconf 83' lang='grc' dir='ltr'><em>,Πέ-</em></span> 
     </span>
     <span class='ocr_line' id='line_1_19' title="bbox 170 1256 1632 1317; baseline -0.001 -15"><span class='ocrx_word' id='word_1_131' title='bbox 170 1263 345 1316; x_wconf 72' lang='grc' dir='ltr'><strong><em>ρινθον,</em></strong></span> <span class='ocrx_word' id='word_1_132' title='bbox 388 1257 418 1315; x_wconf 80' lang='grc' dir='ltr'><strong><em>ἢ</em></strong></span> <span class='ocrx_word' id='word_1_133' title='bbox 452 1261 531 1303; x_wconf 78' lang='grc' dir='ltr'><strong>νῦν</strong></span> <span class='ocrx_word' id='word_1_134' title='bbox 564 1259 798 1316; x_wconf 72' lang='grc' dir='ltr'><strong><em>“Ηράκλεια</em></strong></span> <span class='ocrx_word' id='word_1_135' title='bbox 828 1256 1164 1314; x_wconf 73' lang='grc' dir='ltr'><strong><em>μετωνόμασται.</em></strong></span> <span class='ocrx_word' id='word_1_136' title='bbox 1219 1261 1454 1317; x_wconf 85' lang='lat' dir='ltr'><strong>Stephanus</strong></span> <span class='ocrx_word' id='word_1_137' title='bbox 1480 1260 1532 1301; x_wconf 85' lang='lat' dir='ltr'><strong>de</strong></span> <span class='ocrx_word' id='word_1_138' title='bbox 1556 1274 1632 1301; x_wconf 88' lang='lat' dir='ltr'><strong>ur-</strong></span> 
     </span>
     <span class='ocr_line' id='line_1_20' title="bbox 169 1317 646 1359; baseline -0.004 0"><span class='ocrx_word' id='word_1_139' title='bbox 169 1317 292 1359; x_wconf 82' lang='lat' dir='ltr'><strong>bibus</strong></span> <span class='ocrx_word' id='word_1_140' title='bbox 320 1317 429 1358; x_wconf 87' lang='lat' dir='ltr'><strong>idem</strong></span> <span class='ocrx_word' id='word_1_141' title='bbox 455 1323 646 1358; x_wconf 79' lang='lat' dir='ltr'><strong>testatur.</strong></span> 
     </span>
    </p>

    <p class='ocr_par' dir='ltr' id='par_1_8' title="bbox 164 1367 1635 2640">
     <span class='ocr_line' id='line_1_21' title="bbox 281 1367 1634 1426; baseline 0.001 -14"><span class='ocrx_word' id='word_1_142' title='bbox 281 1372 334 1416; x_wconf 88' lang='lat' dir='ltr'><strong>P.</strong></span> <span class='ocrx_word' id='word_1_143' title='bbox 362 1371 431 1425; x_wconf 90' lang='grc'><strong>46,</strong></span> <span class='ocrx_word' id='word_1_144' title='bbox 469 1385 528 1412; x_wconf 87' lang='grc' dir='ltr'><strong>ιο.</strong></span> <span class='ocrx_word' id='word_1_145' title='bbox 555 1369 629 1412; x_wconf 81' lang='grc' dir='ltr'><strong>τὸν</strong></span> <span class='ocrx_word' id='word_1_146' title='bbox 655 1371 702 1413; x_wconf 77' lang='grc' dir='ltr'><strong>δὲ</strong></span> <span class='ocrx_word' id='word_1_147' title='bbox 716 1367 930 1425; x_wconf 80' lang='grc' dir='ltr'><strong><em>Μανουήλ</em></strong></span> <span class='ocrx_word' id='word_1_148' title='bbox 949 1371 1096 1426; x_wconf 77' lang='grc' dir='ltr'><strong><em>στέφει</em></strong></span> <span class='ocrx_word' id='word_1_149' title='bbox 1114 1370 1307 1426; x_wconf 82' lang='grc' dir='ltr'><strong><em>ταινιόις]</em></strong></span> <span class='ocrx_word' id='word_1_150' title='bbox 1351 1371 1523 1412; x_wconf 91' lang='lat' dir='ltr'><strong>Annum</strong></span> <span class='ocrx_word' id='word_1_151' title='bbox 1547 1384 1634 1426; x_wconf 90' lang='lat' dir='ltr'><strong>quo</strong></span> 
     </span>
     <span class='ocr_line' id='line_1_22' title="bbox 171 1427 1635 1483; baseline -0.001 -15"><span class='ocrx_word' id='word_1_152' title='bbox 171 1427 339 1469; x_wconf 85' lang='lat' dir='ltr'><strong>Manuel</strong></span> <span class='ocrx_word' id='word_1_153' title='bbox 353 1429 580 1483; x_wconf 86' lang='lat' dir='ltr'><strong>imperator</strong></span> <span class='ocrx_word' id='word_1_154' title='bbox 591 1427 823 1481; x_wconf 85' lang='lat' dir='ltr'><strong>designatus</strong></span> <span class='ocrx_word' id='word_1_155' title='bbox 838 1434 912 1478; x_wconf 90' lang='lat' dir='ltr'><strong>est,</strong></span> <span class='ocrx_word' id='word_1_156' title='bbox 928 1435 1142 1468; x_wconf 84' lang='lat' dir='ltr'><strong>excaecato</strong></span> <span class='ocrx_word' id='word_1_157' title='bbox 1153 1427 1418 1480; x_wconf 84' lang='lat' dir='ltr'><strong>Andronico,</strong></span> <span class='ocrx_word' id='word_1_158' title='bbox 1434 1427 1635 1468; x_wconf 89' lang='lat' dir='ltr'><strong>habemus</strong></span> 
     </span>
     <span class='ocr_line' id='line_1_23' title="bbox 169 1482 1631 1537; baseline -0.001 -14"><span class='ocrx_word' id='word_1_159' title='bbox 169 1484 214 1523; x_wconf 87' lang='lat' dir='ltr'><strong>in</strong></span> <span class='ocrx_word' id='word_1_160' title='bbox 228 1482 408 1524; x_wconf 83' lang='lat' dir='ltr'><strong>themate</strong></span> <span class='ocrx_word' id='word_1_161' title='bbox 422 1482 596 1534; x_wconf 86' lang='lat' dir='ltr'><strong>caelesti,</strong></span> <span class='ocrx_word' id='word_1_162' title='bbox 623 1490 762 1523; x_wconf 86' lang='lat' dir='ltr'><strong>erecto</strong></span> <span class='ocrx_word' id='word_1_163' title='bbox 784 1482 837 1523; x_wconf 88' lang='lat' dir='ltr'><strong>ad</strong></span> <span class='ocrx_word' id='word_1_164' title='bbox 853 1482 1127 1523; x_wconf 88' lang='lat' dir='ltr'><strong>meridianum</strong></span> <span class='ocrx_word' id='word_1_165' title='bbox 1150 1483 1323 1537; x_wconf 89' lang='lat' dir='ltr'><strong>Cpoleos</strong></span> <span class='ocrx_word' id='word_1_166' title='bbox 1343 1483 1429 1537; x_wconf 88' lang='lat' dir='ltr'><strong>ipso</strong></span> <span class='ocrx_word' id='word_1_167' title='bbox 1447 1483 1631 1533; x_wconf 81' lang='lat' dir='ltr'><strong>meridie,</strong></span> 
     </span>
     <span class='ocr_line' id='line_1_24' title="bbox 169 1537 1635 1593; baseline 0.001 -15"><span class='ocrx_word' id='word_1_168' title='bbox 169 1551 279 1579; x_wconf 82' lang='lat' dir='ltr'><strong>anno</strong></span> <span class='ocrx_word' id='word_1_169' title='bbox 307 1537 450 1578; x_wconf 87' lang='lat' dir='ltr'><strong>mundi</strong></span> <span class='ocrx_word' id='word_1_170' title='bbox 478 1537 585 1580; x_wconf 83' lang='grc'><strong>6882</strong></span> <span class='ocrx_word' id='word_1_171' title='bbox 603 1570 616 1589; x_wconf 91' lang='grc'><strong><em>,</em></strong></span> <span class='ocrx_word' id='word_1_172' title='bbox 645 1538 892 1593; x_wconf 85' lang='lat' dir='ltr'><strong>Septembris</strong></span> <span class='ocrx_word' id='word_1_173' title='bbox 921 1538 991 1589; x_wconf 84' lang='lat'><strong>25,</strong></span> <span class='ocrx_word' id='word_1_174' title='bbox 1026 1539 1067 1578; x_wconf 90' lang='lat' dir='ltr'><strong>id</strong></span> <span class='ocrx_word' id='word_1_175' title='bbox 1096 1545 1170 1589; x_wconf 84' lang='lat' dir='ltr'><strong>est,</strong></span> <span class='ocrx_word' id='word_1_176' title='bbox 1203 1553 1312 1578; x_wconf 90' lang='lat' dir='ltr'><strong>anno</strong></span> <span class='ocrx_word' id='word_1_177' title='bbox 1338 1540 1491 1580; x_wconf 87' lang='lat' dir='ltr'><strong>Christi</strong></span> <span class='ocrx_word' id='word_1_178' title='bbox 1516 1539 1635 1593; x_wconf 81' lang='lat'><strong>1373.</strong></span> 
     </span>
     <span class='ocr_line' id='line_1_25' title="bbox 165 1591 1632 1647; baseline -0.001 -13"><span class='ocrx_word' id='word_1_179' title='bbox 165 1595 226 1634; x_wconf 87' lang='lat' dir='ltr'><strong>sic</strong></span> <span class='ocrx_word' id='word_1_180' title='bbox 266 1606 309 1634; x_wconf 85' lang='lat' dir='ltr'><strong>se</strong></span> <span class='ocrx_word' id='word_1_181' title='bbox 354 1593 496 1634; x_wconf 88' lang='lat' dir='ltr'><strong>habet.</strong></span> <span class='ocrx_word' id='word_1_182' title='bbox 544 1593 660 1644; x_wconf 74' lang='grc' dir='ltr'><strong><em>θέμα</em></strong></span> <span class='ocrx_word' id='word_1_183' title='bbox 698 1591 869 1646; x_wconf 78' lang='grc' dir='ltr'><strong><em>γεγονὸς</em></strong></span> <span class='ocrx_word' id='word_1_184' title='bbox 922 1591 995 1634; x_wconf 78' lang='grc' dir='ltr'><strong>ἐπὶ</strong></span> <span class='ocrx_word' id='word_1_185' title='bbox 1042 1593 1094 1646; x_wconf 82' lang='grc' dir='ltr'><strong>τῆ</strong></span> <span class='ocrx_word' id='word_1_186' title='bbox 1145 1592 1423 1647; x_wconf 79' lang='grc' dir='ltr'><strong><em>α’ναγορεύσει</em></strong></span> <span class='ocrx_word' id='word_1_187' title='bbox 1478 1592 1632 1647; x_wconf 81' lang='grc' dir='ltr'><strong><em>κυρίου</em></strong></span> 
     </span>
     <span class='ocr_line' id='line_1_26' title="bbox 167 1635 1633 1702; baseline -0.001 -13"><span class='ocrx_word' id='word_1_188' title='bbox 167 1645 385 1702; x_wconf 80' lang='grc' dir='ltr'><strong><em>Μανουὴλ</em></strong></span> <span class='ocrx_word' id='word_1_189' title='bbox 410 1648 488 1690; x_wconf 79' lang='grc' dir='ltr'><strong>τοῦ</strong></span> <span class='ocrx_word' id='word_1_190' title='bbox 515 1645 615 1689; x_wconf 80' lang='grc' dir='ltr'><strong><em>υἱοῦ</em></strong></span> <span class='ocrx_word' id='word_1_191' title='bbox 639 1650 715 1689; x_wconf 84' lang='grc' dir='ltr'><strong>τοῦ</strong></span> <span class='ocrx_word' id='word_1_192' title='bbox 741 1649 949 1701; x_wconf 77' lang='grc' dir='ltr'><strong><em>βασιλέως</em></strong></span> <span class='ocrx_word' id='word_1_193' title='bbox 971 1635 1171 1690; x_wconf 67' lang='lat' dir='ltr'><em>&#39;lwd‘vvov</em></span> <span class='ocrx_word' id='word_1_194' title='bbox 1202 1649 1281 1689; x_wconf 80' lang='grc' dir='ltr'><strong>τοῦ</strong></span> <span class='ocrx_word' id='word_1_195' title='bbox 1309 1645 1633 1701; x_wconf 82' lang='grc' dir='ltr'><strong><em>Παλαιολόγου,</em></strong></span> 
     </span>
     <span class='ocr_line' id='line_1_27' title="bbox 167 1699 1633 1762; baseline 0.003 -19"><span class='ocrx_word' id='word_1_196' title='bbox 167 1699 286 1751; x_wconf 77' lang='grc' dir='ltr'><strong><em>ἔτους</em></strong></span> <span class='ocrx_word' id='word_1_197' title='bbox 314 1699 453 1762; x_wconf 40' lang='grc' dir='ltr'><strong><em>ιςωπβ</em></strong></span> <span class='ocrx_word' id='word_1_198' title='bbox 489 1702 595 1757; x_wconf 74' lang='grc' dir='ltr'><strong>μηνὶ</strong></span> <span class='ocrx_word' id='word_1_199' title='bbox 621 1703 856 1759; x_wconf 64' lang='grc' dir='ltr'><em>Σεπτεβριῖρ</em></span> <span class='ocrx_word' id='word_1_200' title='bbox 886 1701 940 1743; x_wconf 83' lang='grc' dir='ltr'><strong>κε’</strong></span> <span class='ocrx_word' id='word_1_201' title='bbox 978 1704 1042 1745; x_wconf 78' lang='grc' dir='ltr'><strong>ἐπ’</strong></span> <span class='ocrx_word' id='word_1_202' title='bbox 1082 1702 1214 1757; x_wconf 73' lang='grc' dir='ltr'><strong><em>αὐτῆς</em></strong></span> <span class='ocrx_word' id='word_1_203' title='bbox 1250 1703 1322 1757; x_wconf 82' lang='grc' dir='ltr'><strong>τῆς</strong></span> <span class='ocrx_word' id='word_1_204' title='bbox 1348 1705 1633 1758; x_wconf 79' lang='grc' dir='ltr'><strong><em>μεσημβρίας.</em></strong></span> 
     </span>
     <span class='ocr_line' id='line_1_28' title="bbox 167 1757 1632 1814; baseline 0.001 -16"><span class='ocrx_word' id='word_1_205' title='bbox 167 1757 346 1798; x_wconf 89' lang='lat' dir='ltr'><strong>horosco</strong></span> <span class='ocrx_word' id='word_1_206' title='bbox 377 1773 426 1799; x_wconf 88' lang='lat' dir='ltr'><strong>us</strong></span> <span class='ocrx_word' id='word_1_207' title='bbox 463 1759 673 1812; x_wconf 85' lang='lat' dir='ltr'><strong>Sagittarii</strong></span> <span class='ocrx_word' id='word_1_208' title='bbox 719 1759 870 1813; x_wconf 88' lang='lat' dir='ltr'><strong>gradus</strong></span> <span class='ocrx_word' id='word_1_209' title='bbox 910 1774 981 1814; x_wconf 90' lang='lat'><strong>17,</strong></span> <span class='ocrx_word' id='word_1_210' title='bbox 1016 1760 1140 1799; x_wconf 87' lang='lat' dir='ltr'><strong>Dom.</strong></span> <span class='ocrx_word' id='word_1_211' title='bbox 1172 1773 1210 1798; x_wconf 82' lang='lat'><strong>2.</strong></span> <span class='ocrx_word' id='word_1_212' title='bbox 1241 1759 1483 1812; x_wconf 85' lang='lat' dir='ltr'><strong>Capricorni</strong></span> <span class='ocrx_word' id='word_1_213' title='bbox 1513 1759 1632 1813; x_wconf 85' lang='lat' dir='ltr'><strong>grad.</strong></span> 
     </span>
     <span class='ocr_line' id='line_1_29' title="bbox 173 1813 1632 1869; baseline 0.001 -17"><span class='ocrx_word' id='word_1_214' title='bbox 173 1826 223 1868; x_wconf 86' lang='lat'><strong>¹9</strong></span> <span class='ocrx_word' id='word_1_215' title='bbox 247 1827 304 1856; x_wconf 87' lang='lat' dir='ltr'><strong>m.</strong></span> <span class='ocrx_word' id='word_1_216' title='bbox 360 1828 406 1865; x_wconf 87' lang='lat' dir='ltr'><strong>o,</strong></span> <span class='ocrx_word' id='word_1_217' title='bbox 433 1814 560 1854; x_wconf 85' lang='lat' dir='ltr'><strong>Dom.</strong></span> <span class='ocrx_word' id='word_1_218' title='bbox 588 1815 627 1857; x_wconf 79' lang='lat'><strong>3.</strong></span> <span class='ocrx_word' id='word_1_219' title='bbox 657 1813 830 1868; x_wconf 85' lang='lat' dir='ltr'><strong>Aquarii</strong></span> <span class='ocrx_word' id='word_1_220' title='bbox 860 1815 974 1867; x_wconf 84' lang='lat' dir='ltr'><strong>grad.</strong></span> <span class='ocrx_word' id='word_1_221' title='bbox 995 1828 1045 1869; x_wconf 89' lang='grc'><strong>27</strong></span> <span class='ocrx_word' id='word_1_222' title='bbox 1080 1829 1138 1854; x_wconf 86' lang='lat' dir='ltr'><strong>m.</strong></span> <span class='ocrx_word' id='word_1_223' title='bbox 1171 1827 1250 1863; x_wconf 83' lang='lat'><strong>20,</strong></span> <span class='ocrx_word' id='word_1_224' title='bbox 1282 1815 1405 1854; x_wconf 89' lang='lat' dir='ltr'><strong>Dom.</strong></span> <span class='ocrx_word' id='word_1_225' title='bbox 1432 1815 1472 1865; x_wconf 91' lang='grc'><strong>4.</strong></span> <span class='ocrx_word' id='word_1_226' title='bbox 1506 1815 1632 1855; x_wconf 89' lang='lat' dir='ltr'><strong>Arie-</strong></span> 
     </span>
     <span class='ocr_line' id='line_1_30' title="bbox 169 1869 1633 1924; baseline 0.001 -16"><span class='ocrx_word' id='word_1_227' title='bbox 169 1869 225 1908; x_wconf 89' lang='lat' dir='ltr'><strong>tis</strong></span> <span class='ocrx_word' id='word_1_228' title='bbox 269 1869 382 1923; x_wconf 85' lang='lat' dir='ltr'><strong>grad.</strong></span> <span class='ocrx_word' id='word_1_229' title='bbox 416 1883 494 1921; x_wconf 84' lang='lat'><strong>10,</strong></span> <span class='ocrx_word' id='word_1_230' title='bbox 533 1870 655 1912; x_wconf 87' lang='lat' dir='ltr'><strong>Dom.</strong></span> <span class='ocrx_word' id='word_1_231' title='bbox 690 1871 730 1914; x_wconf 77' lang='lat'><strong>5,</strong></span> <span class='ocrx_word' id='word_1_232' title='bbox 774 1870 921 1909; x_wconf 83' lang='lat' dir='ltr'><strong>Arietis</strong></span> <span class='ocrx_word' id='word_1_233' title='bbox 949 1883 999 1924; x_wconf 85' lang='lat'><strong>27</strong></span> <span class='ocrx_word' id='word_1_234' title='bbox 1045 1885 1100 1911; x_wconf 90' lang='lat' dir='ltr'><strong>m.</strong></span> <span class='ocrx_word' id='word_1_235' title='bbox 1141 1883 1216 1919; x_wconf 83' lang='lat'><strong>20,</strong></span> <span class='ocrx_word' id='word_1_236' title='bbox 1255 1870 1381 1909; x_wconf 89' lang='lat' dir='ltr'><strong>Dom.</strong></span> <span class='ocrx_word' id='word_1_237' title='bbox 1409 1869 1467 1913; x_wconf 87' lang='lat'><strong>6.·</strong></span> <span class='ocrx_word' id='word_1_238' title='bbox 1499 1869 1633 1910; x_wconf 85' lang='lat' dir='ltr'><strong>Tauri</strong></span> 
     </span>
     <span class='ocr_line' id='line_1_31' title="bbox 168 1923 1634 1979; baseline 0.001 -16"><span class='ocrx_word' id='word_1_239' title='bbox 168 1923 288 1977; x_wconf 83' lang='lat' dir='ltr'><strong>grad.</strong></span> <span class='ocrx_word' id='word_1_240' title='bbox 323 1938 373 1979; x_wconf 89' lang='lat'><strong>¹9</strong></span> <span class='ocrx_word' id='word_1_241' title='bbox 401 1938 455 1964; x_wconf 87' lang='lat' dir='ltr'><strong>m.</strong></span> <span class='ocrx_word' id='word_1_242' title='bbox 484 1925 553 1975; x_wconf 91' lang='grc' dir='ltr'><strong>4ο.</strong></span> <span class='ocrx_word' id='word_1_243' title='bbox 595 1927 810 1979; x_wconf 86' lang='lat' dir='ltr'><strong>oppositae</strong></span> <span class='ocrx_word' id='word_1_244' title='bbox 848 1924 993 1964; x_wconf 82' lang='lat' dir='ltr'><strong>domus</strong></span> <span class='ocrx_word' id='word_1_245' title='bbox 1030 1938 1097 1964; x_wconf 89' lang='lat' dir='ltr'><strong>sex</strong></span> <span class='ocrx_word' id='word_1_246' title='bbox 1137 1924 1234 1964; x_wconf 86' lang='lat' dir='ltr'><strong>inde</strong></span> <span class='ocrx_word' id='word_1_247' title='bbox 1275 1924 1421 1965; x_wconf 85' lang='lat' dir='ltr'><strong>haberi</strong></span> <span class='ocrx_word' id='word_1_248' title='bbox 1451 1932 1634 1979; x_wconf 82' lang='lat' dir='ltr'><strong>possunt.</strong></span> 
     </span>
     <span class='ocr_line' id='line_1_32' title="bbox 166 1978 1633 2035; baseline 0.002 -17"><span class='ocrx_word' id='word_1_249' title='bbox 166 1978 260 2019; x_wconf 87' lang='lat' dir='ltr'><strong>loca</strong></span> <span class='ocrx_word' id='word_1_250' title='bbox 288 1993 387 2020; x_wconf 86' lang='lat' dir='ltr'><strong>vero</strong></span> <span class='ocrx_word' id='word_1_251' title='bbox 416 1979 676 2035; x_wconf 86' lang='lat' dir='ltr'><strong>planetarum</strong></span> <span class='ocrx_word' id='word_1_252' title='bbox 717 1982 773 2020; x_wconf 89' lang='lat' dir='ltr'><strong>sic</strong></span> <span class='ocrx_word' id='word_1_253' title='bbox 806 1993 848 2020; x_wconf 89' lang='lat' dir='ltr'><strong>se</strong></span> <span class='ocrx_word' id='word_1_254' title='bbox 876 1979 1125 2020; x_wconf 86' lang='lat' dir='ltr'><strong>habuerunt.</strong></span> <span class='ocrx_word' id='word_1_255' title='bbox 1155 1979 1216 2019; x_wconf 85' lang='lat' dir='ltr'><strong>sol</strong></span> <span class='ocrx_word' id='word_1_256' title='bbox 1246 1979 1289 2019; x_wconf 88' lang='lat' dir='ltr'><strong>in</strong></span> <span class='ocrx_word' id='word_1_257' title='bbox 1317 1981 1469 2020; x_wconf 86' lang='lat' dir='ltr'><strong>Librae</strong></span> <span class='ocrx_word' id='word_1_258' title='bbox 1495 1980 1633 2035; x_wconf 85' lang='lat' dir='ltr'><strong>gradu</strong></span> 
     </span>
     <span class='ocr_line' id='line_1_33' title="bbox 174 2034 1630 2089; baseline 0.001 -15"><span class='ocrx_word' id='word_1_259' title='bbox 174 2048 222 2074; x_wconf 89' lang='lat'><strong>10</strong></span> <span class='ocrx_word' id='word_1_260' title='bbox 246 2049 300 2074; x_wconf 88' lang='lat' dir='ltr'><strong>m.</strong></span> <span class='ocrx_word' id='word_1_261' title='bbox 330 2048 396 2075; x_wconf 82' lang='lat'><strong>21.</strong></span> <span class='ocrx_word' id='word_1_262' title='bbox 460 2036 580 2075; x_wconf 89' lang='lat' dir='ltr'><strong>Luna</strong></span> <span class='ocrx_word' id='word_1_263' title='bbox 605 2036 843 2089; x_wconf 84' lang='lat' dir='ltr'><strong>Capricorni</strong></span> <span class='ocrx_word' id='word_1_264' title='bbox 883 2035 1017 2089; x_wconf 85' lang='lat' dir='ltr'><strong>gradu</strong></span> <span class='ocrx_word' id='word_1_265' title='bbox 1046 2034 1072 2075; x_wconf 92' lang='lat'>8</span> <span class='ocrx_word' id='word_1_266' title='bbox 1102 2049 1157 2076; x_wconf 90' lang='lat' dir='ltr'><strong>m.</strong></span> <span class='ocrx_word' id='word_1_267' title='bbox 1186 2034 1255 2086; x_wconf 87' lang='grc'><strong>44.</strong></span> <span class='ocrx_word' id='word_1_268' title='bbox 1313 2035 1516 2076; x_wconf 83' lang='lat' dir='ltr'><strong>saturnus</strong></span> <span class='ocrx_word' id='word_1_269' title='bbox 1548 2038 1630 2076; x_wconf 85' lang='lat' dir='ltr'><strong>Ca-</strong></span> 
     </span>
     <span class='ocr_line' id='line_1_34' title="bbox 167 2089 1630 2146; baseline 0.001 -17"><span class='ocrx_word' id='word_1_270' title='bbox 167 2090 354 2143; x_wconf 82' lang='lat' dir='ltr'><strong>pricorni</strong></span> <span class='ocrx_word' id='word_1_271' title='bbox 394 2091 509 2145; x_wconf 84' lang='lat' dir='ltr'><strong>grad.</strong></span> <span class='ocrx_word' id='word_1_272' title='bbox 545 2105 596 2146; x_wconf 83' lang='grc'><strong>27</strong></span> <span class='ocrx_word' id='word_1_273' title='bbox 636 2105 689 2131; x_wconf 89' lang='lat' dir='ltr'><strong>m.</strong></span> <span class='ocrx_word' id='word_1_274' title='bbox 718 2091 783 2130; x_wconf 83' lang='lat'><strong>50.</strong></span> <span class='ocrx_word' id='word_1_275' title='bbox 841 2090 1002 2144; x_wconf 87' lang='lat' dir='ltr'><strong>Iupiter</strong></span> <span class='ocrx_word' id='word_1_276' title='bbox 1042 2089 1191 2130; x_wconf 87' lang='lat' dir='ltr'><strong>Cancri</strong></span> <span class='ocrx_word' id='word_1_277' title='bbox 1228 2090 1340 2145; x_wconf 84' lang='lat' dir='ltr'><strong>grad.</strong></span> <span class='ocrx_word' id='word_1_278' title='bbox 1396 2091 1451 2132; x_wconf 84' lang='lat'><strong>26</strong></span> <span class='ocrx_word' id='word_1_279' title='bbox 1477 2106 1531 2133; x_wconf 89' lang='lat' dir='ltr'><strong>m.</strong></span> <span class='ocrx_word' id='word_1_280' title='bbox 1561 2105 1630 2132; x_wconf 85' lang='grc'><strong>22.</strong></span> 
     </span>
     <span class='ocr_line' id='line_1_35' title="bbox 168 2145 1631 2201; baseline 0.002 -17"><span class='ocrx_word' id='word_1_281' title='bbox 168 2146 281 2186; x_wconf 85' lang='lat' dir='ltr'><strong>Mars</strong></span> <span class='ocrx_word' id='word_1_282' title='bbox 314 2145 465 2186; x_wconf 88' lang='lat' dir='ltr'><strong>Arietis</strong></span> <span class='ocrx_word' id='word_1_283' title='bbox 491 2147 605 2201; x_wconf 83' lang='lat' dir='ltr'><strong>grad.</strong></span> <span class='ocrx_word' id='word_1_284' title='bbox 641 2160 687 2186; x_wconf 85' lang='lat'><strong>12</strong></span> <span class='ocrx_word' id='word_1_285' title='bbox 723 2160 779 2186; x_wconf 88' lang='lat' dir='ltr'><strong>m.</strong></span> <span class='ocrx_word' id='word_1_286' title='bbox 804 2146 870 2187; x_wconf 85' lang='grc'><strong>28.</strong></span> <span class='ocrx_word' id='word_1_287' title='bbox 898 2146 1041 2187; x_wconf 88' lang='lat' dir='ltr'><strong>Venus</strong></span> <span class='ocrx_word' id='word_1_288' title='bbox 1068 2146 1217 2186; x_wconf 82' lang='lat' dir='ltr'><strong>Librae</strong></span> <span class='ocrx_word' id='word_1_289' title='bbox 1244 2146 1364 2201; x_wconf 84' lang='lat' dir='ltr'><strong>grad.</strong></span> <span class='ocrx_word' id='word_1_290' title='bbox 1399 2161 1446 2187; x_wconf 81' lang='lat'><strong>12</strong></span> <span class='ocrx_word' id='word_1_291' title='bbox 1474 2161 1532 2187; x_wconf 88' lang='lat' dir='ltr'><strong>m.</strong></span> <span class='ocrx_word' id='word_1_292' title='bbox 1568 2161 1631 2188; x_wconf 80' lang='grc' dir='ltr'><strong>ιο.</strong></span> 
     </span>
     <span class='ocr_line' id='line_1_36' title="bbox 168 2200 1631 2256; baseline 0.001 -17"><span class='ocrx_word' id='word_1_293' title='bbox 168 2200 399 2241; x_wconf 89' lang='lat' dir='ltr'><strong>Mercurius</strong></span> <span class='ocrx_word' id='word_1_294' title='bbox 425 2201 576 2242; x_wconf 84' lang='lat' dir='ltr'><strong>Librae</strong></span> <span class='ocrx_word' id='word_1_295' title='bbox 611 2201 722 2255; x_wconf 86' lang='lat' dir='ltr'><strong>grad.</strong></span> <span class='ocrx_word' id='word_1_296' title='bbox 764 2200 812 2241; x_wconf 81' lang='lat'><strong>18</strong></span> <span class='ocrx_word' id='word_1_297' title='bbox 841 2216 896 2244; x_wconf 85' lang='lat' dir='ltr'><strong>m.</strong></span> <span class='ocrx_word' id='word_1_298' title='bbox 930 2203 996 2256; x_wconf 83' lang='lat'><strong>37.</strong></span> <span class='ocrx_word' id='word_1_299' title='bbox 1036 2201 1168 2241; x_wconf 89' lang='lat' dir='ltr'><strong>nodus</strong></span> <span class='ocrx_word' id='word_1_300' title='bbox 1195 2202 1429 2243; x_wconf 88' lang='lat' dir='ltr'><strong>Ascendens</strong></span> <span class='ocrx_word' id='word_1_301' title='bbox 1457 2216 1530 2244; x_wconf 88' lang='lat' dir='ltr'><strong>seu</strong></span> <span class='ocrx_word' id='word_1_302' title='bbox 1558 2216 1631 2243; x_wconf 83' lang='lat' dir='ltr'><strong>ca..</strong></span> 
     </span>
     <span class='ocr_line' id='line_1_37' title="bbox 167 2255 1631 2311; baseline 0.003 -16"><span class='ocrx_word' id='word_1_303' title='bbox 167 2262 247 2309; x_wconf 85' lang='lat' dir='ltr'><strong>put</strong></span> <span class='ocrx_word' id='word_1_304' title='bbox 276 2257 478 2297; x_wconf 89' lang='lat' dir='ltr'><strong>Draconis</strong></span> <span class='ocrx_word' id='word_1_305' title='bbox 511 2259 693 2311; x_wconf 83' lang='lat' dir='ltr'><strong>Virginis</strong></span> <span class='ocrx_word' id='word_1_306' title='bbox 731 2257 848 2310; x_wconf 82' lang='lat' dir='ltr'><strong>grad.</strong></span> <span class='ocrx_word' id='word_1_307' title='bbox 879 2255 948 2297; x_wconf 79' lang='lat'><strong>28.</strong></span> <span class='ocrx_word' id='word_1_308' title='bbox 992 2256 1144 2308; x_wconf 82' lang='grc' dir='ltr'><strong><em>κλῆρος</em></strong></span> <span class='ocrx_word' id='word_1_309' title='bbox 1181 2256 1390 2307; x_wconf 83' lang='grc' dir='ltr'><strong><em>βασιλέως</em></strong></span> <span class='ocrx_word' id='word_1_310' title='bbox 1425 2271 1495 2299; x_wconf 87' lang='lat' dir='ltr'><strong>seu</strong></span> <span class='ocrx_word' id='word_1_311' title='bbox 1539 2272 1631 2299; x_wconf 88' lang='lat' dir='ltr'><strong>sors</strong></span> 
     </span>
     <span class='ocr_line' id='line_1_38' title="bbox 167 2307 1630 2366; baseline 0.002 -15"><span class='ocrx_word' id='word_1_312' title='bbox 167 2312 277 2364; x_wconf 81' lang='lat' dir='ltr'><strong>regia</strong></span> <span class='ocrx_word' id='word_1_313' title='bbox 307 2311 349 2351; x_wconf 89' lang='lat' dir='ltr'><strong>in</strong></span> <span class='ocrx_word' id='word_1_314' title='bbox 392 2314 627 2366; x_wconf 83' lang='lat' dir='ltr'><strong>Capricorni</strong></span> <span class='ocrx_word' id='word_1_315' title='bbox 655 2312 768 2364; x_wconf 81' lang='lat' dir='ltr'><strong>grad.</strong></span> <span class='ocrx_word' id='word_1_316' title='bbox 800 2327 840 2366; x_wconf 87' lang='lat'><strong>9.</strong></span> <span class='ocrx_word' id='word_1_317' title='bbox 898 2307 1009 2365; x_wconf 78' lang='grc' dir='ltr'><strong><em>τύχη</em></strong></span> <span class='ocrx_word' id='word_1_318' title='bbox 1053 2326 1124 2352; x_wconf 91' lang='lat' dir='ltr'><strong>seu</strong></span> <span class='ocrx_word' id='word_1_319' title='bbox 1150 2326 1245 2366; x_wconf 87' lang='lat' dir='ltr'><strong>pars</strong></span> <span class='ocrx_word' id='word_1_320' title='bbox 1277 2313 1468 2354; x_wconf 86' lang='lat' dir='ltr'><strong>fortunae</strong></span> <span class='ocrx_word' id='word_1_321' title='bbox 1496 2314 1630 2354; x_wconf 84' lang='lat' dir='ltr'><strong>Pisci-</strong></span> 
     </span>
     <span class='ocr_line' id='line_1_39' title="bbox 167 2363 1630 2423; baseline 0.004 -19"><span class='ocrx_word' id='word_1_322' title='bbox 167 2363 247 2405; x_wconf 84' lang='lat' dir='ltr'><strong>bus</strong></span> <span class='ocrx_word' id='word_1_323' title='bbox 277 2367 392 2420; x_wconf 85' lang='lat' dir='ltr'><strong>grad.</strong></span> <span class='ocrx_word' id='word_1_324' title='bbox 425 2369 484 2407; x_wconf 83' lang='lat'><strong>15.</strong></span> <span class='ocrx_word' id='word_1_325' title='bbox 509 2368 576 2420; x_wconf 79' lang='grc'><strong>43.</strong></span> <span class='ocrx_word' id='word_1_326' title='bbox 606 2369 751 2419; x_wconf 88' lang='lat' dir='ltr'><strong>Quivis</strong></span> <span class='ocrx_word' id='word_1_327' title='bbox 782 2381 827 2406; x_wconf 88' lang='lat' dir='ltr'><strong>ex</strong></span> <span class='ocrx_word' id='word_1_328' title='bbox 857 2367 957 2416; x_wconf 84' lang='lat' dir='ltr'><strong>istis,</strong></span> <span class='ocrx_word' id='word_1_329' title='bbox 990 2367 1170 2407; x_wconf 86' lang='lat' dir='ltr'><strong>themate</strong></span> <span class='ocrx_word' id='word_1_330' title='bbox 1197 2368 1417 2421; x_wconf 88' lang='lat' dir='ltr'><strong>delineato,</strong></span> <span class='ocrx_word' id='word_1_331' title='bbox 1445 2368 1630 2423; x_wconf 83' lang='lat' dir='ltr'><strong>planetas</strong></span> 
     </span>
     <span class='ocr_line' id='line_1_40' title="bbox 168 2422 1630 2479; baseline 0.003 -19"><span class='ocrx_word' id='word_1_332' title='bbox 168 2427 209 2460; x_wconf 82' lang='lat' dir='ltr'><strong>et</strong></span> <span class='ocrx_word' id='word_1_333' title='bbox 237 2422 314 2462; x_wconf 81' lang='lat' dir='ltr'><strong>alia</strong></span> <span class='ocrx_word' id='word_1_334' title='bbox 342 2430 493 2477; x_wconf 87' lang='lat' dir='ltr'><strong>puncta</strong></span> <span class='ocrx_word' id='word_1_335' title='bbox 521 2424 626 2464; x_wconf 90' lang='lat' dir='ltr'><strong>coeli</strong></span> <span class='ocrx_word' id='word_1_336' title='bbox 647 2437 723 2478; x_wconf 90' lang='lat' dir='ltr'><strong>per</strong></span> <span class='ocrx_word' id='word_1_337' title='bbox 750 2423 894 2462; x_wconf 89' lang='lat' dir='ltr'><strong>domus</strong></span> <span class='ocrx_word' id='word_1_338' title='bbox 919 2423 1162 2463; x_wconf 87' lang='lat' dir='ltr'><strong>distribuere</strong></span> <span class='ocrx_word' id='word_1_339' title='bbox 1178 2426 1341 2477; x_wconf 87' lang='lat' dir='ltr'><strong>poterit.</strong></span> <span class='ocrx_word' id='word_1_340' title='bbox 1370 2425 1496 2466; x_wconf 89' lang='lat' dir='ltr'><strong>hocce</strong></span> <span class='ocrx_word' id='word_1_341' title='bbox 1523 2440 1630 2479; x_wconf 89' lang='lat' dir='ltr'><strong>por-</strong></span> 
     </span>
     <span class='ocr_line' id='line_1_41' title="bbox 164 2477 1629 2521; baseline 0.003 -6"><span class='ocrx_word' id='word_1_342' title='bbox 164 2489 214 2516; x_wconf 89' lang='lat' dir='ltr'><strong>ro</strong></span> <span class='ocrx_word' id='word_1_343' title='bbox 257 2477 397 2518; x_wconf 84' lang='lat' dir='ltr'><strong>thema</strong></span> <span class='ocrx_word' id='word_1_344' title='bbox 435 2478 608 2519; x_wconf 85' lang='lat' dir='ltr'><strong>caeleste</strong></span> <span class='ocrx_word' id='word_1_345' title='bbox 660 2479 767 2518; x_wconf 88' lang='lat' dir='ltr'><strong>nacti</strong></span> <span class='ocrx_word' id='word_1_346' title='bbox 811 2492 950 2519; x_wconf 90' lang='lat' dir='ltr'><strong>sumus</strong></span> <span class='ocrx_word' id='word_1_347' title='bbox 987 2480 1030 2518; x_wconf 90' lang='lat' dir='ltr'><strong>in</strong></span> <span class='ocrx_word' id='word_1_348' title='bbox 1075 2478 1324 2520; x_wconf 85' lang='lat' dir='ltr'><strong>bibliotheca</strong></span> <span class='ocrx_word' id='word_1_349' title='bbox 1373 2481 1629 2521; x_wconf 83' lang='lat' dir='ltr'><strong>Serenissimi</strong></span> 
     </span>
     <span class='ocr_line' id='line_1_42' title="bbox 166 2533 1628 2591; baseline 0.003 -21"><span class='ocrx_word' id='word_1_350' title='bbox 166 2534 304 2586; x_wconf 86' lang='lat' dir='ltr'><strong>magni</strong></span> <span class='ocrx_word' id='word_1_351' title='bbox 333 2533 550 2574; x_wconf 84' lang='lat' dir='ltr'><strong>Hetruriae</strong></span> <span class='ocrx_word' id='word_1_352' title='bbox 576 2535 701 2573; x_wconf 90' lang='lat' dir='ltr'><strong>Ducis</strong></span> <span class='ocrx_word' id='word_1_353' title='bbox 732 2533 990 2574; x_wconf 86' lang='lat' dir='ltr'><strong>Ferdinandi</strong></span> <span class='ocrx_word' id='word_1_354' title='bbox 1019 2535 1072 2585; x_wconf 84' lang='grc' dir='ltr'><strong>ΙΙ,</strong></span> <span class='ocrx_word' id='word_1_355' title='bbox 1106 2535 1303 2590; x_wconf 87' lang='lat' dir='ltr'><strong>principis</strong></span> <span class='ocrx_word' id='word_1_356' title='bbox 1331 2535 1628 2591; x_wconf 81' lang='lat' dir='ltr'><strong>sapientissimi</strong></span> 
     </span>
     <span class='ocr_line' id='line_1_43' title="bbox 168 2589 886 2640; baseline 0.008 -14"><span class='ocrx_word' id='word_1_357' title='bbox 168 2593 210 2627; x_wconf 87' lang='lat' dir='ltr'><strong>et</strong></span> <span class='ocrx_word' id='word_1_358' title='bbox 238 2602 335 2640; x_wconf 86' lang='lat' dir='ltr'><strong>erga</strong></span> <span class='ocrx_word' id='word_1_359' title='bbox 367 2589 566 2631; x_wconf 82' lang='lat' dir='ltr'><strong>litteratos</strong></span> <span class='ocrx_word' id='word_1_360' title='bbox 593 2590 886 2632; x_wconf 88' lang='lat' dir='ltr'><strong>humanissimi.</strong></span> 
     </span>
    </p>

    <p class='ocr_par' dir='ltr' id='par_1_9' title="bbox 168 2641 1626 2754">
     <span class='ocr_line' id='line_1_44' title="bbox 279 2641 1626 2702; baseline 0.002 -18"><span class='ocrx_word' id='word_1_361' title='bbox 279 2643 328 2684; x_wconf 89' lang='grc' dir='ltr'><strong>Ρ.</strong></span> <span class='ocrx_word' id='word_1_362' title='bbox 355 2644 428 2696; x_wconf 89' lang='grc'><strong>46,</strong></span> <span class='ocrx_word' id='word_1_363' title='bbox 459 2647 523 2695; x_wconf 85' lang='grc'><strong>24.</strong></span> <span class='ocrx_word' id='word_1_364' title='bbox 555 2646 652 2699; x_wconf 79' lang='lat' dir='ltr'><strong>Cap.</strong></span> <span class='ocrx_word' id='word_1_365' title='bbox 690 2646 749 2685; x_wconf 80' lang='lat'><strong>13.</strong></span> <span class='ocrx_word' id='word_1_366' title='bbox 808 2644 901 2684; x_wconf 75' lang='grc' dir='ltr'><em>ἐπεὶ</em></span> <span class='ocrx_word' id='word_1_367' title='bbox 931 2643 978 2692; x_wconf 70' lang='grc' dir='ltr'><strong>δὲ</strong></span> <span class='ocrx_word' id='word_1_368' title='bbox 1019 2641 1042 2685; x_wconf 83' lang='grc' dir='ltr'><strong><em>ὅ</em></strong></span> <span class='ocrx_word' id='word_1_369' title='bbox 1070 2643 1310 2702; x_wconf 79' lang='grc' dir='ltr'><strong><em>Βαγιαζήτ]</em></strong></span> <span class='ocrx_word' id='word_1_370' title='bbox 1374 2646 1508 2702; x_wconf 90' lang='lat' dir='ltr'><strong>Supra</strong></span> <span class='ocrx_word' id='word_1_371' title='bbox 1536 2661 1626 2701; x_wconf 82' lang='lat' dir='ltr'><strong>cap.</strong></span> 
     </span>
     <span class='ocr_line' id='line_1_45' title="bbox 168 2695 1006 2754; baseline -0.002 -14"><span class='ocrx_word' id='word_1_372' title='bbox 168 2695 193 2751; x_wconf 78' lang='grc'><strong>4</strong></span> <span class='ocrx_word' id='word_1_373' title='bbox 222 2698 390 2752; x_wconf 82' lang='lat' dir='ltr'><strong>legenda</strong></span> <span class='ocrx_word' id='word_1_374' title='bbox 416 2708 511 2740; x_wconf 83' lang='lat' dir='ltr'><strong>sunt</strong></span> <span class='ocrx_word' id='word_1_375' title='bbox 536 2715 641 2754; x_wconf 87' lang='lat' dir='ltr'><strong>quae</strong></span> <span class='ocrx_word' id='word_1_376' title='bbox 670 2702 829 2754; x_wconf 84' lang='lat' dir='ltr'><strong>scripsit</strong></span> <span class='ocrx_word' id='word_1_377' title='bbox 858 2701 1006 2743; x_wconf 67' lang='lat' dir='ltr'><strong>nuens,</strong></span> 
     </span>
    </p>

    <p class='ocr_par' dir='ltr' id='par_1_10' title="bbox 280 2752 1626 2815">
     <span class='ocr_line' id='line_1_46' title="bbox 280 2752 1626 2815; baseline 0.004 -21"><span class='ocrx_word' id='word_1_378' title='bbox 280 2753 329 2795; x_wconf 88' lang='grc' dir='ltr'><strong>Ρ.</strong></span> <span class='ocrx_word' id='word_1_379' title='bbox 344 2753 410 2812; x_wconf 83' lang='grc'><strong>47,</strong></span> <span class='ocrx_word' id='word_1_380' title='bbox 430 2769 466 2800; x_wconf 82' lang='grc'><strong>2.</strong></span> <span class='ocrx_word' id='word_1_381' title='bbox 490 2757 564 2797; x_wconf 77' lang='grc' dir='ltr'><strong>καί</strong></span> <span class='ocrx_word' id='word_1_382' title='bbox 583 2753 690 2797; x_wconf 76' lang='grc' dir='ltr'><strong>κατὰ</strong></span> <span class='ocrx_word' id='word_1_383' title='bbox 711 2756 792 2809; x_wconf 79' lang='grc' dir='ltr'><strong>μὲν</strong></span> <span class='ocrx_word' id='word_1_384' title='bbox 808 2752 854 2797; x_wconf 85' lang='grc' dir='ltr'><strong>τὸ</strong></span> <span class='ocrx_word' id='word_1_385' title='bbox 876 2755 1058 2812; x_wconf 75' lang='grc' dir='ltr'><strong><em>πρῶτον]</em></strong></span> <span class='ocrx_word' id='word_1_386' title='bbox 1090 2758 1225 2814; x_wconf 83' lang='lat' dir='ltr'><strong>Supra</strong></span> <span class='ocrx_word' id='word_1_387' title='bbox 1244 2757 1528 2801; x_wconf 73' lang='lat' dir='ltr'><strong>adnotavimus</strong></span> <span class='ocrx_word' id='word_1_388' title='bbox 1546 2760 1626 2815; x_wconf 82' lang='lat' dir='ltr'><strong>By-</strong></span> 
     </span>
    </p>
   </div>
  </div>
 </body>
</html>
