1890 3204
508 193 583 235 An
625 192 743 236 cAr.
785 185 965 232 xxxiv.
1016 187 1218 232 NOTAE.
1494 170 1612 245 607

150 294 229 336 hus
256 292 453 335 ‘rumicis'
473 308 497 335 e
535 295 620 334 vita
653 293 849 350 migrasse
877 292 1141 335 refert'anno
1168 287 1275 338 855,
1304 302 1443 331 mense
1472 290 1617 332 Mehe-

150 363 267 402 ιω,
293 348 360 390 die
396 349 592 390 Mercurii
638 363 708 389 seu
758 349 857 389 feria
897 347 936 401 4.
966 350 1064 388 totis
1101 347 1147 387 13
1191 345 1335 386 diebus
1363 359 1475 399 mors
1508 347 1616 388 illius

151 404 359 447 occultata
399 411 492 446 cst:
534 405 601 445 die
639 419 739 444 vero
779 404 828 445 16
858 403 1083 444 ΜεΙηει-εηι4
1110 402 1424 456 Adrianopolim
1453 404 1618 444 accessit

150 460 416 502 Mehemetes.
462 462 599 514 coepit
634 475 766 513 annus
800 459 981 514 Hegirae
1009 459 1089 499 855
1132 457 1350 498 Februarii
1378 457 1445 498 die
1473 458 1526 506 5,
1555 458 1618 498 fe-

150 518 216 558 ria
245 516 292 567 4,
321 529 433 556 anno
467 516 563 567 1451
586 546 598 567 ,
625 530 719 556 cum
748 515 889 570 cyclus
917 515 1021 555 Solis
1049 520 1153 554 esset
1180 513 1233 566 4,
1262 512 1400 553 littera
1431 514 1481 553 C.
1511 512 1617 554 obiit

150 573 341 613 Morntes
366 570 434 611 die
464 572 657 612 Mercurii
706 586 778 611 seu
810 570 910 611 feria
942 569 990 622 4,
1030 569 1242 610 Meherem
1269 583 1342 608 seu
1371 568 1617 609 Muharram

151 641 306 668 mense.
339 640 468 680 usque
497 626 551 666 ad
579 626 651 666 filii
683 626 908 666 adventum
937 639 1050 665 mors
1071 627 1156 666 eius
1184 626 1229 664 in
1256 622 1419 664 occulto
1446 638 1522 678 per
1552 625 1617 665 di-

151 695 196 723 es
234 682 284 722 15
315 681 455 722 habita
485 689 566 732 est,
596 690 636 722 et
666 682 732 722 die
770 682 818 723 16
854 681 1097 721 Muharram
1125 679 1375 720 Mehemetes
1403 680 1616 721 Adriano·

206 737 280 778 lim
307 737 433 777 venit.
463 737 549 777 dies
584 738 631 779 16
661 739 737 777 fuit
765 737 864 778 feria
882 737 906 778 5
935 751 1009 777 seu
1039 737 1125 778 dies
1154 736 1278 784 Iovis,
1311 737 1383 790 qui
1411 749 1616 791 congrue-

149 751 349 834 ffit‘tunc
387 806 482 833 cum
520 793 587 832 die
622 793 669 832 18
696 793 932 833 Februarii.
981 807 1004 832 a
1032 807 1114 847 quo
1141 792 1174 832 si
1204 790 1514 832 retrocedamus
1542 805 1617 846 per

155 848 206 889 15
235 847 348 899 dies,
383 848 610 902 proximam
658 849 806 888 feriam
833 848 860 900 4
889 850 1138 902 reperiemus
1176 847 1416 887 Muharram
1452 847 1560 887 diem
1593 860 1610 888 1

148 903 449 958 Februariique
473 904 585 944 diem
605 905 645 944 3.
675 905 784 944 unde
811 903 1054 944 concludere
1081 916 1297 958 possumus
1315 904 1517 943 Moratem
1536 901 1616 943 ob..

149 959 244 1000 iisse
271 959 488 1000 Februarii
530 959 597 1000 die
616 959 638 998 3
660 990 673 1011 ,
715 975 820 1014 quae
850 960 928 999 fuit
957 961 1171 1000 neomenia
1198 958 1470 1010 Muharram3
1498 958 1616 999 dein·

147 1028 331 1069 cepsque
355 1015 537 1056 eiusdem
566 1015 718 1055 mensis
746 1016 813 1055 die
857 1015 926 1062 16,
955 1029 1027 1055 seu
1059 1016 1108 1066 14
1135 1014 1375 1054 Muharram
1396 1043 1410 1064 ‚
1438 1021 1617 1055 mortem

149 1070 323 1111 Montis
375 1069 612 1125 vulgatam,
655 1070 859 1125 simulque
902 1071 1063 1111 Sultani
1102 1070 1341 1110 Mehemetis
1384 1069 1617 1124 Callipolim

133 1125 400 1178 radventnm3
428 1126 555 1166 hiduo
580 1134 696 1181 post,
725 1140 874 1181 nempe
895 1126 943 1166 16
968 1126 1210 1166 Muharram
1245 1134 1286 1166 et
1305 1125 1522 1166 Februarii
1549 1127 1614 1176 18,

149 1180 419 1222 Mehemetem
461 1181 753 1236 imperatorem
792 1183 1012 1222 salutatum
1051 1181 1186 1221 fuisse.
1229 1180 1272 1220 in
1306 1180 1433 1221 hocce
1475 1182 1615 1223 Ducae
1626 1188 1669 1224 V.
1692 1188 1755 1236 ¹94

148 1243 262 1278 textu
298 1239 623 1292 transm-iptoris‚
663 1252 746 1278 non
790 1238 968 1278 auctoris
1007 1251 1191 1277 errorem
1219 1250 1305 1277 esse
1330 1242 1380 1276 ut
1411 1237 1582 1277 credam
1600 1269 1613 1288 ‚

148 1292 334 1333 adducor
371 1306 423 1335 eo
470 1293 581 1348 quod
602 1324 615 1345 ,
661 1293 759 1349 qnid
806 1307 972 1349 qnoque
1001 1297 1118 1333 anno
1145 1291 1312 1347 gesserit
1338 1292 1616 1346 Mehemetes,

148 1346 367 1402 diligenter
406 1351 683 1404 persequitur.
729 1349 782 1388 ab
823 1363 931 1389 anno
970 1349 1110 1404 itaque
1141 1348 1255 1388 urbis
1284 1355 1428 1402 captae
1453 1347 1554 1400 1453
1582 1351 1616 1390 si

148 1403 422 1456 regrediendo
471 1417 602 1444 annos
639 1411 923 1458 computemus
962 1418 1032 1458 per
1058 1418 1125 1444 res
1149 1417 1174 1444 a
1202 1402 1432 1444 Mehemete
1457 1411 1618 1457 gestas,

150 1473 260 1499 anno
286 1459 397 1512 1452
426 1459 543 1499 illum
572 1467 818 1514 occupatum
845 1462 887 1500 in
917 1459 1169 1499 aedificando
1193 1465 1331 1500 castro
1358 1459 1411 1499 ad
1441 1459 1616 1514 Bospori

148 1514 286 1554 fauces
313 1515 566 1567 videbimus,
599 1530 710 1556 anno
741 1530 838 1556 vero
872 1516 969 1566 1451
1004 1515 1159 1555 bellum
1189 1517 1424 1555 Car-amano
1454 1514 1619 1556 intulis-

147 1583 216 1622 se,
258 1570 405 1610 eodem
444 1583 590 1626 nempe
634 1582 717 1626 quo
746 1573 922 1612 Morates
965 1571 1090 1625 ipsius
1117 1578 1239 1625 pater
1276 1571 1371 1611 fatis
1399 1573 1616 1612 concessit.

147 1624 260 1666 unde
278 1625 551 1667 dubitandum
580 1641 662 1667 non
681 1635 742 1668 est
766 1629 865 1681 quin
896 1641 1014 1667 error
1040 1627 1350 1694 transcriptoris
1376 1627 1430 1666 sit
1456 1627 1500 1666 in
1530 1633 1618 1667 tex-

147 1687 224 1734 tu,
267 1683 310 1720 in
335 1696 418 1736 quo
447 1681 664 1737 legendum
696 1679 825 1741 ’ςπνέἴ
860 1681 1160 1735 Φεβρουαρίου
1187 1697 1238 1735 γ.
1271 1681 1395 1737 6959,
1425 1681 1529 1722 Feb.
1545 1683 1616 1723 23.

260 1736 314 1776 P.
350 1738 448 1788 253,
486 1751 547 1780 11.
613 1738 717 1792 Cap.
753 1737 816 1789 34.
884 1734 967 1778 σύν
1010 1736 1124 1791 αὐτῷ
1151 1733 1364 1793 ἐπιτρόπῳ
1399 1735 1617 1791 Ουγγρίας

147 1789 208 1845 τῷ
230 1785 392 1847 Ἰάγγῳ]
451 1793 724 1833 Mehemetem
753 1807 897 1846 pacem
931 1806 1025 1832 cum
1053 1792 1249 1832 Triballis
1276 1806 1348 1831 seu
1373 1792 1523 1848 Serviis
1551 1794 1616 1833 in·-

148 1847 242 1887 iisse
265 1849 402 1886 statim
430 1861 477 1887 ac
506 1849 630 1888 fasces
658 1849 814 1903 imperii
845 1848 1049 1901 suscepit,
1081 1850 1193 1887 testis
1231 1853 1292 1888 est
1316 1848 1533 1888 Laonicus.

257 1902 313 1941 P.
345 1903 440 1953 233,
475 1904 535 1944 13.
603 1901 707 1945 κατὰ
747 1905 826 1942 τοῦ
862 1901 1080 1955 Καραμὰν
1120 1900 1424 1956 ε’κστρατεύει]
1497 1903 1615 1944 Hanc

149 1956 449 2009 expeditionem
487 1959 623 1998 statim
700 1966 764 1999 ost
793 1961 922 2012 patris
958 1959 1116 1998 obitum
1145 1959 1371 2011 suscepisse
1400 1958 1615 2000 Meheme-

148 2017 233 2051 tem
261 2026 373 2053 anno
406 2015 580 2068 Hegirae
607 2014 659 2056 85
699 2044 713 2065 ,
748 2014 896 2055 Christi
933 2015 1028 2066 1451
1051 2044 1063 2066 ,
1091 2013 1217 2053 tradit
1248 2013 1543 2067 Leunclavius,
1573 2022 1615 2056 et

150 2067 352 2109 Laonicus
386 2069 457 2109 lib.
487 2086 509 2125 7
541 2071 618 2110 sub
645 2071 781 2109 finem.

151 2179 172 2189 ..
259 2123 312 2167 P.
341 2125 440 2177 233,
470 2139 539 2165 22.
599 2122 791 2180 φρούρια
819 2122 946 2178 τρία]
1004 2124 1192 2165 videnda
1218 2130 1314 2165 sunt
1340 2140 1460 2181 capp.
1491 2140 1548 2182 29
1573 2133 1614 2167 et

151 2192 202 2219 02
235 2193 283 2219 su
314 2194 373 2220 ra.

253 2195 311 2275 ΡΙ.)
340 2236 434 2286 254,
465 2250 533 2277 21.
589 2230 768 2289 ἀσηρῶν
808 2234 1061 2287 τριακοσίων
1083 2232 1316 2289 χιλιάδων]
1342 2234 1391 2283 ⁴S'i
1421 2250 1495 2289 pro
1523 2237 1613 2276 sin-

150 2290 255 2344 gulis
282 2291 441 2344 piastris
464 2292 691 2346 Hispanicis
714 2299 904 2346 argentea
935 2306 1054 2345 aspra
1081 2306 1155 2332 1¹20
1183 2298 1283 2331 tunc
1311 2292 1613 2344 computaban-

148 2353 247 2399 tur,
292 2348 547 2402 accipiebant
585 2349 734 2388 Graeci
781 2361 958 2387 annuam
1001 2348 1239 2401 pensionem
1276 2347 1328 2387 ad
1371 2346 1611 2389 Orchanem

150 2400 340 2442 alendum
371 2405 620 2456 piastrorum
641 2404 760 2445 2500.
793 2402 918 2442 hocce
937 2416 1035 2443 vero
1060 2411 1251 2457 tempore
1268 2403 1322 2444 80
1349 2403 1611 2444 solummodo

149 2458 276 2510 aspris
313 2459 511 2512 piastrum
541 2466 725 2507 mutant,
770 2458 904 2498 edicto
936 2459 1199 2512 imperatorio
1228 2459 1279 2500 de
1307 2474 1355 2500 re
1380 2462 1612 2501 monetaria

149 2520 244 2553 ante
281 2514 464 2568 quinque
501 2517 665 2555 circiter
703 2528 829 2554 annos
871 2514 977 2565 lato,
1019 2514 1114 2554 dum
1148 2515 1477 2556 Vezir-azemus
1520 2522 1612 2556 erat

150 2567 263 2608 Kara
292 2571 511 2625 Mustapha
554 2572 696 2620 Bassa,
730 2571 792 2609 vir
832 2571 1018 2623 quamvis
1061 2571 1427 2623 ineruditissimus,
1466 2579 1511 2612 ut
1539 2573 1611 2625 qui

149 2637 226 2664 nec
254 2623 386 2679 legere
429 2641 505 2665 nec
534 2626 718 2666 scribere
743 2625 893 2665 sciebat
910 2655 923 2677 ,
962 2627 1005 2665 in
1043 2626 1164 2667 rebus
1206 2627 1390 2682 gerendis
1416 2628 1611 2682 negotiIs-

150 2692 230 2734 que
256 2680 514 2734 expediendis
543 2682 830 2722 solertissimus
859 2695 905 2720 ac
934 2683 1266 2736 promptissimus.

264 2735 316 2775 P.
350 2737 446 2785 236,
477 2752 518 2791 9.
575 2734 888 2788 μορμολύκεια]
948 2738 1067 2791 Apud
1092 2738 1443 2794 Theophylactum
1475 2736 1611 2775 Simo-

152 2796 302 2830 cattam
330 2790 403 2832 hb.
435 2807 456 2832 2
489 2807 579 2847 cap.
625 2793 676 2845 14
711 2795 752 2832 in
796 2794 982 2833 oratione
1027 2794 1236 2836 cuiusdam
1267 2795 1371 2836 senis
1400 2793 1450 2833 ad
1482 2794 1609 2832 Com..
