1904 3198
306 165 374 198 22
648 162 829 203 DUCAE
866 161 1153 203 MlCflAEms
1193 161 1416 203 NEPOTls

302 261 380 318 λὴν
406 263 616 318 πονηράν,
652 261 726 318 τήν
766 263 844 316 μὲν
882 258 1043 315 ἡμέραν
1058 258 1169 313 ἔχειν
1195 255 1390 315 ἀλλήλοις
1408 259 1480 303 τόν
1507 258 1749 313 ὅμιλονκαί

301 327 541 382 συνδιάγειν
576 327 693 377 ἐντὸς
725 329 799 370 τοῦ
829 326 1036 383 φρουρίου
1078 323 1174 375 τούς
1201 322 1415 380 ἅπαντας,
1443 324 1520 380 τὴν
1545 326 1592 367 δὲ
1623 322 1747 368 νύκτα

302 391 410 435 κατὰ
449 394 576 447 μέρος
619 394 776 435 σύνδυο
816 393 891 433 καί
918 392 1108 446 σύντρεις
1142 390 1456 447 ἅσφαλίζεσθαι
1483 393 1528 434 ἐν
1555 388 1748 444 οἰκίσκοις

302 459 403 500 τισί.
436 456 484 500 τό
507 459 554 500 δὲ
581 459 787 513 βουληθὲν
807 458 867 506 εἰς
897 454 1015 509 ἔργον
1044 450 1177 510 ἤγετο,
1206 455 1280 498 καί
1304 455 1355 512 δὴ
1383 457 1554 499 σανίδαι
1580 454 1654 498 καὶ
1677 454 1749 508 ξό-

303 527 360 564 λα
390 522 464 565 καί
504 525 688 572 τέκτονες
717 518 1088 577 παρεσκευάζοντο.
1155 521 1210 571 ὥς
1239 523 1286 564 δὲ
1319 520 1364 564 τὸ
1396 520 1683 577 πραττόμενον
1709 518 1785 565 0ὶὸ

304 586 619 644 φρουρούμενοι
655 586 866 643 ἔγνωσαν,
888 599 889 602 ’
913 582 1030 628 εἶπον
1066 587 1111 628 έν
1156 589 1300 636 αΰτοῖς
1340 588 1447 641 ,,ου“κ
1491 583 1601 629 ἄλλο
1623 588 1747 629 τοῦτο

301 653 409 709 πλὴν
435 654 654 710 προφανής
693 651 893 708 ἡμέτερος
921 645 1108 708 ὄλεθρος·
1163 652 1191 708 ἦ
1218 652 1299 710 γὰρ
1334 654 1407 695 a’n’
1437 652 1627 708 ἀλλήλων
1650 649 1750 695 ,διά-

302 734 449 768 στασις
476 717 553 775 τὴν
582 717 771 772 νυκτώὸη
792 715 1021 772 πνιγμονὴν
1049 713 1077 774 ἢ
1104 716 1180 773 τὴν
1210 719 1255 761 έν
1280 721 1403 776 βυθῷ
1428 723 1502 775 τῆς
1530 716 1750 774 θαλάσσης

302 782 612 826 καταπόντωσιν
638 780 1011 839 προμαντεύεται.”
1066 785 1185 825 ταῦτ’
1209 781 1396 840 ἔφασκον
1414 817 1426 835 ,
1455 783 1530 827 καὶ
1551 785 1611 834 εἰς
1639 784 1750 826 ἄθυ-

259 863 291 895 1)
301 851 405 903 μίαν
431 850 638 891 ἐνέπεσον.
692 845 714 889 ὅ
745 850 781 889 δ’
817 846 1083 897 Ἀπόκαυκος
1112 847 1253 891 ἐλθών
1278 851 1358 891 τοῦ
1384 851 1646 903 μεθοδεῦσαι
1670 847 1748 899 τὰς
1767 863 1814 889 ιο

301 912 457 969 σκηνὰς
477 916 567 962 παῖς
596 914 667 954 δεῖ
688 915 817 968 πῆξαι
844 918 929 962 τοῖς
958 914 1256 969 α’ρχιτέκτοσιν,
1287 911 1412 968 μόνος
1440 913 1640 971 ἔφιππος,
1671 912 1749 959 οὔκ

302 976 432 1021 ἄλλου
462 980 574 1027 τινὸς
605 979 932 1028 συνιππεύοντος
958 978 1065 1034 πλὴν
1091 977 1184 1029 ἑνὸς
1211 979 1378 1034 δούλου,
1407 982 1481 1023 καί
1500 977 1648 1024 τούτου
1675 995 1750 1022 πε*
1784 982 1787 986 ’

303 1046 579 1099 ζοποροῦντος
615 1043 673 1093 ὥς
700 1043 797 1094 ἔθος
817 1077 830 1099 ,
861 1043 976 1095 ἐντὸς
1009 1047 1057 1088 δὲ
1083 1046 1157 1100 τῆς
1182 1045 1322 1101 θύρας
1347 1046 1422 1088 τοῦ
1450 1045 1658 1101 φρουρίου
1685 1058 1751 1099 γε·

301 1111 499 1163 νόμενος,
549 1110 625 1151 καί
661 1111 809 1151 τοῦτον
840 1109 879 1152 οἱ
911 1113 1004 1153 ἐκεῖ
1040 1110 1311 1164 κατεχόμενοι
1339 1109 1397 1160 ὥς
1425 1113 1591 1167 φθορέα
1613 1110 1751 1153 κοινόν

300 1174 376 1216 καί
412 1174 678 1230 ψυχάρπαγα
720 1177 1001 1230 θεασάμενοι,
1045 1175 1147 1229 μίαν
1174 1179 1257 1218 ταῖν
1286 1175 1611 1231 παρατυχόντων
1635 1178 1748 1219 ‹rarl-
1767 1178 1813 1218 15

303 1242 388 1281 δων
418 1242 547 1295 φλιιῖς
572 1241 694 1281 ἕνεκα
718 1243 1021 1284 λεπτυνθεῖσαν
1039 1243 1180 1295 λαβὼν
1205 1238 1266 1291 εἷς
1296 1244 1379 1284 τῶν
1405 1242 1675 1298 προυχόντων
1704 1243 1750 1285 ἐκ

301 1307 447 1359 γένους
471 1302 624 1346 Ῥαοῦλ
653 1301 749 1347 dni
775 1306 925 1362 ’ξίφους
951 1307 1067 1348 παίει
1094 1306 1202 1348 κατὰ
1233 1310 1419 1363 κεφαλῆς
1447 1305 1750 1350 τόνἈπόκαυ-

302 1386 391 1415 κον.
418 1367 440 1410 ὅ
462 1371 508 1412 δὲ
525 1368 632 1411 κατὰ
647 1372 723 1425 γῆς
748 1367 829 1413 ἀπὸ
856 1374 931 1414 τοῦ
949 1372 1077 1414 ἵππου
1095 1371 1153 1421 ὥς
1167 1374 1243 1414 ἀπ’
1257 1373 1443 1428 οὐρανοῦ
1468 1369 1594 1422 ἄλλος
1609 1371 1751 1415 Σατὰν

302 1436 460 1480 πίπτει.
517 1432 539 1475 ὃ
571 1436 618 1477 δὲ
646 1437 796 1485 δοῦλος
838 1439 1034 1480 πλέκεται
1065 1440 1122 1495 τῷ
1145 1437 1298 1480 Ῥαούλ
1341 1440 1415 1482 καί
1460 1434 1592 1495 ἄμφω
1623 1453 1751 1492 μονο-

302 1504 538 1555 μαχοῦντες
562 1499 820 1557 εἱστήκεσαν.
875 1501 1032 1546 τούτων
1062 1506 1110 1547 δὲ
1139 1504 1462 1559 ἀσχολουμένων
1487 1505 1559 1546 ε’πί
1586 1506 1637 1562 τῇ
1667 1503 1748 1546 nd·
1762 1515 1815 1541 20

304 1571 354 1623 λῃ
371 1599 384 1619 ,
414 1568 552 1622 ἕτερος
591 1569 674 1609 τῶν
710 1570 952 1622 ἑγκλείστων
989 1572 1165 1612 πέλεκυν
1203 1568 1319 1625 παρὰ
1349 1572 1428 1612 τῶν
1461 1572 1538 1612 τοῦ
1559 1571 1748 1619 τέκτονος

199 1647 234 1680 Ρ,
255 1657 294 1680 ,ο
305 1633 460 1686 χειρῶν
489 1629 685 1686 ἁρπάσας
713 1632 788 1674 τὸν
814 1635 959 1687 χαμαί
984 1632 1166 1677 πεσόντα
1196 1640 1448 1689 καρατομεΐ,
1481 1637 1555 1677 καί
1579 1633 1656 1690 τήν
1680 1651 1748 1676 κε-

305 1695 446 1752 φαλὴν
495 1698 541 1739 ἐν
585 1695 649 1739 ἑνί
683 1700 806 1753 μέρει
842 1701 924 1741 τῶν
962 1699 1252 1755 προμαχώνων
1279 1701 1388 1758 ξύλῳ
1417 1702 1750 1757 πεπερονημένην

305 1842 481 1875 eiusmodi
508 1844 699 1876 consilium
729 1843 933 1889 improbum
964 1845 1054 1885 init,
1081 1847 1203 1878 omnes
1231 1846 1325 1879 inter
1347 1857 1383 1878 se
1409 1846 1541 1880 versari
1560 1846 1748 1879 familiari-

303 1894 431 1933 terque
466 1890 625 1934 colloqui
657 1891 751 1923 intra
785 1891 934 1924 carceris
955 1896 1057 1936 septa
1084 1892 1244 1924 interdiu
1265 1893 1494 1937 permittere,
1522 1903 1587 1938 per
1605 1899 1748 1926 noctem

304 1946 387 1967 vero
410 1942 591 1979 separatos
607 1937 713 1969 binos
739 1938 795 1970 vel
817 1938 925 1970 etiam
948 1943 1068 1970 ternos
1090 1937 1130 1971 in
1146 1938 1363 1984 quibusdam
1385 1939 1610 1973 domunculis
1629 1945 1748 1974 custo-

304 1981 386 2013 diae
404 1983 594 2015 securioris
621 1994 726 2015 causa
745 1983 971 2016 concludere.
998 1984 1143 2029 iamque
1159 1985 1350 2018 consilium
1369 1986 1622 2031 peragebatur,
1650 1998 1746 2020 asse—

304 2040 432 2072 resque
465 2035 501 2061 et
541 2030 637 2073 ligna
669 2030 957 2074 apparabantur,
990 2036 1028 2064 et
1060 2031 1153 2064 fabri
1178 2031 1342 2065 advocati
1371 2039 1495 2074 erant,
1523 2044 1603 2066 cum
1627 2033 1745 2075 illud,

304 2075 367 2118 qui
391 2075 457 2107 sub
487 2076 651 2108 custodia
687 2077 924 2117 tenebantur,
960 2083 1170 2118 senserunt,
1202 2078 1346 2124 sibique
1377 2085 1509 2113 certam
1533 2091 1573 2112 ac
1593 2080 1746 2113 manife-

304 2127 394 2152 stam
415 2122 611 2165 perniciem
634 2124 752 2166 parari
783 2130 1045 2167 cognoverunt,
1072 2125 1244 2169 illamque
1272 2137 1336 2170 per
1357 2132 1499 2159 noctem
1523 2127 1744 2170 singulorum

304 2168 566 2211 separationem
583 2195 591 2210 ‚
619 2170 938 2213 strangulationem
968 2172 1087 2204 autin
1114 2172 1333 2215 profundum
1356 2184 1454 2205 mare
1482 2173 1743 2205 demersionem

302 2215 571 2257 praenunciare.
599 2215 737 2260 hosque
769 2229 951 2250 sermones
975 2217 1060 2250 dum
1086 2218 1181 2250 inter
1204 2230 1241 2250 se
1267 2219 1427 2262 agitant,
1451 2220 1570 2252 animo
1589 2218 1744 2264 despon-

304 2259 400 2292 dent.
424 2261 567 2293 interim
595 2262 803 2306 Apocaucus
828 2264 940 2297 fabris
963 2270 1168 2297 ostensurus
1194 2264 1341 2297 modum
1364 2271 1401 2298 et
1425 2265 1609 2307 ordinem,
1634 2277 1742 2310 quem

301 2312 451 2339 teneant
477 2308 514 2339 in
543 2309 691 2340 cameris
723 2309 796 2342 illis
820 2311 1048 2352 extruendis,
1080 2311 1181 2343 nullo
1203 2312 1395 2344 comitante
1421 2313 1564 2356 equite,
1586 2312 1649 2345 sed
1669 2324 1741 2346 uno

302 2364 423 2392 servo,
449 2365 582 2398 eoque,
611 2360 652 2386 ut
675 2366 751 2387 mos
773 2361 849 2397 est,
874 2357 1027 2402 pedibus
1059 2363 1232 2402 sequente
1257 2359 1379 2399 venit,
1407 2359 1574 2403 intraque
1597 2360 1741 2392 ianuam

302 2401 451 2432 carceris
475 2400 696 2443 ingreditur3
733 2413 839 2445 quem
875 2416 958 2437 mox
991 2410 1240 2448 conspectum,
1266 2410 1307 2438 ut
1334 2417 1556 2438 communem
1581 2406 1740 2438 omnium

301 2452 439 2490 pestem
477 2447 645 2491 vitaeque
669 2448 889 2492 singulorum
921 2451 1168 2491 insidiantem,
1205 2462 1296 2484 unus
1332 2463 1455 2484 eorum
1487 2453 1583 2485 inter
1603 2453 1741 2498 praeci-

304 2503 394 2536 puo·
415 2503 457 2524 ex
481 2504 609 2536 genere
635 2494 725 2525 Raul
744 2496 966 2539 apprehensa
984 2499 1061 2531 vice
1088 2497 1197 2541 gladii
1216 2497 1342 2530 tabula
1366 2498 1492 2541 obvia,
1517 2511 1610 2544 quae
1632 2499 1677 2531 ad
1695 2499 1741 2531 li-

301 2550 384 2571 men
408 2539 638 2572 statuendum
672 2540 840 2574 dedolata
865 2550 963 2586 erat,
992 2543 1148 2585 invadit,
1182 2544 1333 2589 eiusque
1365 2550 1472 2588 caput
1502 2546 1678 2591 percutit3
1703 2551 1742 2578 et

302 2585 510 2629 Apocaucus
531 2586 575 2617 ab
602 2597 714 2630 equo,
746 2589 845 2621 velut
881 2591 973 2624 alius
1004 2591 1112 2624 Satan
1142 2590 1186 2622 de
1208 2591 1328 2632 caelo,
1360 2591 1465 2624 cadit.
1498 2599 1536 2626 at
1560 2592 1739 2636 Apocauci

303 2643 423 2664 servus
445 2644 523 2664 cum
543 2633 631 2665 Rau}
651 2634 880 2673 colluctatur,
908 2643 944 2670 et
967 2637 1072 2670 ambo
1094 2643 1263 2682 tanquam
1290 2638 1327 2670 in
1348 2640 1540 2672 certamine
1566 2638 1737 2683 singulari

302 2683 414 2717 stant3
441 2678 597 2723 dumque
618 2679 723 2711 simul
741 2682 958 2724 confligunt,
984 2685 1281 2717 incarceratorum
1304 2685 1395 2717 alius
1418 2691 1557 2730 arrepta
1576 2685 1620 2717 de
1643 2684 1735 2717 fabri

301 2724 467 2758 manibus
497 2726 611 2759 securi
632 2725 732 2758 humi
768 2728 917 2763 iacentis
942 2736 1048 2776 caput
1078 2730 1268 2771 abscindit,
1292 2731 1455 2776 illudque
1476 2733 1559 2778 palo
1587 2732 1735 2766 infixum
