1884 3216
305 118 438 213 272v
619 155 801 200 DUCAE
838 122 1390 199 Mlcnmlswusspo'm

303 258 380 299 τοῦ·
421 257 585 311 τείχους
622 256 791 311 ἔστησεν
827 256 872 297 ἒν
898 254 947 310 τῇ
989 252 1099 312 πύλῃ
1143 256 1218 297 τοῦ
1248 252 1366 309 ἁγίου
1386 250 1604 307 Ῥωμανοιῖ
1627 254 1731 308 πλη-,-

304 320 406 366 σιὀν.
478 320 550 364 καὶ
595 320 736 374 λαβών
762 324 930 375 σημεῖον
956 316 977 360 ὅ
1022 321 1204 375 τεχνίτης
1219 352 1233 375 ,
1261 317 1349 374 εἶχε
1376 318 1455 374 γὰρ
1483 320 1531 361 ἐκ
1557 319 1731 372 πλανῶν

304 385 474 444 φωλεάς
502 387 579 429 δύο
596 386 993 438 κατεσκευασμένας,
1019 382 1240 442 χωρούσας
1261 387 1415 440 πέτρας
1442 384 1499 435 οἷς
1517 381 1733 438 λιτρῶν-91-

303 448 536 508 αῧ-τοφυῶς
563 452 856 505 τεχνασμένας.
913 453 984 493 καί
1009 447 1090 492 ὁ’τε’
1105 449 1302 506 ἠβούλετο
1331 448 1530 492 ἀπολύειν
1558 447 1732 504 ‘trinus-
1789 471 1792 474 ·

266 516 436 573 ςγὰλην
457 549 469 570 ,
501 518 744 571 ἕσημειοῦτο
789 513 857 557 τὸν
888 512 1015 557 τόπον
1063 516 1232 570 πρῶτον
1251 517 1424 570 πέμπων
1450 513 1523 570 τὴν
1548 511 1730 568 μικράν,
1739 513 1768 555 6

305 600 378 624 και
405 580 500 624 τότε
528 582 807 635 στοχαστικῶς
834 579 1074 636 ε’σφενδόνει
1097 579 1170 637 τήν
1196 580 1400 636 μεγίστην.
1455 582 1528 622 καί
1555 577 1735 641 κρούσας

306 646 380 702 τήν
407 644 571 702 πρώτην
596 646 745 722 βολήν,
774 662 843 687 και
887 645 1132 696 ἀκούσαντες
1160 649 1234 688 τοῦ
1261 645 1419 688 κτύπου
1450 643 1488 686 οἱ
1516 647 1589 700 τῆς
1614 640 1737 724 πόλε-

303 729 364 762 ως
390 712 497 754 ἐνεοι
519 710 711 764 γεγόνασι
731 743 744 764 ,
776 710 849 752 καί
876 709 921 752 τὸ
965 709 1113 766 ,,κύριε
1148 713 1338 766 ἐλέησον’
1364 709 1562 766 ἔκραζον..
1607 725 1660 764 ην
1689 709 1736 750 δὲ

306 775 402 820 τότε
429 775 531 818 κατὰ
563 774 608 817 τὸ
638 773 735 826 ἔθος
760 776 1023 832 εὖρεθεῖσαῆ
1054 775 1173 819 εἰκών
1200 779 1274 832 τῆς
1297 777 1631 832 πανυπεροὶγνου
1627 777 1737 821 θεο-

306 840 426 885 τόκου
473 843 525 897 τῇ
554 839 757 896 ἓβδομάὸι
793 844 867 896 τῆς
891 843 1211 897 διακαινησᾴιου
1241 843 1284 884 ἐν
1310 844 1369 900 τῷ
1395 844 1609 900 παλατίῳ·
1665 838 1739 886 καὶ
1756 859 1802 885 ro

307 905 444 965 ἔκτοτε
484 906 685 960 συχνάκις
722 905 959 949 ἕλιτάνευον
1004 908 1049 949 ἐν
1076 909 1129 964 τῇ
1165 909 1273 964 μονῇ
1308 912 1382 963 τῆς
1417 905 1585 963 χώρας,
1615 902 1738 960 καὶῆ

308 971 432 1016 εἰκών
466 974 557 1015 ἐκεῖ
588 971 733 1014 ἵστατο
776 974 928 1028 μέχρις
952 971 1160 1023 ἁλώσεως.
1216 975 1310 1017 τότε
1339 975 1570 1029 ἐπληροῦτο
1596 970 1642 1016 τὸ
1668 969 1741 1031 ῥη-

308 1041 386 1080 θὲν
415 1036 530 1093 παρὰ
568 1038 645 1079 τοῦ
682 1039 787 1079 θεοῦ
822 1035 893 1079 διὰ
929 1040 1005 1079 τοῦ
1027 1038 1226 1094 Ἰερεμίου
1267 1040 1454 1093 λέγοντος
1477 1039 1576 1092 »ἵνα
1600 1038 1648 1080 ,τί
1665 1052 1743 1092 μοι

308 1105 477 1158 λίβανον
513 1104 559 1145 ἐκ
587 1100 707 1156 Σαβὰ
751 1104 894 1158 φέρεις
936 1101 1010 1144 καὶ
1034 1102 1296 1158 κιννάμωμον
1335 1106 1381 1146 ἐκ
1406 1105 1482 1159 γῆς
1506 1100 1743 1158 μακρόθενς

174 1180 297 1216 V.123
309 1167 362 1213 τοὶ
408 1165 732 1221 ὁλοκαυτώματα
773 1167 893 1221 ὑμῶν
935 1168 1010 1209 οὔκ
1063 1166 1177 1211 ἔστιν
1218 1167 1368 1223 dex-coi,
1412 1172 1486 1212 καί
1522 1167 1568 1212 αἱ
1591 1170 1806 1220 θὐσίαιύ

267 1235 435 1288 Βῦμῶν
463 1236 544 1287 οὐχ
570 1230 729 1288 ἥὸυνάν
757 1247 845 1286 μοι.
900 1231 970 1274 διὰ
999 1235 1120 1275 τοῦτο
1153 1231 1250 1276 τάδε
1276 1232 1569 1290 λέγει’κύριος.
1622 1231 1740 1284 ἰδού,

317 1298 396 1355 ἐγώ
429 1300 582 1352 δίδωμι
607 1299 676 1340 ἐπὶ
703 1296 775 1339 τὸν
803 1296 902 1340 λαὸν
933 1299 1086 1340 τοῦτον
1113 1298 1357 1352 ἀσθένειαν,
1387 1299 1460 1341 καὶ
1489 1295 1745 1354 ἇσθενήσου-

317 1382 387 1409 σιν
423 1366 468 1407 ἐν
503 1365 612 1422 αὐτῇ
650 1364 826 1418 πατέρες
869 1362 940 1405 καί
976 1362 1064 1405 υἱοὶ
1105 1360 1219 1418 ἅμα,
1256 1363 1399 1419 γείτων
1425 1363 1498 1407 καί
1523 1365 1546 1406 ὅ
1573 1367 1745 1420 πλησίον

319 1430 452 1472 αὐτοῦ’
478 1430 744 1470 α’πολοῦνται.
810 1427 912 1470 τάδε
952 1429 1061 1482 λέγει
1091 1427 1249 1483 κύριος.
1302 1428 1422 1483 ἰδού,
1449 1428 1549 1479 λαός
1575 1428 1745 1484 ἔρχεται

318 1494 401 1539 α’πὸ
427 1497 562 1551 βορρᾶ
599 1497 672 1537 καί
698 1493 819 1543 ἔθνος
847 1497 983 1548 μέγα,
1027 1496 1102 1536 καί
1135 1498 1321 1548 βασιλεῖς
1335 1481 1492 1538 ’πολλοὶ
1530 1495 1744 1551 ἐξεγερθή·
1759 1513 1810 1543 20

319 1577 467 1603 σονται
511 1561 584 1601 a‘n’
630 1557 810 1613 ἐσχάτου
841 1562 915 1613 τῆς
942 1561 1044 1613 γῆς,
1085 1559 1199 1610 τόξον
1226 1562 1297 1601 καί
1323 1562 1491 1616 ζιβύνην
1517 1559 1745 1617 κρατήσου-

319 1642 401 1673 σιν.
457 1623 606 1679 ἰταμός
636 1627 725 1667 ἐστι
753 1627 825 1666 καί
853 1624 929 1681 οὐκ
967 1622 1139 1678 ἐλεήσει.
1195 1625 1311 1681 φωνή
1341 1626 1476 1668 αὐτοῦ
1501 1625 1559 1676 αἷς
1583 1627 1745 1670 θάλασ-

320 1708 377 1735 σα
405 1693 677 1745 κυμαίνουσα.
709 1691 779 1747 ἐφ’
806 1689 946 1739 ἵπποις
977 1692 1050 1732 καί
1067 1686 1228 1747 ἅρμασι
1254 1690 1577 1748 παρατάξονται,
1605 1689 1744 1749 ὥσπερ

323 1839 504 1873 rebantur.
540 1842 634 1871 terra
658 1847 741 1871 vero
776 1840 994 1870 tormentum
1016 1835 1186 1869 bellicum
1210 1837 1334 1870 illud·
1324 1849 1476 1871 immane
1504 1838 1542 1871 in
1565 1839 1748 1872 moenium

323 1891 553 1931 conspectum
588 1889 758 1924 tractum,
781 1895 855 1916 non
880 1883 984 1928 longe
1008 1895 1028 1915 a
1053 1884 1086 1916 S.
1111 1884 1259 1924 Romani
1286 1890 1408 1928 porta,
1434 1885 1590 1918 locatum
1614 1890 1676 1919 est.
1703 1885 1749 1918 ad

307 1944 470 1978 -scopum
507 1931 727 1964 destinatum
759 1930 889 1963 artifex
924 1922 1169 1963 collimaturus
1204 1931 1255 1963 sic
1277 1942 1315 1964 se
1349 1930 1507 1976 parabat.
1531 1931 1750 1965 bombardae

322 1980 431 2012 binae
456 1979 594 2010 locatae
623 1982 725 2010 erant
750 1987 794 2008 ex
816 1976 988 2022 obliqu0‚
1011 1976 1171 2021 lapidum
1201 1977 1239 2009 111
1268 1977 1391 2022 globos
1417 1978 1548 2011 affabre
1574 1978 1752 2011 deforma-

322 2033 441 2060 torum
464 2024 637 2057 librarum
671 2022 792 2069 pondo
830 2034 986 2068 capaces.
1010 2023 1180 2056 maiorem
1204 2024 1268 2056 ille
1293 2024 1520 2069 explosurus,
1544 2025 1662 2058 locum
1687 2025 1752 2058 de·-

324 2074 502 2117 signatum
537 2070 670 2104 minori
714 2070 869 2114 primum
900 2070 1115 2114 quassabat:
1166 2076 1261 2103 certo
1296 2070 1427 2104 deinde
1469 2072 1544 2105 ictu
1580 2072 1750 2105 maiorem

324 2118 524 2152 emittebat.
556 2117 602 2150 ad
626 2118 800 2172 fragorem
839 2127 1008 2149 accensae
1035 2116 1253 2149 bombardae
1280 2117 1488 2162 explosique
1512 2118 1619 2163 primi
1641 2118 1751 2162 globi

324 2162 507 2210 Cpolitani
532 2164 678 2197 attoniti
704 2163 868 2207 mutique
893 2163 1079 2196 restitere.
1113 2163 1243 2203 deinde
1279 2164 1317 2196 111
1339 2163 1402 2196 has
1435 2175 1536 2198 voces
1564 2164 1751 2204 „domine,

325 2213 517 2245 miserere‘
539 2215 742 2255 eruperunt.
770 2220 834 2254 per
856 2209 896 2242 id
919 2215 1059 2254 tempus
1094 2210 1304 2253 purissimae
1330 2209 1497 2254 deiparae
1523 2211 1638 2254 imago
1664 2211 1752 2243 Dia-

326 2258 518 2291 caenesimi
547 2258 765 2301 septimana,
791 2255 835 2289 de
858 2267 956 2288 more
991 2257 1030 2289 in
1052 2256 1187 2300 palatio
1212 2257 1330 2300 palam
1354 2257 1537 2300 proposita
1570 2261 1662 2299 erat3
1687 2257 1752 2290 uhi

324 2315 440 2349 usque
478 2303 523 2336 ad
561 2304 656 2336 diem
682 2308 806 2347 captae
829 2302 927 2335 urbis
951 2302 1068 2344 stetit3
1103 2308 1211 2346 atque
1235 2302 1377 2335 interim
1400 2303 1438 2335 in
1463 2303 1531 2335 vici
1554 2303 1653 2336 illius
1673 2315 1752 2337 mo-

326 2350 484 2384 nasterio
518 2361 639 2383 omnes
674 2349 840 2395 precibus
879 2349 1003 2382 crebro
1026 2348 1191 2381 litabant.
1224 2360 1316 2393 quae
1339 2348 1426 2381 deus
1453 2360 1517 2392 per
1541 2349 1751 2394 Prophetam

326 2397 513 2430 Ieremiam
536 2397 584 2442 (6,
609 2397 667 2443 20)
699 2396 862 2436 dixerat,
886 2401 972 2428 tunc
998 2395 1145 2439 impleta
1169 2401 1260 2427 sunt
1287 2400 1350 2432 „ut
1376 2395 1463 2440 quid
1487 2396 1575 2428 mihi
1600 2396 1681 2429 thus
1707 2395 1752 2429 ‹le

328 2443 421 2477 Saba
463 2445 586 2483 affers,
620 2448 657 2475 et
691 2443 865 2475 calamum
901 2442 1164 2475 suaveolentem
1208 2441 1251 2474 de
1282 2446 1375 2474 terra
1399 2442 1623 2487 longinqua?
1648 2442 1753 2479 11010-
1867 2442 1881 2460 ⁶

328 2495 530 2523 cautomata
555 2495 671 2522 vestra
695 2500 768 2522 non
808 2494 891 2522 sunt
914 2494 1081 2532 accepta,
1107 2494 1142 2521 et
1164 2488 1328 2521 victimae
1350 2494 1488 2521 vestrae
1513 2500 1585 2522 non
1607 2489 1754 2533 placue-

329 2541 413 2568 runt
435 2535 533 2568 mihi.
559 2541 746 2579 propterea
773 2535 862 2567 haec
894 2535 982 2568 dicit
1003 2535 1176 2567 dominus.
1203 2545 1284 2566 ecce
1313 2545 1375 2578 ego
1402 2534 1494 2568 dabo
1520 2536 1557 2567 in
1580 2535 1753 2580 populum

328 2583 438 2615 istum
467 2582 612 2622 ruinas,
639 2587 675 2614 et
697 2588 801 2614 ruent
825 2583 862 2614 in
887 2582 938 2614 eis
960 2587 1078 2626 patres
1107 2587 1142 2613 et
1166 2581 1232 2613 filii
1256 2581 1382 2622 simul,
1406 2582 1543 2614 vicinus
1569 2587 1605 2614 et
1632 2582 1754 2625 proxi-

330 2640 408 2662 mus
432 2628 612 2672 peribunt.
640 2628 728 2660 haec
752 2628 840 2661 dicit
864 2627 1039 2668 dominus,
1063 2638 1142 2660 eece
1172 2628 1325 2671 populus
1349 2628 1449 2660 venit
1471 2627 1515 2660 de
1536 2633 1627 2660 terra
1641 2628 1754 2672 Aqui-

282 2668 289 2681 ⁸
330 2675 424 2710 lonis
451 2681 486 2707 et
509 2686 592 2717 gons
619 2686 743 2717 magna
759 2701 767 2715 ,
795 2680 830 2706 et
849 2685 944 2718 reges
982 2674 1084 2706 multi
1109 2679 1319 2717 consurgent
1343 2685 1362 2705 a
1390 2673 1520 2706 finibus
1547 2679 1672 2706 terrae.
1697 2685 1753 2706 sa·-

333 2723 456 2766 gittam
483 2727 519 2754 et
552 2726 689 2753 scutum
728 2721 909 2765 arripient.
948 2721 1102 2753 crudelis
1141 2727 1215 2761 est,
1241 2726 1277 2753 et
1309 2731 1383 2753 non
1414 2720 1660 2754 miserebitur:
1684 2731 1753 2756 vox
