1890 3204
274 139 394 222 564
849 107 1140 215 „sumum

274 261 572 315 exposuerimus
587 290 599 311 ,
630 275 723 300 cum
749 267 866 299 antea
889 259 939 298 de
964 271 1007 296 se
1024 257 1152 296 multa
1183 255 1406 296 iactavisset
1431 262 1471 297 et
1498 262 1715 310 contum&

274 315 372 356 liose
396 330 493 369 erga
535 331 601 356 eos
630 331 673 356 se
713 318 906 368 gessisset.
937 327 1018 352 non
1048 314 1134 351 sine
1161 311 1321 351 ratione
1346 311 1469 350 etiam
1492 318 1626 365 potest
1651 311 1718 356 iix-⁴³

271 371 398 423 telligi
441 371 635 411 Baiazites
672 372 754 409 suis
791 371 944 416 iratus,
977 365 1090 420 quod
1139 380 1317 420 pugnam
1345 366 1510 421 segnius
1541 363 1715 420 inirent}

271 426 429 479 probra
471 427 509 465 in
552 440 617 466 eos
644 422 835 474 iactasse3
865 429 1042 476 tuncque
1069 434 1142 475 per
1168 420 1407 462 Tiabuzidas
1434 421 1625 463 TzauZios
1651 422 1717 477 inef

216 488 218 491 '
272 479 456 534 telligere
485 479 706 533 oportebit.
1472 491 1475 493 ’
1665 493 1667 497 ’
1703 486 1706 487 ’

384 535 434 575 P.
463 535 532 585 65,
562 549 629 573 21.
659 546 732 573 του
761 531 910 586 Ἀτὴν]
969 532 1121 571 Omnes
1151 530 1217 570 isti
1233 529 1468 571 Turcorum
1493 531 1623 586 reguli
1648 531 1724 581 hie,

273 589 516 638 enumerati,
546 596 665 628 antea
694 602 716 626 a
733 588 904 627 Baiazite
933 586 1093 640 spoliati
1114 585 1274 625 fuerant
1305 592 1348 625 et
1377 584 1606 627 ditionibus
1632 586 1722 640 suisv

273 645 397 692 exuti,
428 650 474 682 ut
504 658 625 696 supra
654 650 790 682 noster
826 642 1042 682 enarravit.
1070 640 1338 680 Leunclavius
1366 640 1438 680 lib.
1464 655 1487 694 7
1529 640 1636 680 idem
1664 641 1718 684 de

270 699 446 738 Baiazite
472 697 524 736 ab
549 697 715 737 illorum
743 697 977 751 regulorum
1004 694 1178 736 subditis
1211 694 1371 735 deserto
1400 702 1585 738 testatur.
1602 691 1716 747 βάν-

271 752 346 792 δον
374 759 510 791 autem
539 752 743 806 significat
769 753 986 803 vexillum,
1013 756 1054 791 et
1079 749 1342 804 βανδοφόρος
1367 750 1596 804 vexillffer.
1615 750 1734 805 miv-4

273 807 347 847 δον
380 805 527 845 Turcis
554 807 751 859 Sangiak.
1256 854 1258 857 Ι
1701 812 1707 815 “

382 862 433 904 Ρ.
462 862 537 911 66,
568 864 609 903 5.
667 857 724 909 ὥς
754 857 930 914 κολοιός]
1001 858 1158 899 Fabula
1187 859 1391 899 notissima
1418 858 1598 919 gracul'b,
1641 859 1714 915 qui
1774 885 1778 889 -

269 915 420 969 plumis
448 916 587 956 alienis
628 931 670 958 se
717 916 1011 964 adornaverat,
1044 915 1095 954 ab
1128 914 1214 954 aliis
1245 913 1392 955 deinde
1417 913 1586 964 avibus,
1615 912 1716 955 dum

270 985 361 1011 suas
389 986 573 1024 quaeque
600 972 779 1026 repetit,
809 972 1001 1024 spoliatus
1031 977 1104 1013 est.
1582 1000 1585 1002 -

379 1027 427 1066 Ρ.
443 1026 511 1075 66,
523 1027 591 1065 23.
614 1026 685 1066 καί
701 1022 772 1065 τὸν
787 1026 947 1076 πρῶτον
963 1020 1062 1065 Ᾰυὶὁν
1077 1023 1156 1064 τοῦ
1168 1019 1393 1075 Παγιαζῆτ
1409 1018 1483 1076 τὸν
1500 1017 1718 1074 λεγόμενον

269 1077 580 1134 Μουσουλμάν]
639 1082 837 1120 Laonicus
865 1081 935 1123 lib.
956 1082 1003 1130 3,
1049 1093 1133 1119 non
1166 1078 1287 1132 longe
1316 1093 1340 1117 a
1363 1077 1467 1127 fine,
1499 1076 1718 1119 Bai'azitem

269 1148 364 1174 cum
383 1149 508 1174 uxore
529 1142 569 1175 et
587 1135 732 1184 liberis
749 1136 833 1175 suis
848 1134 1104 1175 Musulmane
1120 1135 1210 1173 Iesu
1237 1140 1277 1173 et
1296 1132 1524 1172 Mehemete
1550 1135 1716 1189 captain*

269 1203 353 1229 esse
396 1190 531 1229 tradit.
567 1197 610 1230 at
638 1190 929 1242 Leunclavius‚
973 1189 1044 1228 lib.
1078 1188 1105 1229 8
1134 1188 1175 1227 in
1203 1189 1426 1241 principio,
1460 1186 1591 1239 solum
1618 1187 1717 1238 Μιιε

268 1259 352 1285 sam
397 1245 454 1295 (id
501 1251 561 1284 est
593 1247 765 1295 Mosem)
810 1259 903 1285 cum
931 1252 1045 1298 patre
1086 1251 1253 1297 captum
1290 1243 1413 1282 fuisse
1445 1247 1618 1282 testatur
1638 1255 1651 1292 ς
1675 1247 1717 1285 et

267 1314 362 1337 cum
392 1314 440 1339 eo
477 1301 597 1339 sentit
626 1301 833 1340 Phranzes
862 1300 934 1339 lib.
971 1313 984 1338 1
1021 1313 1107 1351 cap.
1136 1312 1205 1338 22.
1263 1295 1532 1348 Leunclavius
1562 1293 1717 1336 ibidem

267 1354 406 1392 scribit
434 1355 615 1394 Emit-em
643 1354 912 1394 Suleimanem
943 1353 995 1393 ab
1023 1354 1166 1393 Eisnes
1183 1353 1326 1406 -Bego
1353 1359 1392 1391 et
1420 1350 1718 1405 Hassan-Aga‘

267 1423 428 1462 pugnae
470 1409 720 1448 subtractum
762 1410 805 1447 in
833 1411 1047 1462 Europam
1074 1409 1297 1459 abductum
1321 1407 1456 1446 fuisse.
1492 1405 1560 1445 hic
1585 1399 1718 1457 Sulci·

267 1477 406 1502 manes
441 1464 581 1502 Ducae
625 1472 684 1503 est
712 1464 966 1513 Musulman,
1006 1477 1128 1516 quem
1160 1462 1415 1514 Stephanus,
1463 1459 1716 1499 Leunclavio

270 1518 340 1560 lib.
370 1532 391 1571 7
425 1517 682 1572 Vulcoglius‚
713 1531 778 1558 res
808 1518 1036 1572 desperatas
1064 1517 1204 1557 videns
1232 1522 1396 1569 arrepta
1428 1514 1522 1568 fuga
1549 1529 1572 1554 e
1599 1528 1718 1569 prae-

272 1573 327 1611 lio
356 1572 535 1612 abduxit.
1650 1576 1652 1578 ’

380 1627 430 1670 Ρ.
456 1627 526 1681 67,
552 1627 590 1667 8.
648 1628 726 1673 ἕως
768 1618 819 1667 οὗ
864 1617 887 1666 ὅ
917 1623 1160 1679 Παγιαζήτ]
1218 1623 1489 1665 Leunclavius
1515 1622 1579 1662 his
1606 1622 1710 1662 con-4

269 1683 415 1730 sentit,
445 1682 543 1721 dum
572 1684 811 1722 Genitzeros
853 1683 1068 1721 Baiazitem
1110 1680 1270 1720 ultimos
1303 1679 1524 1718 deseruisse
1551 1678 1714 1725 scribit;

270 1750 345 1774 nec
373 1736 622 1775 deditionem
656 1751 725 1776 eos
747 1737 896 1786 fecisse,
926 1737 1004 1775 nisi
1034 1749 1128 1775 cum
1158 1734 1269 1774 nulla
1296 1747 1369 1787 spe
1394 1733 1532 1779 salutis
1558 1731 1715 1787 reliqua

269 1791 485 1829 Baiazitem
515 1806 606 1830 mox
635 1799 798 1844 captum
826 1792 878 1830 iri
908 1791 1118 1844 vidissen-t.

380 1845 431 1884 P.
452 1845 517 1899 67,
543 1846 602 1888 16.
632 1844 756 1895 νόμος
780 1842 863 1898 γάρ
894 1844 1010 1885 ἔστιν
1039 1842 1178 1896 οὗτος]
1212 1841 1335 1894 Quod
1355 1855 1434 1895 pro„
1459 1840 1546 1895 lege
1573 1847 1717 1880 auctor

269 1906 408 1938 noster
433 1901 617 1952 adducit,
650 1901 920 1940 Leunclavius
952 1901 1021 1939 lib.
1043 1914 1063 1954 7
1096 1899 1285 1951 Temyris
1313 1897 1564 1950 propositum
1593 1895 1716 1935 fuisse

268 1956 408 2005 tradit,
436 1963 475 1994 et
505 1956 612 1995 illius
639 1955 691 1994 ad
709 1956 924 1994 Baiazitem
952 1955 1074 1994 verba
1099 1954 1237 1992 refert.
1275 1966 1353 2007 quo
1392 1949 1591 2005 tempore,
1630 1950 1710 1999 ait,

269 2012 362 2047 meis
395 2023 415 2047 e
465 2012 689 2062 regionibus
728 2011 812 2064 ipse
840 2010 1096 2049 discedebam
1133 2009 1240 2046 hanc
1270 2015 1517 2060 suscepturus
1543 2004 1715 2059 expedi-

269 2067 417 2103 tionem
436 2096 448 2115 ‚
490 2060 638 2104 iar-acics
663 2065 843 2118 promisi
870 2065 970 2113 deo,
1013 2062 1212 2118 siquidem
1243 2062 1407 2115 praelio
1449 2060 1580 2107 victor
1611 2063 1721 2099 eva-⁶

269 2118 406 2158 flerem
422 2148 434 2167 ‚
484 2123 688 2159 neminem
723 2133 785 2158 me
817 2119 1020 2173 deinceps
1037 2133 1064 2157 a
1087 2130 1229 2172 pugna
1257 2117 1463 2155 commissa
1488 2114 1720 2166 incensentu-¹

267 2189 368 2212 ram.
413 2187 505 2212 cum
545 2189 642 2214 vero
686 2175 824 2212 Dueas
860 2174 1061 2212 Romaeos
1105 2172 1246 2211 eadem
1287 2168 1578 2209 consuetudine
1618 2181 1714 2207 usos

269 2229 350 2275 ait,
384 2228 608 2282 intelligere
649 2235 811 2281 oportet
838 2243 932 2282 erga
960 2230 1178 2278 Romaeos,
1210 2225 1313 2265 sicut
1339 2223 1586 2266 Musulmani
1615 2229 1719 2276 erga·

271 2282 550 2322 Musulmanos
581 2290 767 2323 utuntur.
1299 2305 1302 2309 ¹

382 2338 428 2379 P.
449 2338 517 2383 68,
539 2338 576 2376 5.
599 2338 695 2377 τότε
721 2336 794 2376 καί
810 2332 870 2387 μὴ
893 2335 1029 2375 θέλων
1048 2335 1200 2387 κατέβη
1228 2332 1305 2373 τοῦ
1331 2330 1475 2385 ἵππου]
1508 2331 1621 2371 Hanc
1634 2331 1714 2370 Ba-

269 2393 393 2431 iazitis
424 2393 576 2431 cladem
603 2400 641 2432 et
663 2392 937 2445 captivitatem
955 2390 1138 2430 referunt
1150 2389 1279 2428 Turci
1307 2387 1356 2426 ad
1374 2400 1525 2426 annum
1544 2387 1714 2438 Hegirae

272 2445 348 2484 803
385 2453 477 2498 post
519 2448 699 2486 triduum
740 2447 971 2493 finientem,
1012 2445 1082 2498 qui
1125 2445 1201 2483 fuit
1238 2456 1365 2482 annus
1397 2441 1547 2481 Christi
1587 2438 1721 2491 1401,

275 2501 449 2552 Augusti
468 2516 505 2554 7,
533 2502 631 2541 feria
654 2516 684 2540 1.
708 2503 839 2554 coepit
862 2502 971 2540 enim
990 2514 1118 2539 annus
1138 2497 1220 2549 804
1247 2496 1410 2550 Augusti
1444 2510 1456 2534 1
1471 2510 1504 2545 1,
1532 2493 1635 2534 feria
1670 2493 1710 2534 5.

146 2561 178 2593 Ρ.
193 2561 258 2594 233
273 2548 486 2594 confirmat
516 2555 619 2595 hanc
659 2558 850 2608 temporis
881 2555 1077 2607 epocham
1109 2560 1267 2592 cometa
1294 2553 1404 2591 visus
1430 2563 1525 2589 vere
1551 2556 1713 2588 antece-

272 2609 414 2659 dente,
449 2625 568 2663 quern
602 2612 803 2650 Iuvenalis
833 2611 1019 2650 Ursinius
1062 2609 1217 2647 fulsisse
1246 2607 1418 2645 testatur
1447 2618 1553 2643 anno
1579 2602 1711 2654 ἰ4οι,

273 2672 311 2702 et
341 2666 382 2703 in
409 2664 679 2718 chronologia
709 2666 962 2718 Buntingus,
997 2670 1044 2703 ut
1071 2667 1149 2702 iam
1181 2663 1362 2702 diximus.
1389 2673 1492 2713 quae
1521 2665 1615 2716 nota
1647 2671 1715 2696 ce-

271 2721 382 2772 teris,
403 2721 497 2759 anni
518 2722 638 2759 etiam
658 2720 965 2760 characteribus
983 2718 1237 2774 vulgaribus,
1265 2715 1415 2756 certior
1435 2719 1509 2756 est.
1526 2713 1715 2766 congruit
