1904 3198
285 135 356 202 24
631 151 814 196 nucAE
837 153 1122 196 micuAffls
1146 153 1371 195 anfons

282 270 363 308 ων,
398 244 472 297 καὶ
504 248 850 310 προβλὲπωνῶς
869 252 935 296 ὅτι
963 255 1008 296 ἐν
1050 254 1190 312 ὀλίγῳ·
1212 252 1346 296 πάντα
1375 252 1426 296 ui
1458 251 1532 310 τῆς
1557 253 1722 312 Θρᾴκης

280 319 355 361 καὶ
382 322 512 376 μέχρι
536 319 786 374 Δανούβεως
816 318 899 362 ὑπὸ
914 325 1063 374 χεῖρας
1076 321 1159 362 τῶν
1183 323 1222 363 Τ
1219 320 1377 376 ούρκων
1407 322 1631 363 πεσοῦνται
1650 322 1736 369 ms*

279 383 588 442 αὐτοκράτορες
607 386 861 443 φανήσονται
889 382 946 433 οἷς
968 386 1013 426 ἐν
1045 380 1168 442 ὄλίγῳ
1182 417 1195 438 ,
1223 384 1366 435 καθώς
1390 387 1463 428 καί
1477 382 1559 442 πρὸ
1578 380 1734 439 θ’λίγοη-

278 452 325 492 §v
359 450 526 509 Φρυγίᾳ
569 467 614 492 τε
661 453 736 493 καί
757 451 887 507 Ἀσίᾳ
913 449 986 491 καί
1022 451 1104 493 τῶν
1141 452 1332 493 ἐπέκεινα
1373 453 1584 506 ἐγένοντο,
1614 450 1722 494 θεοῦ

279 532 631 571 παραχωρουντος
675 514 746 558 διὰ
791 515 868 564 τὰς
894 513 1102 570 αμαρτίας
1142 517 1222 559 τῶν
1269 515 1360 559 τότε
1389 517 1761 570 πολιτευομένωὸ

205 626 207 628 ,
273 581 495 635 Ῥωμαίων
521 599 590 624 και
614 583 825 637 ἡμετέρων
845 580 1116 629 αποπάππων.

239 647 271 679 D
394 652 435 693 6.
484 647 534 690 Ὁ
574 646 655 703 γὰρ
695 646 883 702 Ἰωάννης
921 646 942 687 ὅ
988 645 1346 703 Καντακουζηνὸς,
1375 643 1424 691 ὃν
1449 649 1525 691 και
1550 626 1743 725 φθοῖσας

282 712 305 755 ὅ
334 710 449 768 λόγος
478 711 686 768 ἐδήλωσε,
716 711 869 765 μαθών
893 710 966 767 τὴν
996 714 1229 768 γεγονῶσαν
1255 715 1315 762 εἷς
1333 729 1432 764 τους
1459 714 1597 756 αυτοῦ
1621 727 1733 768 συγ-

278 785 408 834 γενεῖς
434 796 479 822 τε
507 782 580 821 καί
607 779 756 834 φίλους
780 773 924 820 ἄδικον
962 775 1155 834 σφαγήν,
1190 779 1266 821 καί
1300 782 1412 828 ’τινες
1455 778 1501 822 ε”κ
1537 781 1611 833 τῆς
1647 779 1724 820 πό-

277 850 382 894 λεως
407 847 468 894 εἰς
507 843 634 886 αὐτὸν
671 841 921 899 α’φικόμενοι
959 843 1035 886 οὔκ
1062 844 1190 898 ὀλίγοι
1228 842 1297 886 τὸν
1324 843 1724 900 ἄριθμὰν,προσγε-
1742 849 1793 888 10'
1815 872 1817 876 .

173 913 208 946 Ρ.
227 917 360 960 ιινεῖς
401 906 515 959 ὄντες
558 906 691 952 αὐτοῦ
725 910 798 951 καί
822 911 905 951 τῶν
945 911 1237 964 φονευθέντων
1275 909 1371 951 καθ’
1415 905 1522 963 αἷμα
1542 941 1557 962 ,
1581 911 1655 951 καί
1678 905 1724 961 ἐξ

278 978 520 1031 α’γχιστείας
549 974 732 1023 πλείονες
760 977 1154 1029 μελανειμονοῦντες
1187 977 1455 1030 παρέστησαν
1481 976 1539 1032 τῷ
1550 977 1752 1021 Kana-r
1781 981 1785 986 '

279 1042 466 1097 κουζηνῶ
493 1043 704 1090 κλαίοντες
730 1042 805 1082 καί
831 1038 1150 1117 ολοφυρόμενοι,
1181 1039 1256 1083 καὶ
1292 1041 1572 1094 καταβοῶντες
1592 1036 1740 1083 αῧτοῧ

276 1103 333 1155 ὥς
360 1108 509 1159 „Enna
529 1109 607 1147 σοῦ
624 1103 922 1159 θανατούμεθα
953 1103 1052 1161 ὅλην
1079 1104 1153 1160 τήν
1184 1104 1362 1161 ἡμέραν,
1393 1122 1463 1147 και
1493 1121 1592 1155 τους
1624 1105 1725 1161 ἢμε-

275 1174 423 1227 τέρους
461 1171 794 1226 ἀπεβαλόμεθα,
823 1175 896 1213 καί
937 1170 982 1213 τὸ
1014 1165 1144 1221 ἰῖνθος
1179 1173 1263 1213 τῶν
1285 1171 1506 1224 Ῥωμαίων
1545 1173 1795 1224 ameum-15

276 1236 430 1293 ράνθη,
457 1253 529 1278 και
560 1231 716 1279 ολωλεν
745 1235 770 1291 ἧ
799 1238 996 1291 βασιλεία
1028 1240 1073 1280 ἐν
1104 1253 1228 1292 χερσι
1254 1236 1509 1291 γυναικείους
1535 1237 1726 1292 κερκίδος

276 1306 395 1357 δίκην
437 1301 779 1358 παρακλιόθουσα
809 1302 882 1344 καί
907 1304 1264 1358 παρατρακτοῧσα
1314 1299 1393 1355 τήν
1421 1299 1670 1358 ἁλουργίδα.
1694 1301 1722 1357 ἧ

275 1366 391 1423 α’ρχή
422 1370 467 1410 ἒν
493 1367 711 1426 τῗπομαζίῳ
738 1371 905 1425 βρέφει,
933 1366 1057 1421 μόλις
1086 1366 1160 1410 τὸν
1197 1371 1296 1410 νοῦν
1328 1370 1401 1409 καὶ
1430 1365 1507 1421 τήν
1543 1368 1734 1420 γλῶτταν

278 1436 326 1476 ἐν
351 1432 557 1488 παιγνίοις
584 1434 658 1476 καί
683 1435 939 1488 ψελλίσμασι
968 1435 1148 1488 ἐνεργεῖν
1179 1435 1408 1490 δυναμένῳ.
1439 1429 1466 1487 ἦ
1498 1434 1724 1475 δυναστεία

276 1500 323 1540 ἐν
352 1498 568 1555 ἀγοραίοις
599 1499 672 1541 καί
689 1501 941 1555 μηδαμινοΐς
970 1497 1163 1554 ἀνδράσι.
1195 1502 1390 1553 πείσθητι
1421 1499 1504 1540 τῶν
1529 1497 1727 1554 ῥημάτων
1739 1507 1793 1542 20'

273 1564 406 1619 ἡμῶν,
436 1566 510 1607 καί
536 1566 759 1619 οἶντιλαβοῦ
785 1564 861 1620 τήν
879 1565 1117 1619 ἡγεμονίαν,
1149 1566 1220 1606 καί
1247 1564 1476 1620 περίζωσαι
1517 1561 1594 1618 τήν
1621 1561 1724 1619 ῥομ-

232 1632 405 1685 Βφαίαν
442 1646 518 1671 σου
560 1628 632 1671 ἐπὶ
667 1629 742 1672 τὸν
767 1629 904 1685 μηρόν
933 1646 1033 1682 σου,
1063 1629 1135 1671 καί
1173 1629 1324 1672 ἔντεινε
1380 1630 1455 1670 καί
1492 1629 1728 1670 κατευοδοῧ·

271 1693 344 1736 καὶ
369 1695 567 1748 βασίλευε
605 1693 740 1738 ἕνεκεν
769 1694 971 1751 ἀληθείας
999 1694 1071 1737 καί
1097 1694 1405 1751 πραότητοςκαὶ
1423 1691 1723 1748 δικαιοσύνης.”

274 1846 353 1878 gem
379 1836 611 1870 veneratione
649 1847 690 1869 ac
717 1837 818 1869 cultu
852 1841 1063 1881 prosecutus
1090 1841 1166 1876 est,
1191 1841 1360 1881 reputans
1387 1838 1622 1870 Rom-aeorum
1647 1848 1723 1870 sce-

275 1882 370 1922 lera,
403 1883 690 1927 praevidensque
724 1882 825 1916 brevi
857 1883 1047 1916 Thraciam
1084 1883 1286 1916 universam
1317 1889 1549 1928 caeterasque
1584 1883 1631 1916 ad
1651 1884 1724 1916 Da·-

274 1928 426 1960 nubium
452 1929 674 1972 pertinentes
705 1930 868 1973 regiones
884 1930 1020 1962 Turcos
1048 1929 1234 1964 invasuros
1259 1934 1296 1962 et
1318 1929 1547 1971 subacturos,
1569 1936 1612 1964 ut
1633 1941 1724 1975 pau-

272 1975 310 2006 lo
337 1980 420 2007 ante
434 1975 630 2019 Phrygiam,
654 1976 774 2008 Asiam
799 1976 1063 2021 ulterioresque
1084 1976 1287 2020 provincias
1312 1976 1556 2018 debellarunt,
1583 1977 1636 2010 ita
1660 1988 1725 2010 an-

272 2027 410 2054 nuente
435 2022 524 2063 deo,
549 2028 585 2055 et
612 2027 759 2067 peccata
785 2023 1021 2056 Romaeorum
1055 2028 1142 2056 tunc
1163 2023 1360 2056 viventium
1383 2024 1631 2069 maiorumque
1657 2034 1725 2058 no-

273 2073 427 2101 strorum
450 2068 668 2103 vindicante.

365 2117 398 2148 6
447 2115 627 2148 lohannes
664 2116 788 2160 itaque
826 2115 1120 2155 Cantacuzenus‚
1161 2115 1199 2147 in
1225 2116 1470 2160 superioribus
1498 2116 1640 2160 saepius
1667 2116 1725 2149 ‹li-

273 2165 371 2200 ctus,
397 2161 521 2193 audita
547 2162 741 2194 amicorum
762 2174 802 2195 ae
827 2162 1173 2205 consanguineorum
1199 2166 1272 2194 tam
1296 2163 1422 2207 inique
1449 2168 1588 2207 patrata
1612 2162 1722 2196 caede

272 2206 517 2251 [vehementer
540 2209 724 2251 perculsus
755 2209 842 2255 est],
870 2208 1142 2252 conspectisque
1166 2218 1239 2240 non
1263 2209 1386 2252 paucis
1412 2209 1582 2252 sanguine
1609 2214 1646 2241 et
1668 2210 1723 2241 as·

272 2253 414 2286 finitate
455 2255 629 2298 proximis
660 2260 733 2287 tun
760 2256 829 2288 sibi
858 2266 966 2299 quam
991 2254 1136 2294 occisis,
1162 2255 1224 2298 qui
1248 2256 1378 2298 pullati
1407 2255 1496 2287 urbe
1523 2256 1647 2288 relicta
1675 2255 1721 2288 ad

272 2310 354 2331 eum
383 2300 614 2341 transierunt,
638 2301 907 2346 eiulatibusque
927 2313 967 2334 ac
991 2279 1207 2344 singultibus
1230 2302 1358 2334 mixtas
1385 2302 1548 2346 querelas
1575 2302 1614 2334 in
1639 2313 1722 2336 eum

272 2346 475 2387 iactarunt,
503 2358 541 2378 se
568 2359 724 2391 suosque
749 2355 895 2392 propter
918 2349 1019 2381 illum
1047 2346 1210 2392 quotidie
1235 2348 1416 2380 trucidari.
1466 2350 1721 2381 Romaeorum-

273 2403 344 2435 que
363 2392 487 2425 florem
502 2393 673 2425 caedibus
689 2396 898 2427 convulsum
923 2394 1092 2427 radicitus
1116 2394 1356 2436 languescere.
1381 2395 1523 2438 imperii
1542 2400 1721 2439 sceptrum

273 2439 428 2472 feminae
454 2439 621 2472 manibus
649 2441 817 2481 tractari,
853 2442 891 2473 in
917 2442 1034 2486 iisque
1062 2440 1350 2473 transformatum
1374 2442 1411 2473 in
1438 2441 1578 2474 radium
1601 2447 1721 2475 texto-

239 2519 242 2521 ,
273 2485 388 2526 rium,
426 2486 506 2518 colo
540 2487 693 2530 fusoque
727 2487 884 2528 additis,
917 2486 1081 2520 texendis
1107 2487 1272 2531 purpuris
1297 2487 1479 2520 inservire.
1507 2488 1721 2532 dignitatem

271 2532 496 2575 imperialem
519 2533 651 2565 infanti
676 2532 794 2565 adhuc
817 2533 965 2567 lactenti
992 2534 1170 2572 innixam,
1197 2533 1259 2578 qui
1277 2533 1472 2578 crepundia
1499 2535 1560 2569 vix
1592 2534 1721 2578 digno-

271 2584 347 2611 scat
370 2584 406 2611 et
429 2579 551 2622 lingua
570 2579 798 2612 balbutiente
820 2591 942 2612 eorum
970 2580 1114 2613 nomina
1139 2580 1199 2613 vix
1221 2580 1468 2624 proloquatur.
1492 2581 1720 2625 magistratus

271 2625 424 2658 forensis
434 2626 562 2658 turbae
581 2625 745 2658 homines
767 2626 928 2671 vilesque
943 2627 1146 2662 obtinerem
1150 2625 1287 2662 ,“crede
1280 2627 1502 2671 inquiunt,
1506 2627 1634 2665 ,verbis
1653 2638 1720 2660 no-

271 2672 371 2711 stris,
397 2672 611 2717 imperiique
633 2672 745 2704 f1sees
764 2684 883 2715 sume3
911 2674 1054 2716 accinge
1074 2671 1232 2716 gladium
1251 2684 1357 2717 super
1382 2674 1497 2708 femur
1519 2680 1642 2714 tuum3
1661 2673 1719 2706 in-

270 2716 400 2758 tende,
415 2718 569 2763 procede
586 2725 621 2752 et
636 2730 742 2763 regna
755 2724 901 2766 propter
913 2720 1099 2756 veritatem
1111 2719 1441 2759 ,mansuetudinem
1455 2727 1492 2755 et
1509 2720 1717 2755 iustitiamfl
