1916 3210
441 177 655 223 mmor:
693 178 1032 225 mmmmm
1074 174 1331 223 memte.
1501 158 1621 236 409

164 290 214 329 te.
234 283 275 331 le
304 296 382 330 sno
408 274 588 325 mastiche
625 289 760 325 zente-
829 282 884 324 Et
924 282 984 324 lui
1009 295 1086 325 eon
1117 280 1272 335 grande
1299 277 1549 322 difficultade
1574 294 1621 326 se

163 339 286 386 rendi
327 338 441 383 salvo
468 338 648 380 sumendo
677 340 721 379 in
752 338 979 384 Mandezia.
1034 336 1323 387 Mechemeth‚
1350 337 1484 378 inteso
1518 339 1704 392 que-114

163 401 228 441 sto
255 393 362 445 altre
390 392 601 446 conflicto,
631 394 784 434 mando
812 409 886 435 suo
917 392 1074 451 figliolo
1102 394 1257 446 Mun-at,
1281 392 1452 433 essendo
1481 391 1625 433 alhora

163 450 218 506 (18
243 451 311 492 aa
348 449 402 492 de
427 450 526 491 anni
555 449 704 491 dodexi
722 480 734 498 ‚
773 458 815 490 et
847 464 924 490 con
948 450 1025 491 -Ιιιὶ
1053 449 1230 491 Paiasith
1258 450 1437 503 mesagio
1468 463 1551 489 con
1579 447 1626 489 lu

164 507 346 549 wuito
378 504 610 558 Tracicho‚
638 506 906 546 convocando
934 506 1034 546 tutti
1063 506 1224 546 homini
1253 503 1306 546 (18
1334 509 1482 560 portar
1507 517 1626 546 anne

163 559 218 602 de
241 560 435 616 Bytinia,
466 559 675 616 Phrigya‚
707 561 839 615 Lydia
868 567 909 601 et
934 567 1046 602 tutta
1066 561 1118 602 »18
1147 561 1279 604 Ionia.
1335 561 1392 601 Et
1419 559 1626 601 entrando

95 615 97 617 ’
162 629 242 671 pet
280 615 411 672 quelli
456 615 570 658 lochi
609 617 750 657 strecti
783 624 824 657 et
861 615 1017 657 difficili
1047 630 1127 657 con
1163 615 1321 671 grande
1362 616 1551 670 potentia
1581 622 1624 656 et

162 671 315 714 astutia
339 669 518 713 militare
537 700 549 720 ‚
580 671 703 712 alfiae
730 672 760 712 li
789 687 1084 727 expugnat-ono
1114 687 1199 713 non
1232 686 1350 712 senza
1375 671 1530 726 grande
1558 685 1626 711 88-

157 725 310 779 68981
349 729 448 769 tutti
487 727 563 767 che
589 728 738 768 -hanno
778 729 958 778 trovati,
995 728 1136 769 hanno
1183 729 1379 774 (1111888ῒί,
1407 726 1554 767 infanti
1585 733 1627 768 et

163 781 287 828 Vechi
310 781 474 826 homini
521 790 563 823 et
589 783 755 835 donne3
797 791 836 824 et
865 798 942 838 per
972 783 1040 824 dir
1065 783 1326 824 brevemente
1359 797 1446 823 non
1475 781 1625 837 perdo·

99 867 102 869 -
164 851 271 883 aava
297 838 349 879 ne
375 853 401 879 8
430 853 530 880 sexu
558 840 610 879 ne
636 839 690 879 ad
723 840 864 890 etade,
891 839 1025 880 finche
1054 854 1236 881 zonzeno
1270 837 1350 879 8118
1375 844 1624 893 montagne‚

162 894 210 934 in
235 892 277 935 le
305 893 427 949 quale
453 893 704 936 habitavano
734 893 1081 944 Monoehitones‚
1127 897 1199 935 zoe
1227 893 1354 950 quelli
1382 893 1458 934 che
1485 900 1628 948 porta-

162 961 274 991 vnno
314 963 400 990 una
435 951 617 991 camisia.
674 951 732 991 Et
761 958 1043 1005 asperamente
1073 965 1154 991 eon
1183 949 1310 1007 quelli
1334 948 1593 990 conbatendo
1610 978 1623 998 ‚

161 1010 207 1045 et
233 1003 355 1046 molti
379 1018 495 1046 senza
525 1021 701 1046 numero
732 1006 920 1046 cadendo
947 1006 1070 1046 morti
1097 1006 1151 1046 de
1179 1006 1219 1046 la
1248 1012 1362 1060 parte
1389 1005 1442 1045 de
1473 1006 1628 1056 Morat,

161 1073 245 1115 pur
271 1059 337 1101 818
364 1059 445 1101 fine
472 1061 510 1101 el
538 1061 885 1115 pseudo-abbate
914 1076 990 1102 con
1019 1062 1049 1102 li
1080 1063 1140 1102 soi
1156 1062 1318 1103 satelliti
1347 1074 1389 1101 se
1421 1060 1628 1100 rendere-

162 1129 236 1157 no.
293 1114 344 1157 Li
375 1116 489 1171 quali
515 1117 612 1157 tutti
641 1118 751 1171 presi
782 1125 824 1158 et
839 1116 962 1172 -ligati
1003 1117 1149 1158 forono
1171 1116 1324 1158 menati
1365 1116 1408 1155 in
1437 1115 1626 1169 Epheso,

161 1170 275 1212 dove
310 1171 471 1216 forono
500 1173 719 1213 examinati
747 1186 820 1228 per
867 1173 985 1213 molti
1015 1173 1238 1226 tormenti3
1270 1180 1310 1214 et
1337 1171 1510 1212 hannoli
1541 1178 1630 1211 tro·

160 1227 250 1266 vati
278 1226 419 1269 stabili
448 1233 490 1270 et
521 1230 726 1269 constanti
760 1228 801 1267 in
831 1227 870 1268 la
901 1228 994 1268 loro
1026 1228 1210 1269 fantasia.
1268 1227 1391 1268 Onde
1419 1227 1463 1267 fo
1493 1227 1630 1266 cruci..

162 1281 241 1323 fixo
260 1290 311 1323 et
331 1289 458 1337 posto
498 1284 539 1323 in
568 1298 653 1324 uno
681 1284 863 1332 camelo,
906 1291 1066 1324 extense
1103 1284 1141 1323 le
1186 1284 1348 1323 braccie
1373 1288 1415 1322 et
1443 1281 1482 1322 le
1507 1295 1630 1323 mane

163 1338 382 1391 passatein
412 1337 452 1378 le
479 1338 618 1379 tavole
635 1353 712 1379 con
739 1339 899 1379 chiodi.
929 1353 1006 1378 con
1036 1338 1249 1393 triumpho
1281 1339 1323 1378 fo
1354 1343 1524 1392 portato
1556 1351 1632 1391 per

162 1406 279 1433 mezo
304 1391 345 1435 18
371 1392 467 1436 οἰῶ.
525 1394 573 1433 Li
601 1395 663 1434 soi
691 1393 881 1448 discipuli
909 1409 994 1434 non
1024 1394 1162 1434 hanno
1193 1402 1340 1448 negato
1367 1393 1406 1433 la
1437 1392 1630 1433 doctrina

159 1446 229 1489 del
255 1463 331 1490 suo
365 1451 572 1503 magistro,
601 1451 641 1488 in
669 1450 877 1504 presentia
906 1449 974 1490 del
991 1450 1113 1503 quale
1140 1451 1297 1490 forono
1326 1449 1513 1497 amanti,
1545 1463 1629 1488 non

156 1501 340 1544 dicendo
367 1503 480 1546 altro
508 1503 548 1544 al
578 1519 651 1545 suo
683 1506 763 1545 fine
789 1513 959 1559 excepto
988 1512 1072 1545 tete
1100 1506 1233 1545 sultan
1261 1505 1362 1555 eris,
1396 1505 1522 1544 silicet
1553 1504 1629 1544 do-

160 1559 269 1599 mine
284 1559 412 1600 abbas
437 1561 668 1600 auxiliare.
724 1560 890 1601 Alhora
917 1560 1170 1601 dolcemente
1199 1563 1415 1601 receviano
1445 1559 1485 1599 la
1513 1573 1629 1600 mor-

161 1619 228 1665 te,
253 1613 406 1668 perche
447 1615 662 1659 havevano
689 1617 884 1670 opinione
915 1617 991 1656 che
1018 1617 1097 1657 fine
1129 1631 1153 1656 a
1184 1623 1325 1670 tempo
1346 1646 1358 1667 ‚
1391 1629 1513 1655 corne
1541 1630 1627 1655 non

161 1683 366 1720 moroan,
401 1685 467 1710 ma
513 1673 673 1712 viverio,
740 1673 796 1712 Et
838 1673 876 1711 io
905 1673 1108 1726 scriptor,
1141 1680 1302 1726 passate
1331 1678 1475 1726 queste
1503 1685 1626 1723 cose,

162 1738 188 1765 a
215 1738 309 1771 8830
339 1726 589 1767 scontrando
618 1726 792 1767 sabbate
828 1727 1011 1782 predicto
1042 1728 1244 1768 Candioto
1261 1759 1274 1778 ‚
1304 1735 1343 1767 et
1369 1726 1629 1766 domandan-

162 1779 206 1820 lo
249 1780 326 1821 8118
365 1781 564 1834 opinione
607 1782 738 1823 havea
765 1782 816 1822 de
856 1782 994 1837 quello
1022 1783 1397 1837 pseudo-abbate,
1427 1797 1493 1822 me
1523 1782 1629 1822 disse

160 1849 279 1876 come
318 1836 457 1891 quello
497 1852 578 1876 non
619 1838 724 1877 mox-*1
745 1851 759 1892 ς
783 1849 854 1896 ,lna
884 1839 1086 1891 passando
1115 1840 1158 1878 in
1183 1838 1224 1878 la
1252 1838 1387 1878 insula
1418 1837 1469 1879 de
1498 1837 1623 1878 Samo

160 1890 218 1941 Γι,
248 1905 369 1932 come
395 1894 558 1940 avanti,
590 1892 776 1933 demora.
837 1893 874 1932 A
909 1892 946 1932 le
976 1894 1098 1948 quale
1137 1894 1307 1933 fantasia
1350 1893 1498 1932 nisuno
1526 1893 1630 1933 deve

160 1952 312 1986 metter
339 1945 379 1987 la
409 1955 543 1987 mente
573 1949 624 1986 118
656 1948 727 1987 dar
757 1948 862 1987 fede.
920 1949 1103 1988 Paiasith
1129 1951 1328 2001 messagio
1359 1947 1463 1988 tolse
1481 1947 1518 1987 81
1546 1963 1630 2001 pu-

160 2007 208 2041 to
238 2001 401 2050 ducale,
434 2010 476 2043 et
507 2004 706 2057 passando
736 2018 804 2058 per
819 2002 946 2042 l’Asia
977 2011 1118 2057 et.per
1139 2004 1177 2042 la
1190 2004 1319 2058 Lydia
1348 2018 1372 2043 a
1399 2003 1498 2043 tutti
1516 2004 1628 2043 Tur-

160 2056 227 2096 chi
255 2056 415 2098 coloieri
434 2088 446 2109 ‚
492 2058 568 2098 8118
595 2073 615 2097 8
658 2073 750 2098 8850
798 2065 1014 2099 scontrava
1057 2074 1128 2113 per
1166 2061 1234 2098 via
1264 2066 1305 2098 et
1333 2059 1408 2099 che
1438 2059 1555 2099 vivea
1583 2061 1626 2099 in

160 2113 362 2166 povert5,
402 2113 508 2154 dava
535 2114 675 2154 crudel
706 2121 857 2154 morte.
914 2115 1083 2154 Passata
1110 2114 1148 2155 la
1175 2114 1342 2168 Plu-igia
1371 2113 1509 2154 arrivb
1539 2116 1627 2155 alu

162 2167 461 2222 Hellesponto,
514 2169 551 2208 el
589 2171 708 2232 quale
749 2169 951 2224 passando
995 2184 1071 2224 per
1098 2169 1141 2210 lu
1184 2175 1340 2210 strecto
1368 2170 1419 2209 de
1448 2169 1628 2225 Galipoli

158 2236 370 2277 pervenne
408 2224 451 2262 in
482 2224 783 2279 Andrmopoli,
832 2224 938 2265 dove
976 2239 1051 2264 con
1086 2225 1222 2279 gloria
1258 2225 1449 2278 presentb
1481 2239 1504 2265 a
1535 2227 1627 2266 Me-

158 2277 347 2321 chemeth
378 2281 546 2331 Morat‚
585 2295 660 2320 suo
701 2280 925 2320 victorioso
965 2280 1130 2335 figliolo.
1199 2281 1384 2321 Reducta
1424 2279 1546 2321 l'Asia
1582 2283 1626 2322 in

161 2333 440 2389 tranquillita,
469 2334 509 2375 18
536 2336 659 2390 quale
688 2351 760 2389 per
788 2336 826 2376 le
854 2336 1048 2376 novitade
1075 2337 1180 2376 dicte
1199 2336 1250 2375 de
1271 2351 1390 2390 sopra
1420 2336 1460 2375 in
1486 2337 1630 2377 alcune

157 2395 278 2444 parte
305 2404 375 2430 era
401 2390 639 2442 sublevata,
670 2391 941 2431 Mechiemeth
973 2392 1123 2432 mando
1153 2391 1288 2433 ducha
1318 2393 1360 2432 in
1394 2393 1558 2432 Amasin
1587 2399 1629 2433 et

159 2445 203 2488 in
232 2443 272 2485 18
302 2452 423 2499 parte
452 2459 572 2487 verso
603 2447 837 2500 Capadocia
874 2446 1082 2487 Zorzizbei
1101 2477 1113 2498 ‚
1144 2461 1294 2488 zovene
1324 2448 1375 2488 de
1405 2449 1527 2498 anni,
1561 2463 1629 2488 ma

159 2499 213 2542 de
240 2502 337 2546 tutti
362 2500 391 2546 li
420 2501 571 2542 baroni
597 2502 688 2542 dela
717 2517 789 2542 sua
818 2510 934 2542 corte
966 2502 1097 2542 molto
1130 2504 1290 2557 pratico
1319 2510 1361 2544 et
1388 2503 1626 2544 excellente.

166 2554 223 2597 El
251 2555 411 2611 grande
450 2559 642 2611 magistro
673 2557 725 2597 de
754 2557 889 2598 Rhodi
923 2558 965 2597 in
999 2557 1141 2612 quello
1171 2573 1280 2599 anno
1311 2558 1440 2600 havea
1473 2573 1628 2614 prepa-

160 2616 256 2655 rato
283 2612 437 2666 grande
466 2615 583 2667 copia
611 2613 664 2653 de
705 2614 957 2664 munitione,
986 2615 1098 2667 piere
1125 2614 1473 2669 quati-angulare,
1502 2614 1628 2654 calci-

158 2679 213 2709 ne
240 2673 282 2706 et
318 2667 486 2721 liguami
528 2668 580 2708 de
618 2668 715 2722 ogni
752 2676 862 2708 sorta
894 2683 969 2722 per
1004 2670 1066 2708 far
1095 2669 1132 2709 81
1180 2669 1347 2710 castello
1379 2669 1448 2709 alli
1476 2670 1625 2710 confini

160 2718 254 2765 dela
274 2724 483 2776 provintia
513 2723 565 2763 de
594 2724 727 2764 Caria.
802 2725 858 2764 Et
885 2731 1053 2777 portata
1083 2730 1190 2764 tutta
1228 2725 1266 2765 la
1294 2726 1468 2766 materia
1498 2733 1539 2765 et
1565 2725 1626 2764 fa·

159 2775 324 2819 bricam
364 2792 442 2819 con
489 2793 595 2824 nave
638 2786 679 2819 et
707 2778 810 2834 galie
838 2779 891 2819 ad
921 2794 1006 2820 uno
1033 2783 1319 2835 promontorio
1337 2812 1350 2834 ‚
1383 2780 1510 2822 sondb
1543 2794 1625 2821 uno

1645 1675 1709 1711 115
