1916 3210
321 145 437 219 470
495 217 498 220 Α
795 163 977 206 DUCAE
1014 151 1286 203 'nis‘romA

319 269 361 303 ta
391 263 493 304 colla
537 264 684 304 cbiesia
718 263 914 303 catholica
963 258 1014 300 de
1053 261 1249 303 Ponente.
1305 260 1398 301 Non
1443 261 1587 304 havete
1613 262 1756 304 v‘oluto

319 319 358 359 la
390 319 678 359 benedictione
717 319 782 357 dal
809 325 947 357 vostro
975 315 1206 369 patriarcha
1224 345 1236 365 ‚
1284 315 1321 355 el
1345 315 1465 369 quale
1493 317 1637 358 havete
1662 318 1755 358 des-

318 374 473 413 caciato
503 374 592 413 dala
623 388 692 413 sua
741 372 947 412 cathedra.
1015 371 1263 410 lustamente
1303 371 1492 425 adunque
1532 371 1678 413 havete
1715 372 1753 412 ln

319 427 647 467 inmaledictione
673 427 739 466 dal
766 426 947 465 tribunal
977 425 1029 464 de
1065 424 1135 464 dio
1162 425 1450 478 omnipotente.
1504 426 1559 466 Et
1583 427 1624 466 io
1651 427 1754 467 scri-

319 489 417 534 ptor
443 482 494 521 de
518 490 657 535 questa
688 482 866 534 hystoria
897 480 1010 518 viddi
1040 493 1120 519 con
1149 480 1178 519 li
1212 480 1289 519 mei
1321 480 1441 519 occhi
1468 481 1628 534 proprii
1671 494 1755 521 una

319 536 512 590 Calogrea
552 537 654 575 (13113
698 536 899 574 honorate
939 535 1004 574 nel
1044 548 1117 574 suo
1146 535 1392 574 monasterio
1426 549 1507 574 non
1538 536 1757 576 solamente

319 604 482 630 manzar
511 598 553 630 et
582 590 706 629 vestir
733 597 843 628 veste
874 588 1134 639 barbariche‚
1177 602 1242 628 ma
1270 589 1310 629 al
1336 589 1456 629 modo
1482 590 1658 630 Tui-cieo
1683 589 1769 630 ad-·

318 659 437 685 orare
478 646 515 684 el
560 644 967 698 pseudo-propheta
985 673 998 694 ‚
1049 643 1309 683 consessando
1356 645 1394 683 la
1436 645 1603 698 impieta
1640 655 1756 686 senza

318 713 540 752 vergogna.
597 699 654 738 Et
682 700 753 737 noi
781 699 949 738 devemo
977 697 1144 738 credere
1171 698 1244 738 che
1271 698 1309 737 13
1334 699 1481 738 iustitia
1509 699 1560 739 de
1586 699 1654 739 dio
1684 713 1756 739 ve-

317 754 370 792 da
402 760 517 792 tanta
547 752 739 792 infidelita
768 767 884 792 senza
911 753 1134 793 vendetta?
1190 753 1252 793 Lo
1279 753 1536 806 imperadore
1564 754 1758 808 adunque

316 808 535 860 spectando
560 808 599 846 lu
639 807 795 848 assedio
824 807 863 847 al
897 806 1035 862 tempo
1063 821 1173 846 novo
1205 807 1312 847 dela
1338 808 1574 860 primavera
1604 808 1756 848 mando

317 862 451 900 alcuni
487 863 526 900 di
570 861 633 905 soi
660 862 789 902 nobili
828 863 905 901 alle
934 863 1062 902 insole
1089 869 1128 901 et
1159 862 1252 901 altri
1282 861 1390 901 lochi
1421 862 1569 903 diversi
1593 877 1617 902 3
1641 876 1758 902 com..

319 930 442 968 perar
466 917 657 955 frumenti
687 917 805 956 biave
833 923 874 956 et
902 917 1050 971 legumi
1071 931 1145 970 per
1173 917 1398 956 munitione
1423 917 1525 956 della
1551 918 1758 957 31132111-

318 984 399 1023 que
426 985 528 1009 nave
557 985 692 1024 grosse
720 987 799 1011 con
826 985 907 1010 una
936 986 1038 1011 nave
1064 971 1102 1010 la
1127 972 1246 1023 quale
1269 984 1400 1010 venne
1424 971 1477 1010 da
1505 971 1761 1026 Peloponeso

319 1039 363 1064 se
409 1039 665 1079 congregaro
716 1027 755 1064 in
804 1025 842 1064 la
870 1026 1001 1065 insula
1040 1025 1090 1065 de
1118 1026 1252 1075 Chi03
1281 1031 1323 1064 et
1362 1032 1468 1069 tutte
1494 1026 1682 1066 carchate
1706 1027 1759 1067 de

318 1079 542 1130 frumento,
579 1095 673 1119 orso
707 1088 746 1119 et
772 1080 893 1119 biave
911 1082 952 1119 in
982 1081 1135 1134 grande
1162 1079 1412 1134 quantitade‚
1442 1079 1619 1133 legumi,
1646 1082 1760 1133 vino,

321 1133 417 1183 olio,
447 1135 626 1182 cambio,
657 1135 760 1174 fiehe
786 1142 827 1174 et
855 1135 907 1175 de
936 1137 1030 1188 ogni
1060 1136 1317 1188 generatione
1346 1134 1610 1190 victuvaglie,
1650 1149 1762 1176 firme

321 1195 361 1227 et
387 1189 538 1242 grande
567 1203 742 1228 numero
769 1189 821 1228 de
847 1190 1062 1236 marmari,
1097 1191 1343 1243 navigarono
1366 1203 1388 1227 a
1411 1189 1760 1244 Constantinopo-

237 1243 362 1284 35811.
419 1244 477 1282 La
507 1245 652 1286 Grecia
679 1251 718 1282 et
746 1251 852 1283 tutte
878 1245 916 1283 le
940 1244 1148 1297 provintie
1177 1244 1306 1283 vicine
1334 1245 1593 1297 pianzevano‚
1622 1244 1761 1285 alcuni

318 1297 526 1350 pensando
555 1299 631 1336 3113
661 1297 700 1337 13
727 1299 807 1337 cita
828 1313 851 1337 3
879 1305 991 1338 tanta
1021 1299 1203 1351 potentia
1231 1305 1270 1338 et
1290 1306 1482 1352 apparato
1512 1299 1564 1339 de
1591 1299 1762 1340 barbari

317 1366 399 1393 non
431 1366 546 1403 possa
576 1353 788 1403 resistere,
834 1351 967 1391 alcuni
996 1353 1089 1392 altri
1110 1353 1272 1392 dicenti.
1298 1353 1403 1404 che,
1432 1367 1549 1393 come
1577 1355 1614 1394 el
1641 1360 1760 1408 patre

317 1414 357 1445 et
385 1406 488 1450 l'avo
519 1406 584 1446 del
614 1414 789 1460 tyranno
815 1406 998 1446 haveano
1039 1413 1194 1446 tentato
1222 1407 1426 1461 prendere
1451 1407 1489 1447 13
1518 1407 1596 1448 cita
1625 1416 1664 1448 et
1687 1409 1761 1448 ha-

316 1475 445 1504 veano
474 1460 641 1500 faticato
674 1463 825 1501 invano
842 1491 854 1512 ,
892 1462 973 1500 eos}
1000 1462 1131 1501 costui
1160 1463 1361 1501 caminara
1389 1462 1520 1515 quella
1545 1462 1761 1504 medesima

316 1517 394 1559 via.
457 1515 624 1557 Passato
659 1515 697 1555 el
730 1530 839 1555 mese
887 1517 938 1555 de
965 1516 1150 1565 zenan-0,
1202 1516 1238 1555 al
1270 1518 1472 1570 principio
1498 1517 1549 1556 de
1575 1517 1760 1558 Fehraro

318 1569 522 1610 comandb
549 1571 623 1610 3113
651 1570 690 1609 la
720 1570 872 1624 grande
901 1570 1125 1610 bombarda
1153 1585 1195 1610 se
1222 1573 1392 1610 inviasse
1419 1585 1534 1611 verso
1556 1571 1759 1612 Constan-⁸

318 1623 523 1677 1111οΡ011,
571 1627 694 1664 tirata
739 1625 792 1664 da
821 1631 953 1664 trenta
981 1632 1185 1677 can-reue,
1220 1625 1281 1665 ale
1311 1625 1431 1679 quale
1458 1640 1583 1666 erano
1615 1626 1761 1666 coniu-

318 1686 409 1732 gnte
437 1685 571 1718 trenta
600 1694 702 1732 para
731 1680 783 1718 de
810 1681 991 1732 possenti
1022 1681 1134 1719 hovi.
1205 1681 1391 1719 Docento
1419 1680 1613 1721 huomeni
1640 1695 1760 1735 expe-

317 1734 390 1775 diti
421 1748 495 1785 per
521 1734 655 1773 banda
683 1735 894 1773 andavano
921 1748 995 1787 per
1015 1735 1169 1773 aiutare
1200 1742 1239 1773 et
1266 1734 1416 1774 dirizar
1444 1736 1592 1788 quella.
1625 1736 1760 1776 Lma·

317 1788 487 1841 rangoni
520 1796 559 1827 et
584 1789 650 1826 CC
667 1788 845 1827 manuali
874 1788 1083 1827 andavano
1112 1789 1249 1828 avanti
1276 1787 1317 1828 13
1344 1788 1566 1829 bombarda
1595 1804 1669 1844 per
1695 1790 1762 1831 sar

317 1843 434 1894 ponti
463 1843 514 1881 de
541 1842 722 1895 legname
751 1850 793 1882 et
824 1842 1033 1896 gualezare
1064 1844 1102 1882 le
1130 1842 1404 1897 inequalitade
1437 1844 1524 1884 dele
1547 1844 1623 1887 vie.
1678 1845 1758 1885 Fe-

317 1897 440 1936 braro
470 1904 511 1935 et
534 1899 674 1936 Marzo
705 1897 933 1951 fatigarono
964 1897 1012 1936 ad
1036 1898 1241 1938 condurre
1269 1899 1307 1937 la
1335 1898 1560 1938 bombarda
1587 1900 1641 1938 fin
1670 1899 1760 1939 cin-

319 1966 399 2004 que
446 1951 583 1990 miolia
629 1951 802 1992 lontano
849 1953 900 1992 da
943 1953 1212 1992 Constantino
1246 1953 1316 1992 oli.
1363 1967 1438 2006 per
1478 1967 1682 1993 assecurat
1722 1953 1760 1994 la

318 2006 493 2045 bombar
523 2021 573 2054 a,
602 2008 733 2059 prima
763 2006 838 2046 3113
868 2008 970 2046 fosse
1000 2021 1126 2046 mossa
1172 1967 1241 2046 dall)
1265 2021 1337 2046 suo
1365 2007 1459 2047 loeo
1477 2037 1489 2059 ‚
1521 2008 1562 2048 fo
1589 2007 1759 2048 manda·

316 2068 361 2099 to
392 2061 595 2101 Carizebei
623 2075 698 2099 con
729 2061 885 2114 grande
908 2062 1016 2101 stolo
1046 2061 1114 2100 3111
1146 2061 1299 2101 castelli
1330 2062 1381 2101 de
1397 2062 1563 2114 Ponto,
1587 2064 1759 2102 Mesem-

315 2115 403 2154 bria
421 2145 431 2163 ‚
464 2115 711 2165 Achieloon,
761 2116 886 2156 Vison
918 2122 960 2155 et
986 2116 1114 2155 l'altre
1145 2117 1294 2155 sorteze
1318 2116 1370 2156 de
1398 2125 1534 2156 sancto
1562 2118 1727 2156 Stefano
1745 2146 1757 2168 ‚

315 2170 391 2209 che
426 2170 566 2209 iaceno
600 2184 721 2211 verso
761 2170 986 2220 Saliveria3
1033 2171 1068 2209 le
1117 2172 1236 2224 quale
1260 2178 1363 2210 tutte
1392 2171 1658 2224 acquistando
1683 2185 1759 2224 per

315 2224 425 2265 forza
453 2225 503 2263 (13
530 2224 701 2278 bataglia
728 2239 805 2264 con
832 2225 1065 2269 crudeltade
1095 2233 1133 2263 et
1160 2226 1286 2264 multa
1304 2225 1498 2265 effusione
1517 2225 1568 2264 de
1590 2240 1754 2278 sangue.

315 2279 374 2317 Le
403 2279 505 2318 altre
543 2281 612 2332 poi
658 2281 937 2319 zircurnstante
968 2280 1128 2318 castelle
1156 2295 1198 2318 se
1227 2280 1392 2319 rendiro
1419 2280 1481 2318 ala
1511 2281 1761 2320 deseretione

316 2333 355 2370 di
389 2333 571 2372 barbari.
640 2335 809 2374 Portata
855 2334 892 2373 13
921 2335 1072 2387 grande
1100 2334 1326 2373 bombarda
1355 2334 1393 2372 al
1419 2333 1513 2373 loco.
1538 2335 1727 2387 deputato
1744 2365 1756 2384 ‚

236 2394 306 2437 259
318 2387 358 2425 so
387 2388 476 2425 data
507 2390 547 2426 in
582 2389 750 2441 guardia
781 2403 803 2428 a
835 2388 1107 2431 Charaziabei.
1177 2389 1258 2428 Tre
1285 2389 1492 2441 squatroni
1524 2389 1574 2427 de
1602 2389 1754 2427 Turchi

316 2441 586 2481 demorarono
624 2450 734 2482 tutto
767 2442 904 2496 quello
952 2443 1120 2483 inverno
1152 2445 1319 2483 intorno
1349 2457 1373 2481 a
1400 2443 1756 2495 Constantinopoli

316 2509 339 2533 a
367 2503 615 2538 contrastare
655 2498 729 2536 che
758 2500 922 2540 uissuno
966 2499 1134 2537 usscisse
1157 2498 1260 2537 della
1294 2497 1461 2537 cittade.
1519 2498 1756 2550 Ingrossan-

316 2550 412 2588 dose
438 2551 626 2602 adunque
654 2553 746 2604 ogni
775 2567 902 2591 zorno
946 2552 981 2592 31
1011 2566 1158 2605 campo
1187 2552 1236 2591 de
1267 2551 1444 2601 Turchi‚
1477 2551 1552 2591 che
1588 2551 1756 2590 veniva-

316 2617 370 2642 no
398 2604 447 2643 da
480 2604 643 2644 Amasia
686 2614 724 2644 et
769 2607 818 2645 da
851 2606 880 2645 li
918 2607 1065 2645 confini
1110 2607 1162 2645 de
1189 2606 1504 2659 Pamplagonia‚
1542 2605 1570 2644 li
1616 2606 1756 2645 Romei

316 2672 397 2697 non
426 2658 639 2711 podevano
671 2661 740 2711 pisi
767 2662 919 2701 usscire
961 2660 1065 2699 della
1095 2661 1224 2700 citade
1293 2662 1358 2699 Ma
1386 2660 1451 2698 dal
1480 2674 1592 2699 mare
1619 2669 1656 2699 et
1683 2662 1762 2714 ipsi

316 2727 394 2752 con
442 2714 544 2753 fuste
585 2720 624 2752 et
653 2715 754 2766 galie
793 2716 871 2760 {ine
914 2715 1110 2761 Chixichu
1138 2716 1370 2762 robhavano
1411 2713 1558 2759 ilochi
1590 2716 1757 2760 aiacenti
