1916 3210
442 211 655 254 rmum:
695 211 1027 253 m'rnnpnss‘m
1068 208 1338 275 menum„
1488 193 1602 260 465

158 312 314 362 alfano
344 310 444 357 lato.
501 314 659 356 Alhora
686 314 724 355 el
749 315 881 355 ‹lucha
909 314 1169 356 Mechemeth
1197 311 1400 354 demando
1426 313 1608 356 Siachim

158 372 480 427 summesagioe
518 370 669 425 perche
700 370 730 410 li
769 369 925 410 visiridi
967 371 1020 412 de
1050 371 1136 410 mio
1171 375 1290 423 patre
1319 375 1437 410 stano
1467 370 1608 411 lonta..

160 427 239 468 ni?
273 453 473 468 ......
521 424 709 480 dagheno
734 427 772 466 el
799 424 1060 474 comerchio‚
1089 432 1131 466 et
1157 424 1229 479 poi
1256 424 1418 465 vadano
1443 425 1507 465 ala
1536 441 1609 466 sua

157 482 240 526 vin.
269 481 415 534 Quelle
433 480 510 522 che
532 494 613 521 non
637 481 790 521 darano
825 481 1100 531 obhedientia,
1130 479 1247 521 siano
1265 481 1472 520 submerso
1504 481 1611 522 dalle

158 534 399 580 hombarde.
448 537 599 589 Queste
626 542 667 577 et
697 536 798 577 altre
830 550 921 576 cose
947 537 1135 586 statuite,
1181 541 1223 575 et
1250 536 1352 589 posti
1381 539 1528 576 zovani
1556 538 1610 577 da

158 602 331 647 operare
359 605 470 632 arme
498 590 630 632 CCCC
663 591 726 631 ala
754 591 926 647 guardia
957 591 1024 631 del
1055 590 1248 643 castelle,
1285 591 1323 631 el
1349 592 1525 645 superbo
1565 607 1610 633 se

158 660 212 688 ne
238 646 348 690 anab
378 646 420 686 in
449 645 735 702 Andrinopoli.
791 647 844 687 El
885 647 1060 687 secundo
1090 660 1198 686 anno
1225 653 1418 687 corrente
1442 647 1508 687 del
1535 662 1612 688 suo

160 701 370 755 ddchato,
418 708 460 742 et
488 701 597 742 dalla
644 702 846 743 creatione
891 702 957 742 del
985 702 1139 755 mundo
1164 701 1223 742 sei
1249 702 1361 742 milia
1387 711 1612 744 novecento

159 762 324 798 sexuum
363 771 474 805 une,
522 765 681 812 passata
718 759 756 798 la
787 765 913 798 estate
949 765 990 798 et
1017 759 1195 798 intrante
1233 757 1278 798 lu
1303 764 1510 810 autunno,
1538 760 1611 799 de-
1625 764 1692 808 ²47

159 815 328 853 moi-ava
365 813 405 852 in
435 827 541 852 casa.
584 828 670 853 non
699 814 805 853 dava
832 812 899 853 alli
930 813 1044 853 occhi
1069 813 1129 852 soi
1155 827 1327 867 reposo,
1356 827 1422 852 ma
1450 827 1615 868 sempre

160 874 276 908 stava
302 868 592 923 cogitabund0‚
624 868 841 922 cogitando
877 867 983 908 della
1016 867 1172 919 citade,
1199 875 1240 908 et
1268 883 1383 909 come
1409 868 1460 909 de
1477 870 1616 923 quella

160 923 226 964 far
252 937 296 964 se
323 937 443 979 possa
467 923 620 978 signor.
679 925 725 965 In
758 925 884 978 quelli
904 925 1002 963 mesi
1030 924 1201 977 proximi
1230 937 1298 964 era
1327 925 1480 964 usscito
1509 925 1617 964 della

160 977 244 1019 01111
271 991 356 1018 uno
396 979 552 1019 artifice
596 978 646 1019 de
685 980 842 1034 grande
878 978 1046 1032 inzegno
1079 986 1120 1018 et
1162 979 1362 1019 industria
1383 1008 1395 1026 ‚
1426 980 1617 1034 magistro

160 1033 343 1089 perfecto
370 1033 422 1073 de
447 1034 620 1074 fundere
642 1034 799 1075 bronzo
816 1034 1015 1074 bronzine
1042 1040 1082 1074 et
1108 1033 1335 1074 bombarde
1356 1048 1519 1088 grosse3
1549 1050 1620 1075 era

161 1102 238 1143 per
285 1091 421 1144 patria
451 1090 664 1144 Hungaro.
733 1092 889 1142 Questo
929 1104 998 1129 era
1033 1088 1183 1128 andato
1211 1104 1236 1129 a
1265 1090 1618 1145 Constantinopoli

161 1157 238 1198 per
281 1146 499 1184 exercitare
539 1146 577 1184 la
625 1160 698 1184 sua
733 1153 842 1196 arte,
881 1144 1084 1184 conducto
1113 1143 1223 1184 dallo
1267 1145 1530 1198 imperadore.
1576 1154 1619 1186 et

161 1199 366 1240 mediante
406 1199 436 1240 li
477 1199 539 1240 soi
567 1199 752 1255 messagii
795 1200 834 1239 fo
861 1200 1012 1254 scripto
1039 1198 1118 1239 alla
1160 1201 1416 1252 provisione,
1448 1215 1620 1241 menore

162 1255 265 1295 assai
292 1254 433 1295 chela
466 1257 587 1298 vert&
626 1270 700 1296 sua
736 1255 945 1295 meritava.
1015 1255 1070 1293 Et
1097 1253 1233 1308 quella
1280 1255 1433 1308 piccola
1481 1257 1556 1296 che
1587 1257 1618 1296 li

162 1309 295 1351 havea
325 1311 548 1361 instituita‚
583 1325 667 1350 non
700 1310 729 1350 li
759 1309 875 1350 dava.
933 1310 1055 1349 Onde
1084 1309 1261 1349 l'artifice
1288 1310 1503 1364 desperato
1535 1326 1619 1351 uno

163 1379 289 1405 zorno
327 1366 434 1405 ussc'i
462 1364 569 1405 della
597 1366 758 1418 citade,
786 1372 829 1406 et
855 1364 962 1404 ando
1001 1380 1024 1404 a
1053 1372 1214 1406 trovare
1241 1364 1279 1404 el
1306 1366 1488 1406 barbaro
1506 1396 1517 1413 ‚
1548 1366 1617 1406 dal

163 1419 287 1475 quale
314 1421 420 1461 visto
447 1421 676 1462 volentiero
703 1421 744 1461 fo
787 1427 992 1474 acceptato
1020 1434 1096 1459 con
1125 1419 1282 1473 grande
1306 1422 1537 1474 provisione
1567 1422 1620 1462 de

164 1477 301 1516 vivere
318 1475 384 1516 del
404 1478 548 1516 vestire
572 1483 615 1517 et
634 1476 687 1517 de
704 1476 850 1526 dinari‚
884 1475 959 1516 che
985 1490 1028 1515 se
1046 1475 1088 1514 la
1119 1483 1267 1530 quarta
1293 1483 1411 1530 parte
1450 1477 1620 1518 havesse

163 1538 356 1572 rezevuto
386 1530 479 1571 (1310
501 1532 767 1587 imperadore,
797 1545 879 1571 non
899 1530 1001 1571 seria
1019 1538 1231 1583 scampato
1262 1531 1315 1571 da
1331 1533 1620 1572 Constantino-

164 1585 264 1640 poli.
319 1587 502 1626 Essendo
534 1589 727 1643 adunque
753 1586 948 1627 l’artefice
989 1585 1239 1626 demandato
1270 1586 1338 1627 dal
1364 1587 1497 1627 ducha
1522 1602 1564 1628 se
1590 1587 1621 1628 li

165 1641 339 1696 podesse
379 1649 538 1697 gettare
566 1658 648 1684 una
691 1642 918 1683 bombarda
946 1648 1063 1682 tanto
1092 1656 1229 1696 grossa
1262 1650 1303 1682 et
1330 1650 1521 1696 possente
1545 1643 1621 1683 che

166 1697 400 1738 fraeassasse
433 1697 472 1738 le
498 1714 616 1739 mura
645 1698 696 1738 de
724 1697 1109 1751 Constantinopoli,
1142 1712 1308 1751 respose
1333 1698 1514 1738 l’artifice
1544 1699 1622 1738 che

168 1752 202 1793 s}
220 1782 233 1804 ,
259 1766 303 1792 se
340 1751 370 1792 li
413 1755 589 1794 concede
629 1753 761 1808 poder
793 1754 854 1792 far
878 1752 1105 1792 bombarda
1142 1752 1193 1792 de
1222 1753 1260 1792 la
1288 1767 1469 1806 grosseza
1501 1754 1553 1793 de
1581 1754 1621 1794 la

168 1807 299 1861 pietra
332 1808 407 1848 che
433 1809 460 1847 li
491 1809 531 1849 fo
560 1815 774 1861 mesti-ata,
802 1817 841 1848 et
872 1808 974 1847 ch’el
1003 1822 1122 1847 savea
1143 1808 1440 1848 minutamente
1466 1808 1506 1848 la
1533 1823 1622 1848 me-

167 1875 264 1902 sura
292 1862 343 1902 de
369 1863 407 1903 la
437 1877 616 1916 grosseza
650 1863 743 1903 delli
775 1865 880 1903 muri
910 1863 960 1902 de
991 1863 1024 1902 la
1044 1863 1188 1904 citade.
1243 1863 1300 1903 Et
1327 1864 1403 1903 0116
1432 1864 1470 1902 13
1499 1864 1620 1904 bom-

169 1917 299 1958 harda
335 1918 412 1958 che
452 1919 508 1958 lui
551 1919 722 1973 gettaria
766 1934 845 1958 con
876 1919 913 1957 la
942 1933 1014 1958 sua
1041 1918 1200 1970 forma,
1245 1920 1348 1957 seria
1377 1926 1566 1972 possente
1595 1934 1619 1959 a

170 1973 232 2013 sar
259 1972 412 2014 solvere
458 1974 509 2014 de
537 1974 566 2014 li
600 1976 716 2014 muri
740 1973 964 2015 babillonii.
1021 1975 1089 2012 Ma
1121 1973 1196 2013 che
1230 1973 1288 2012 lui
1315 1972 1400 2013 fera
1427 1973 1466 2012 13
1495 1989 1620 2028 opera
1633 1983 1701 2028 248

170 2029 307 2069 bona:
338 2028 444 2069 della
475 2030 592 2070 botta
623 2045 704 2069 non
734 2043 855 2069 savea
883 2028 971 2068 dire
1001 2026 1052 2068 ne
1079 2043 1121 2068 se
1153 2028 1290 2068 voliva
1317 2029 1512 2081 obligare.
1547 2029 1621 2069 Al-

173 2083 260 2124 dita
293 2091 439 2138 questo
467 2085 505 2125 el
533 2085 663 2126 ducha
690 2085 825 2125 disse:
856 2083 961 2124 fame
992 2083 1032 2123 la
1060 2083 1300 2126 bombarda.
1337 2084 1376 2124 la
1403 2084 1522 2123 botta
1551 2087 1622 2138 poi

171 2138 279 2179 della
316 2141 448 2194 pietra
488 2141 535 2180 ,io
575 2141 738 2181 vederb.
807 2141 854 2179 In
892 2141 1021 2193 spatio
1058 2140 1109 2179 de
1134 2140 1195 2179 tre
1240 2141 1338 2178 mesi
1366 2138 1403 2178 el
1433 2136 1621 2193 magistro

173 2193 308 2249 compl
338 2195 378 2235 la
403 2196 652 2246 bombarda,
694 2194 890 2236 miraculo
913 2208 1130 2249 spavoroso
1165 2202 1206 2234 et
1239 2195 1433 2235 inusitato
1472 2196 1522 2234 ad
1549 2210 1622 2235 ve-

173 2248 285 2294 dere.
326 2250 367 2290 in
411 2251 538 2306 quelli
577 2253 687 2292 zorni
762 2251 927 2291 assando
974 2264 1057 2290 una
1084 2264 1188 2290 nave
1216 2250 1368 2304 grande
1395 2250 1622 2294 Venetiana

203 2318 247 2345 er
274 2319 388 2346 mezo
419 2307 456 2346 el
482 2307 604 2347 castel
632 2266 884 2355 PascEiesen,
917 2312 957 2346 et
986 2320 1067 2345 non
1096 2305 1315 2358 vogliando
1347 2305 1456 2345 calar
1484 2305 1523 2346 la
1548 2321 1622 2346 ve-

172 2318 242 2409 sa,
270 2360 398 2415 quelli
426 2361 494 2402 dal
522 2362 686 2403 castello
717 2363 982 2402 deserrarono
1007 2375 1088 2400 una
1107 2360 1331 2401 bombarda
1359 2375 1511 2415 grossa,
1542 2362 1619 2402 che

176 2414 216 2455 la
256 2419 395 2469 pietrar
421 2418 540 2458 sfesse
575 2418 615 2458 la
658 2433 761 2458 nave
790 2418 831 2457 111
861 2417 931 2457 doi
975 2423 1111 2471 parte,
1139 2423 1178 2455 et
1207 2415 1381 2457 cacciola
1408 2416 1444 2456 al
1475 2417 1617 2461 fondo.

174 2469 227 2510 El
246 2478 428 2525 patron,
467 2473 670 2514 chiam-ato
709 2473 816 2521 rizo,
848 2487 924 2512 con
960 2479 1094 2512 trenta
1121 2471 1274 2512 homini
1302 2475 1478 2513 montati
1509 2472 1549 2512 in
1579 2473 1620 2513 la

175 2524 322 2579 barca,
348 2528 661 2569 desmontarouo
685 2530 725 2568 in
755 2529 783 2568 li
811 2529 871 2567 liti
899 2526 1051 2580 vicini3
1080 2525 1109 2566 li
1137 2525 1247 2580 quali
1277 2527 1443 2568 subbito
1473 2529 1620 2568 forono

175 2581 309 2634 presi,
343 2590 384 2623 et
417 2583 446 2623 li
475 2585 531 2624 ati
571 2586 666 2624 tutti
695 2584 743 2624 ad
789 2599 870 2622 una
914 2590 1057 2623 catena
1089 2597 1308 2623 menarono
1332 2583 1370 2623 al
1400 2583 1554 2633 ducha,
1581 2584 1620 2624 el

176 2637 273 2689 qual
298 2638 340 2677 in
373 2653 454 2692 que
496 2647 632 2693 tempo
660 2654 702 2680 se
731 2647 898 2679 trovava
926 2638 964 2677 al
979 2636 1270 2680 Didimothico.
1328 2640 1621 2679 Incontenente

23 2732 66 2748 Η,
175 2690 251 2731 che
277 2692 307 2732 li
338 2693 470 2734 hebbe
510 2696 629 2747 visti,
670 2694 869 2734 comandb
911 2693 986 2733 che
1025 2709 1047 2732 a
1077 2695 1170 2732 tutti
1197 2695 1336 2748 quanti
1367 2694 1526 2735 fosseno
1553 2700 1620 2734 ta-

23 2747 51 2766 ‘'
103 2758 110 2761 ·
177 2744 301 2799 gliate
320 2767 321 2770 ¹
340 2747 379 2788 le
406 2755 523 2802 teste,
561 2757 602 2790 et
635 2749 670 2789 el
700 2751 877 2803 padi-one
905 2748 1006 2789 fosse
1032 2749 1172 2788 siccato
1201 2750 1238 2788 31
1255 2749 1346 2802 ρ310
1374 2750 1552 2790 secundo
1580 2749 1620 2789 13

178 2801 271 2843 loro
310 2802 476 2845 bestiale
504 2813 543 2847 et
571 2805 793 2847 hinumana
819 2819 988 2859 usanza3
1015 2812 1056 2846 et
1081 2804 1215 2845 lassati
1242 2805 1389 2845 fon-ono
1416 2819 1530 2845 senza
1558 2819 1619 2845 se-

313 2882 447 2918 Dacus.
1331 2882 1375 2917 ³0
