1916 3210
469 145 684 189 lumen
725 147 1059 191 immitem
1098 146 1352 190 iNcERTO.
1519 126 1637 203 447

182 246 365 292 moino
389 245 630 297 sufficiente,
657 259 776 287 senza
803 260 932 301 paura
962 258 1092 288 venne
1121 252 1262 286 eontra
1289 244 1461 298 Chalili,
1489 252 1531 288 et
1553 252 1640 288 tro-

183 303 352 347 ramosi
381 303 412 344 li
439 302 507 344 (101
528 301 698 343 0κοεοίῑί
742 301 805 342 sul
841 316 985 356 campo
1013 301 1066 342 de
1093 301 1294 356 Thiatyrn
1326 301 1379 342 da
1409 300 1449 342 le
1474 303 1642 357 regione

182 359 391 401 contrarie
416 356 527 399 l'nno
555 363 696 398 eontra
721 356 855 398 l’altro
870 386 883 408 ,
915 357 1082 398 distanti
1109 358 1255 412 zinque
1280 356 1422 402 stadia.
1475 358 1537 399 Et
1563 357 1638 399 fic·

183 416 265 457 uti
294 413 326 455 li
351 413 602 469 pudiglioni,
634 411 675 452 la
707 420 828 454 nocte
859 427 1125 467 repusarono.
1180 413 1238 454 La
1270 413 1425 453 matina
1445 421 1639 467 sequente

169 469 228 513 „in
253 483 409 511 aurore
427 497 440 521 ,
482 468 512 512 li
542 469 733 521 capitanii
758 469 810 509 de
851 468 962 509 l'uno
990 476 1031 509 et
1058 468 1188 510 l'altro
1215 468 1417 517 exercito,
1448 470 1640 511 ordinate

181 523 224 568 le
254 524 436 575 achiae,
464 523 632 564 diedero
662 523 699 563 el
725 537 848 577 segno
876 524 983 564 della
1003 523 1194 578 bataglia.
1248 523 1300 563 El
1319 524 1488 565 Zouane
1510 524 1640 580 figliu-

167 580 226 622 ,1ο
240 580 299 621 yde.
325 580 488 631 Zinnit,
515 579 723 619 chiamato
756 579 927 631 Curthi,
955 580 991 619 el
1019 582 1086 620 cui
1116 593 1237 620 nome
1265 579 1306 619 in
1338 579 1484 621 Latino
1511 582 1639 635 signi·

178 635 259 678 fiet
299 635 426 690 lupo,
475 649 545 676 era
582 635 656 688 pin
686 635 824 675 feroce
852 642 892 676 et
929 635 1136 689 gagliardo
1166 635 1243 676 che
1276 636 1387 675 savio
1412 634 1635 690 capitanio.

178 689 317 734 Entrb
354 704 432 732 oon
469 689 507 731 el
547 704 623 730 suo
654 697 878 744 squatrone
916 705 1032 732 come
1062 705 1146 731 uno
1174 691 1370 731 salvatico
1397 692 1566 747 cignaro
1594 693 1637 733 in

178 760 297 788 mezo
325 745 373 787 le·
393 746 549 787 schiere
579 745 631 786 de
659 745 803 798 Calili3
831 746 869 786 le
893 746 1016 801 quale
1043 744 1071 786 li
1102 746 1269 787 diei-ono
1297 746 1413 797 loco,
1445 753 1489 788 et
1514 748 1638 790 lassa-

177 815 287 844 rono
318 800 454 857 quello
486 815 566 856 per
592 815 706 842 mezo
736 801 775 842 le
802 803 977 856 squad1·e
1003 816 1074 843 sue
1094 816 1277 856 passere,
1311 802 1540 844 recevendo
1557 818 1637 858 po·

174 856 260 901 eho
286 856 438 900 denno.
507 855 608 898 Calil
653 857 840 898 vedendo
869 858 906 898 la
937 872 1008 898 sua
1037 858 1241 911 imperitia
1269 857 1375 898 delle
1401 871 1497 900 cose
1527 859 1712 915 mili-⁸91

168 918 284 964 ure,
312 914 429 954 muto
456 911 547 953 loco
575 911 655 954 alle
684 927 756 953 sue
783 912 961 962 semem,
989 919 1031 953 et
1056 914 1097 952 in
1121 912 1259 967 pocho
1286 913 1420 968 spatio
1441 913 1481 954 le
1509 915 1637 956 strin-

174 981 233 1022 ne,
260 968 541 1010 mmandando
571 967 648 1009 che
676 968 888 1008 chadauuo
915 968 1152 1009 aseondesse
1166 968 1203 1008 el
1235 983 1310 1009 suo
1338 970 1496 1011 zarcula
1516 970 1639 1012 bian-

171 1023 286 1075 eho,
318 1024 530 1079 pensando
565 1023 666 1064 eh’el
695 1024 831 1064 Curtis
865 1024 1031 1064 havesse
1061 1039 1084 1063 a
1111 1031 1258 1065 tornai·
1286 1039 1357 1078 per
1383 1025 1520 1078 quella
1549 1041 1638 1067 me-

176 1079 334 1121 desima
361 1080 448 1121 via.
506 1079 643 1120 Zinait
671 1086 785 1120 stava
810 1079 1140 1135 apparecchiato,
1171 1080 1338 1134 quando
1368 1081 1404 1120 el
1433 1094 1507 1120 suo
1533 1081 1640 1136 figli-

177 1134 222 1176 01
263 1142 440 1176 toi-nava
479 1135 519 1175 al
557 1149 630 1176 suo
656 1149 806 1186 corno,
848 1150 925 1189 per
964 1135 1095 1175 ander
1125 1135 1165 1175 in
1199 1134 1334 1190 quella
1360 1135 1460 1176 hora
1490 1145 1638 1180 conti-a

177 1189 300 1232 Galil.
365 1191 485 1232 Curti
528 1204 613 1230 non
661 1190 935 1244 appreziendo
981 1191 1021 1231 lo
1051 1192 1215 1230 inimico
1245 1205 1323 1244 per
1346 1191 1565 1245 superbia,
1596 1207 1640 1234 se

174 1259 251 1290 gra
274 1246 457 1302 alal-gato
484 1246 616 1286 stadia
645 1248 684 1286 X
712 1246 763 1286 da
791 1245 829 1286 le
857 1246 1037 1293 schiere,
1086 1245 1313 1285 amazando
1341 1248 1577 1302 qualunque
1607 1247 1637 1290 11

178 1301 342 1344 andava
374 1304 575 1345 incontra.
646 1301 851 1342 tornando
885 1315 958 1355 per
990 1300 1125 1355 quella
1147 1300 1366 1341 medesirna
1395 1303 1461 1342 via
1493 1317 1568 1357 per
1596 1303 1636 1345 la

274 1371 299 1398 e
343 1370 412 1398 era
457 1364 649 1410 pessato,
694 1356 826 1397 vedde
856 1358 899 1396 in
929 1371 984 1396 un
1014 1356 1105 1396 loco
1133 1358 1337 1397 eminente
1365 1356 1493 1397 molte
1519 1365 1637 1400 zente

169 1412 332 1454 ⁴«stirme
356 1442 370 1466 ‚
395 1411 479 1453 aldi
505 1413 619 1452 molti
646 1412 864 1453 stormenti
900 1412 1035 1453 bellici
1061 1426 1235 1463 sonare,
1266 1419 1307 1452 et
1335 1413 1479 1466 parseli
1510 1415 1638 1455 veder
1682 1458 1687 1464 ,

177 1465 222 1509 le
246 1468 410 1523 insegne
439 1473 484 1509 et
514 1468 556 1513 le,
579 1467 773 1508 bandiere
801 1468 854 1508 de
883 1469 1019 1508 Zinait
1052 1481 1125 1507 suo
1156 1475 1293 1523 pati-e3
1323 1469 1503 1508 credette
1530 1469 1634 1510 ch'el

176 1531 296 1579 petre
325 1524 495 1565 havesse
521 1530 714 1578 superato
745 1523 876 1564 Calili.
933 1523 1317 1577 Appi-oximandose
1346 1525 1418 1578 pin
1443 1525 1483 1565 31
1512 1525 1600 1565 loco
1617 1555 1631 1575 ,

171 1579 392 1633 oognobbe
419 1578 494 1619 che
522 1593 650 1619 erano
678 1579 707 1619 li
735 1579 795 1620 soi
834 1581 1037 1619 contrarii.
1097 1579 1216 1619 Onde
1245 1579 1439 1620 voltando
1469 1581 1634 1622 subbito

171 1635 214 1676 le
241 1635 420 1689 breglie,
464 1635 660 1675 comenzo
702 1649 817 1675 come
848 1636 985 1689 lepore
1016 1650 1039 1674 a
1069 1634 1221 1685 fuzire,
1249 1637 1452 1690 sequitato
1483 1635 1536 1677 (13
1565 1651 1635 1677 ve-

172 1690 368 1731 locissimi
412 1691 684 1741 correndori,
726 1691 801 1731 che
841 1692 930 1731 loro
965 1690 1179 1730 chiamano
1206 1691 1471 1731 Taehidromi
1494 1721 1508 1744 ‚
1557 1692 1635 1734 che

275 1746 352 1786 che
380 1747 526 1787 voleno
557 1761 630 1800 per
658 1760 761 1789 aere.
788 1745 826 1786 al
854 1747 935 1787 fine
963 1746 1004 1786 fo
1031 1760 1152 1800 preso
1182 1746 1220 1786 el
1248 1745 1367 1800 lupo,
1399 1755 1440 1788 et
1465 1756 1631 1790 menate

171 1803 314 1842 avanti
342 1801 476 1846 Calili.
532 1802 683 1853 Zinait‚
710 1803 838 1842 intesa
870 1802 910 1842 la
937 1815 1056 1855 presa
1084 1801 1135 1841 de
1161 1816 1234 1841 suo
1260 1802 1432 1856 figliolo‚
1467 1817 1510 1844 se
1541 1803 1633 1844 vol-

172 1856 219 1897 tb
247 1855 312 1898 col
341 1871 415 1897 suo
439 1857 613 1898 exercito
648 1871 766 1897 verso
795 1856 834 1896 le
861 1864 1081 1910 montagne
1105 1856 1156 1896 de
1183 1857 1373 1906 smirne,
1408 1866 1448 1898 et
1476 1873 1558 1899 non
1587 1873 1632 1900 se

172 1911 292 1952 stallo
322 1912 483 1964 flnche,
525 1913 672 1966 passati
714 1913 742 1952 li
769 1912 881 1952 lochi
911 1912 1084 1961 difficili,
1118 1926 1236 1952 zonse
1265 1913 1317 1952 ad
1344 1927 1426 1953 uno
1456 1915 1630 1954 munici-

172 1969 245 2022 pio
282 1967 485 2009 chiamato
523 1968 635 2021 Ipsili
655 1997 668 2018 ,
697 1967 735 2008 el
773 1968 892 2021 quale
917 1968 1022 2007 bene
1051 1967 1179 2007 havea
1212 1970 1446 2021 premunito
1472 1969 1523 2009 de
1552 1969 1709 2022 lio-192

172 2023 274 2063 mini
304 2037 416 2064 arme
443 2030 486 2064 et
511 2023 742 2076 victuaglie.
797 2024 951 2073 Questo
978 2023 1141 2062 castello
1170 2037 1238 2062 era
1265 2025 1341 2064 sito
1361 2025 1402 2063 in
1431 2038 1514 2064 uno
1541 2025 1630 2080 gol-

171 2079 214 2119 fo
243 2077 308 2119 del
347 2093 463 2119 mare
499 2080 540 2118 in
589 2079 727 2129 Ionia,
769 2077 821 2117 da
849 2077 888 2118 13
927 2080 1092 2131 regione
1134 2078 1183 2118 de
1210 2078 1373 2119 l'insula
1403 2079 1453 2119 de
1485 2080 1629 2123 Samo.

173 2135 292 2174 Circa
319 2134 355 2174 el
385 2135 458 2175 lito
485 2135 536 2174 de
563 2143 709 2185 questo
736 2134 843 2187 golfo
873 2135 1007 2173 Zinait
1034 2149 1133 2187 pose
1159 2134 1195 2173 el
1223 2149 1296 2174 suo
1325 2149 1482 2188 campo.
1544 2136 1628 2177 Ca-

172 2189 232 2229 lili
262 2190 416 2231 mando
447 2190 486 2231 el
512 2190 639 2244 figliol
665 2190 716 2230 de
744 2190 878 2229 Zinait
907 2191 950 2229 in
977 2189 1076 2229 ferri
1104 2188 1144 2229 al
1171 2189 1273 2229 duca
1295 2192 1437 2231 Morat
1463 2193 1505 2231 in
1537 2192 1626 2232 An-

173 2245 382 2300 drinopoli
402 2275 414 2294 ‚
464 2260 578 2286 come
605 2245 790 2300 primitie
817 2244 924 2284 della
953 2246 1072 2284 ruina
1103 2245 1155 2285 de
1184 2245 1332 2288 Ziuait.
1389 2248 1527 2287 Morat
1553 2262 1624 2288 ve-

170 2309 352 2341 ramente
378 2301 527 2341 mando
556 2297 693 2356 quello
723 2301 847 2354 ligato
886 2315 909 2339 a
939 2300 1116 2354 Galipoli
1148 2300 1299 2340 inseme
1322 2315 1398 2341 con
1428 2316 1503 2342 suo
1532 2301 1626 2343 bar-

171 2355 225 2396 ba
252 2357 456 2408 Camusa3
501 2357 567 2397 del
597 2357 719 2412 quale
750 2371 823 2410 per
853 2357 990 2396 avanti
1019 2357 1057 2396 el
1086 2370 1247 2396 sermon
1275 2366 1412 2398 nostro
1440 2357 1493 2398 ha
1527 2373 1626 2411 par—

171 2411 267 2452 lato.
321 2413 377 2452 Et
405 2414 523 2453 messi
547 2427 571 2453 a
599 2413 725 2467 quelli
753 2412 782 2451 li
812 2412 906 2451 ferri
938 2410 1016 2451 alle
1053 2413 1161 2451 mani
1187 2420 1227 2452 et
1253 2411 1321 2452 alli
1349 2413 1482 2467 piedi,
1514 2414 1623 2455 foro-

170 2481 226 2506 no
253 2467 359 2521 posti
399 2469 441 2507 in
482 2483 565 2509 una
599 2476 723 2509 torre.
788 2467 835 2506 In
862 2474 1006 2521 questo
1048 2474 1185 2521 tempo
1218 2467 1321 2508 Galil
1347 2469 1553 2522 passando
1584 2471 1622 2510 el

171 2523 295 2563 fiume
337 2524 540 2574 Ermone,
583 2539 715 2564 venne
753 2522 806 2562 ad
850 2522 1100 2578 Nympheon
1135 2530 1175 2564 et
1211 2523 1262 2563 de
1307 2523 1337 2563 Γι
1366 2525 1409 2564 in
1439 2525 1618 2579 Epheso.

171 2578 290 2618 Tutti
330 2578 358 2618 li
388 2578 552 2633 Ephesii
598 2578 737 2619 banno
784 2592 988 2632 promesso
1028 2578 1119 2618 fede
1162 2585 1202 2618 et
1232 2578 1344 2619 lielte
1372 2594 1396 2620 a
1423 2580 1525 2620 Galil
1550 2595 1622 2635 per

171 2647 295 2674 nome
322 2633 390 2674 del
431 2635 591 2686 ducha,
632 2634 670 2675 el
694 2634 791 2689 qual
816 2649 841 2674 a
879 2634 972 2673 tutti
1001 2635 1196 2687 promisse
1224 2649 1466 2676 conservare
1496 2637 1533 2675 la
1562 2637 1619 2676 fa·

173 2689 357 2738 custade,
402 2689 445 2730 lu
483 2691 644 2731 honore
671 2698 711 2730 et
747 2691 783 2729 le
812 2689 1044 2730 conditione
1073 2690 1125 2730 de
1150 2690 1433 2731 ciascheduno.
1493 2692 1554 2732 De
1583 2692 1620 2731 le

174 2744 294 2799 quale
320 2751 427 2787 tutte
467 2761 559 2788 cose
605 2746 859 2788 felicemente
885 2745 1060 2802 compite
1086 2760 1199 2788 come
1231 2746 1478 2803 desyderava
1498 2776 1511 2800 ,
1546 2760 1621 2802 per
