1916 3210
446 162 674 211 luwen*
712 159 1051 210 imapmm':
1091 162 1350 210 mmmm.
1504 147 1620 217 403

163 268 231 311 soi‘
251 268 405 324 satmpi
445 269 488 309 so
535 267 831 324 grandcmente
871 268 1053 310 sestizato
1093 274 1136 310 et
1176 268 1400 310 honorato.
1455 269 1520 310 Da
1550 271 1627 324 poi

160 324 300 366 ’ussito
328 324 590 366 Meehemeth
637 323 690 364 de
721 324 770 364 'la
798 324 916 365 Galia
933 354 946 376 ‚
991 324 1034 365 lo
1070 324 1333 379 imperadore
1375 338 1452 365 con
1483 325 1523 365 la
1552 341 1628 367 sua

163 387 320 421 armata
357 379 483 422 toz-nb
525 394 548 420 a
577 379 962 434 Constantinopoli,
1007 379 1055 420 e'l
1099 380 1329 435 patriarcha
1375 394 1455 419 con
1487 382 1627 422 tutto’l

158 435 276 478 'clero
295 435 747 489 Constantinopolitano
776 435 991 476 uscendoli
1032 437 1226 476 incontra
1264 436 1358 476 sora
1401 436 1494 476 dela
1523 436 1627 477 cita-

154 490 216 532 ·de
248 505 329 532 con
353 491 488 539 laude,
503 490 640 545 gloria
669 498 710 531 et
738 491 866 543 canti,
892 491 934 531 lu
965 491 1248 546 accompagnb
1275 491 1358 532 fine
1385 491 1423 531 al
1451 506 1525 531 suo
1553 507 1627 546 pa-

159 546 266 591 luzo.
320 546 603 596 Mechemeth,
635 546 829 587 ordinate
858 554 898 586 et
930 562 1023 587 com
1057 554 1142 587 oste
1177 547 1216 587 le
1243 553 1366 602 parte
1395 547 1447 587 de
1480 550 1628 588 Grecia

157 601 345 643 subiecte
395 602 434 642 al
461 615 535 642 suo
579 601 754 653 ducato,
806 602 926 657 passo
973 562 1078 642 nelle
1117 610 1236 656 parte
1264 602 1315 642 de
1342 602 1554 652 Oriente,
1586 612 1629 644 et

156 663 285 698 'zonto
310 657 354 698 in
375 657 522 698 Prusia
552 657 736 698 instauro
765 665 805 698 et
831 658 984 698 renovo
1016 658 1045 697 li
1075 658 1224 697 edificii
1252 657 1423 698 desfacti
1453 666 1494 698 et
1524 673 1627 699 con-

156 712 308 753 summi
347 712 416 753 dal
445 714 538 754 foco
583 714 651 754 del
685 714 941 762 Caramano,
985 714 1139 767 perche
1167 714 1334 768 quando
1366 713 1628 755 Mechemeth

153 780 298 808 -venne
324 782 350 809 a
379 769 742 824 Constantinopoli
774 777 923 810 contra
952 771 1102 817 Moses,
1138 771 1175 810 el
1193 770 1426 809 Caramano
1453 783 1497 810 se
1530 784 1628 825 par-

163 822 197 864 t}
229 823 282 864 de
308 824 468 879 Iconyo
499 831 541 864 et
566 824 674 864 colla
703 839 775 864 sua
799 824 986 879 potentia
1015 839 1150 865 venne
1173 839 1197 864 a
1226 825 1397 875 Prusia,
1426 832 1467 864 et
1496 826 1630 866 desfe-

159 891 206 919 ze
230 878 368 934 quella
397 879 506 930 cita,
537 887 580 920 et
610 881 648 920 le
679 894 769 921 osse
797 881 848 920 de
872 880 1083 930 Paiasith,
1122 887 1238 935 patre
1266 881 1318 920 de
1345 880 1630 930 Mechemeth‚

156 935 262 975 cavo
291 934 398 975 della
424 935 634 990 sepultura
669 943 708 976 et
736 936 899 976 buttole
924 936 990 976 nel
1017 935 1155 978 socho.
1211 937 1270 976 Et
1299 943 1444 990 questo
1478 936 1632 991 perche

159 990 342 1031 Paiasith
365 1004 441 1045 per
469 991 609 1032 avanti
639 991 770 1031 havea
808 991 978 1046 tagliata
1011 992 1048 1031 la
1078 998 1182 1031 testa
1209 992 1248 1031 al
1278 998 1396 1044 patre
1426 991 1478 1031 de
1507 993 1633 1033 Cara—

158 1060 256 1087 man
286 1046 327 1086 in
358 1047 527 1101 lconyo.
586 1047 882 1087 Descendendo
902 1047 1161 1087 Mechemeth
1191 1048 1233 1086 in
1255 1046 1367 1097 Asia,
1400 1053 1524 1087 trovo
1553 1047 1633 1088 che

161 1101 309 1142 Zenait
332 1115 376 1142 se
400 1115 474 1142 era
503 1101 603 1142 fatto
629 1104 770 1157 signor
797 1104 839 1143 in
865 1102 1001 1157 quelle
1030 1102 1238 1156 provintie
1270 1102 1341 1156 pih
1371 1102 1524 1156 grande
1555 1103 1635 1143 che

155 1171 249 1197 -non
278 1171 348 1198 era
384 1158 423 1197 la
461 1171 536 1198 sua
576 1159 789 1212 opinione.
846 1159 901 1198 Et
941 1159 1110 1198 essendo
1139 1165 1292 1198 venuto
1322 1157 1580 1198 Meehemeth
1609 1173 1636 1198 a

161 1212 372 1267 Pergamo
402 1212 456 1253 de
484 1213 604 1265 Asia,
634 1213 780 1254 nuntio
809 1213 861 1251 ad
894 1214 1041 1253 Zenait
1069 1213 1146 1252 che
1172 1214 1200 1253 li
1225 1213 1398 1254 dovesse
1425 1213 1569 1254 cedere
1593 1213 1638 1254 la

161 1270 355 1322 signoria.
424 1269 570 1308 Zenait
595 1283 677 1309 non
711 1268 962 1309 intendando
991 1268 1170 1318 cederli,
1203 1268 1291 1308 fece
1323 1269 1582 1310 communire
1611 1284 1636 1310 e

160 1323 242 1364 ben
260 1323 402 1364 ·fenire
427 1331 533 1363 tutte
561 1325 598 1364 le
623 1339 696 1364 sue
724 1325 920 1370 fortezze,
952 1332 992 1363 et
1023 1323 1360 1378 apparechiato'se
1386 1338 1410 1363 a
1438 1323 1477 1363 la
1506 1339 1638 1378 guer-

160 1392 207 1419 ra
232 1408 245 1429 ‚
278 1386 472 1433 spectava
523 1379 561 1419 la
588 1393 661 1420 sua
692 1387 854 1420 venuta.
914 1379 1171 1419 Mechemeth
1215 1394 1348 1433 venne
1369 1377 1433 1418 col
1460 1394 1535 1418 suo
1565 1394 1635 1420 ex-

161 1433 292 1474 ercito
321 1435 374 1474 ad
413 1434 620 1489 Chymin‚
667 1442 706 1475 et
733 1434 1008 1475 rechiedendo
1038 1435 1114 1475 ohe
1143 1434 1172 1474 li
1198 1435 1371 1475 desscno
1402 1436 1440 1474 la
1470 1435 1715 1484 sorteza104

157 1489 237 1530 che
268 1504 312 1530 se
339 1497 486 1530 teneva
513 1505 589 1544 per
616 1492 762 1531 Zenait
779 1521 791 1538 ‚
824 1503 907 1530 non
938 1491 1202 1544 vogliandose
1225 1491 1403 1530 rendere
1432 1505 1513 1543 per
1541 1491 1635 1531 for.

160 1559 207 1585 za
238 1544 279 1585 la
308 1559 443 1600 prese.
472 1545 631 1586 liberati
662 1546 691 1587 li
723 1545 921 1597 cit-adini,
950 1546 978 1585 li
1007 1544 1168 1586 homini
1195 1546 1248 1586 da
1278 1561 1394 1586 arme
1420 1545 1518 1585 tutti
1546 1547 1636 1588 fece

162 1601 335 1641 morire.
404 1602 655 1642 Partendose
697 1602 750 1642 da
784 1601 986 1656 Chynfin,
1017 1616 1149 1641 venne
1177 1601 1244 1641 alo
1273 1602 1432 1642 assedio
1462 1602 1514 1641 de
1540 1604 1635 1643 Me·-

162 1668 391 1707 nomenon,
423 1657 526 1697 dove
553 1672 625 1698 cra
655 1673 740 1698 uno
769 1658 848 1697 ben
880 1659 1039 1697 munito
1069 1666 1108 1697 et
1136 1657 1247 1697 forte
1277 1658 1443 1697 castello
1472 1657 1635 1698 Arcan-

162 1711 284 1767 gelo3
313 1711 351 1752 el
382 1713 503 1767 quale
540 1713 591 1753 da
617 1713 782 1753 Turchi
811 1714 884 1768 poi
914 1713 1128 1753 mutanteli
1157 1713 1195 1752 el
1226 1727 1347 1752 nome
1375 1714 1417 1752 fo
1450 1713 1634 1754 chiama-

162 1774 210 1807 to
239 1767 459 1808 Caiazichi.
534 1770 688 1820 Questo
719 1769 841 1809 locho
881 1783 958 1823 per
984 1769 1100 1808 forza
1142 1769 1193 1808 de
1220 1768 1399 1821 bataglia
1425 1769 1465 1807 fo
1496 1784 1633 1822 preso.

163 1823 287 1862 Onde
313 1823 560 1877 partendose
592 1839 727 1864 venne
755 1824 807 1863 ad
841 1824 1058 1877 Ninpheon
1077 1854 1090 1875 ‚
1123 1823 1161 1863 01
1190 1824 1286 1877 qual
1317 1824 1410 1862 loco
1444 1825 1633 1864 combat-

165 1884 260 1918 tuto
291 1879 332 1918 fo
371 1893 503 1933 prese.
559 1880 617 1918 Et
659 1880 712 1918 da
744 1880 778 1919 N
814 1879 958 1932 mpheo
986 1894 1120 1919 venne
1155 1879 1218 1918 ale
1243 1879 1420 1920 Smirne.
1478 1881 1635 1930 Questa

164 1939 279 1974 terra
328 1934 379 1973 de
413 1933 575 1974 Smirne
609 1935 752 1974 Zenait
796 1935 909 1974 'aven
937 1935 1018 1975 ben
1049 1935 1206 1974 munita
1236 1934 1288 1974 de
1320 1949 1457 1987 grosse
1485 1949 1633 1985 mure,

165 1988 219 2028 de
248 1990 361 2029 molti
390 1989 551 2030 homini
596 1989 747 2030 d'arme
775 1996 817 2028 et
862 1989 959 2043 ogni
1000 1990 1231 2030 munitione
1260 1990 1311 2028 da
1344 1989 1566 2029 defendere
1594 1998 1636 2029 et

165 2043 387 2085 offendere.
465 2045 663 2085 Havendo
705 2046 899 2099 adunque
936 2046 1080 2085 Zenait
1111 2045 1152 2084 in
1184 2051 1324 2100 questa
1355 2044 1434 2084 ben
1481 2045 1634 2085 fon-nita

161 2107 274 2140 terra
324 2101 376 2140 de
405 2101 567 2141 Smirne
595 2102 738 2141 lassato
771 2115 843 2140 sua
867 2109 994 2140 matre
1017 2131 1029 2151 ‚
1076 2116 1150 2140 suo
1180 2100 1341 2140 fratello
1372 2106 1413 2139 ct
1440 2100 1464 2140 li
1495 2103 1557 2140 soi
1583 2102 1632 2141 fi-

163 2155 308 2211 glioli‚
341 2157 399 2196 lui
432 2171 507 2196 con
541 2158 576 2196 la
607 2171 679 2196 sua
706 2171 887 2211 persona
916 2156 1022 2196 ando
1052 2156 1093 2195 in
1123 2157 1311 2210 Epheso,
1342 2155 1529 2196 lassando
1558 2171 1633 2210 per

161 2212 422 2264 governador
451 2212 502 2251 de
540 2213 660 2252 castel
698 2214 749 2252 de
780 2212 1005 2265 Nimpheon
1035 2213 1072 2252 el
1104 2226 1179 2251 suo
1211 2211 1380 2251 schiavo
1409 2219 1450 2252 et
1482 2227 1630 2251 zenero

163 2267 370 2308 chiama-to
413 2267 628 2311 Auduliat.
699 2267 753 2308 El
781 2267 878 2322 qual
905 2268 1049 2308 siando
1081 2269 1148 2321 poi
1176 2281 1299 2321 preso
1332 2265 1398 2305 nel
1428 2267 1551 2307 castel
1579 2268 1632 2307 de

165 2322 407 2378 Nympheon
439 2323 491 2363 da
514 2324 768 2364 Mechemeth
785 2355 795 2374 ‚
825 2323 867 2362 fo
895 2331 1128 2377 presentato
1154 2339 1177 2362 a
1208 2322 1387 2362 Paiasith
1420 2325 1630 2378 messagio.

166 2379 326 2430 Questo
345 2379 525 2419 Paiasith
561 2380 688 2420 havea
717 2379 871 2434 grande
900 2380 1050 2433 podere
1079 2393 1158 2419 con
1173 2378 1449 2432 Mechemeth,
1481 2386 1522 2418 et
1552 2394 1631 2432 per

166 2448 238 2474 sua
276 2433 367 2474 fede
394 2435 435 2474 lu
479 2435 610 2475 havea
646 2436 753 2475 facto
782 2434 970 2489 principe
1012 2434 1101 2474 dela
1141 2449 1214 2474 sua
1245 2441 1374 2475 corte.
1444 2435 1629 2474 Essendo

166 2490 359 2540 adunque
388 2490 567 2530 anchora
593 2493 634 2531 in
651 2493 813 2545 Tracya
832 2491 1016 2531 Paiasith
1046 2491 1109 2529 col
1137 2504 1211 2530 suo
1229 2490 1335 2530 duca
1352 2490 1626 2538 Mechemeth‚

165 2545 317 2599 scripse
357 2560 438 2585 una
464 2545 609 2587 lettera
651 2547 702 2587 ad
731 2546 877 2586 Zenait
905 2547 957 2586 dc
997 2554 1140 2600 questo
1168 2553 1323 2585 tenore.
1381 2546 1433 2585 Se
1465 2553 1510 2584 tu
1541 2546 1628 2585 voli

164 2614 276 2641 esser
314 2602 452 2655 signor
489 2603 538 2641 de
571 2604 684 2642 Ionia
726 2609 766 2641 et
797 2602 905 2641 darni
937 2617 1018 2641 non
1055 2601 1182 2641 haver
1212 2602 1354 2641 alcuna
1386 2602 1589 2641 adversita
1616 2631 1629 2652 ‚

166 2656 220 2695 da
242 2671 307 2697 me
333 2657 372 2696 la
410 2665 479 2697 tua
506 2659 651 2709 {igliola
681 2673 751 2711 per
782 2659 862 2697 mia
890 2672 1006 2711 sposa
1039 2657 1216 2696 secondo
1244 2657 1282 2697 10
1313 2659 1393 2697 10ῑο
1418 2659 1709 2701 inanimo-105

165 2710 298 2762 niele,
327 2719 369 2752 et
400 2713 456 2752 da·
480 2714 613 2766 quella
656 2714 759 2752 hora
788 2713 829 2752 in
869 2714 938 2767 poi
967 2713 1122 2752 vivet-ai
1152 2727 1270 2752 senza
1297 2727 1423 2767 pavra
1458 2714 1522 2752 nel
1552 2720 1627 2752 tuo

165 2766 334 2808 ducato.
391 2770 460 2809 Ma
488 2769 631 2809 Zenait
662 2768 879 2824 vogliando
908 2775 1080 2810 mostrar
1109 2768 1147 2809 la
1166 2783 1238 2808 sua
1265 2768 1458 2823 superbia
1487 2775 1527 2808 et
1555 2782 1629 2808 va-
