1884 3216
340 203 359 240 ι
376 185 447 260 78
675 199 861 245 ‘onem
898 202 1183 246 incamus
1210 203 1434 247 NEPo'ns

333 305 619 358 ἅντεπαρέστη
634 305 761 356 μέσον
777 303 1024 356 Λαμψάκου
1053 305 1127 345 καί
1143 304 1509 360 Καλλιουπόλεως,
1527 307 1601 350 καὶ
1615 305 1644 348 ’ὅ
1663 307 1774 351 Μω-

333 369 412 426 ράτ
455 365 561 426 αὐτῇ
605 372 654 426 τῇ
689 366 778 426 ὥρᾳ
827 369 872 410 ἐν
915 374 1008 416 ταῖς
1039 369 1207 419 ἀ’κταΐς.
1274 370 1397 426 ἐγγυς
1442 366 1519 414 οὖν
1545 374 1776 428 γεγονόσαι

332 430 463 492 (ἦσαν
502 433 583 491 γὰρ
622 431 724 477 ism-d
767 433 1089 490 ὑπερμεγέθεις)
1127 434 1318 491 εἰσῆλθεν
1355 435 1380 477 ὅ
1420 435 1593 492 Μωροὶτ
1634 438 1690 481 ἐν·
1721 439 1777 496 τῇ

331 500 594 558 κρειττοτέρζι
626 502 699 542 καί
723 500 1000 557 μειζονοτέρᾳ.
1070 497 1198 541 ἔδωκε
1223 502 1325 555 γοῦν
1353 499 1376 542 ὅ
1397 501 1625 557 Ἀδοῦρνος
1649 503 1775 557 μεγά-

331 569 406 622 λην
433 564 557 621 τιμὴν
587 567 646 622 τῷ
678 563 866 618 Μωράτ,
897 564 956 613 ὥς
982 565 1126 620 ἐχρῆν,
1167 567 1241 608 καί
1268 565 1290 608 ὅ
1318 565 1487 623 Μωροὶτ
1512 569 1569 625 τῷ
1596 566 1809 622 >fiodo-5

291 639 406 688 Βνῳ,
440 633 512 672 καί
538 629 809 683 συνεδρίαζον
836 625 943 680 ὁμοῦ
974 631 1019 671 ἐν
1045 631 1097 687 τῇ
1123 631 1195 687 νηῒ
1219 633 1294 675 καί
1320 631 1517 686 ὦμίλουν.
1574 629 1663 687 εἶχε
1689 631 1773 689 γοῖρ

327 699 374 739 ἑν
402 697 596 752 φροντίδι
623 691 782 749 μήποτε
811 694 849 736 οἱ
872 692 1059 751 Φράγκοι
1085 697 1478 753 καταφρονήσαντες
1495 697 1596 750 τούς
1621 693 1774 754 ὅρκους

216 763 256 796 V·
273 759 492 808 79ἔκδοτον
530 757 752 814 ποιήσουσι
793 759 865 801 τὸν
893 759 1064 815 Μωρὰτ
1092 763 1137 804 ἐν
1166 761 1292 816 χερσὶ
1320 765 1397 804 τοῦ
1420 765 1674 820 Μουσταφᾶ
1699 766 1775 806 κατ’

326 826 524 879 λαβόντες
559 823 806 880 θησαυροῦς
845 826 1063 876 πλείστους
1092 826 1344 874 ἀπέλθωσιν.
1398 823 1487 883 εἶχε
1512 830 1559 871 δὲ
1591 825 1614 870 ὅ
1638 831 1771 872 Mov-

326 890 407 947 ράτ
435 889 514 932 σὺν
546 890 664 948 αὐτῷ
689 888 862 940 ὁπλίτας
904 892 1079 942 οἰκείους
1106 891 1283 942 δούλους
1316 891 1396 936 σῦν
1423 899 1509 944 τοῖς
1533 894 1771 951 σατράπαις
1787 917 1834 945 10

324 952 461 997 αὐτοῦ
478 987 489 1009 ,
530 958 574 997 ἐν
618 957 671 1012 τῇ
708 957 780 1010 νηῒ
817 949 842 1012 ᾖ
869 957 1021 1011 ἐπέβη,
1063 956 1171 1012 ὑπὲρ
1197 956 1295 1007 τούς
1321 962 1614 1009 πεντακοσίους
1630 990 1643 1014 ,
1670 958 1694 1001 ὅ
1721 961 1771 1002 δὲ

320 1019 548 1074 Ἀδοῦρνος
586 1022 630 1062 ἑν
658 1022 710 1077 τῇ
739 1022 846 1078 αὐτῇ
872 1023 946 1077 νηῒ
967 1020 1071 1077 ὑπὲρ
1114 1021 1212 1071 τούς
1240 1021 1531 1078 ὀκτακοσίους,
1557 1024 1770 1079 γενναίους

323 1082 494 1135 ὁπλίτας
523 1084 744 1140 Φραγκους
764 1103 774 1114 ·
852 1089 897 1130 ἐν
924 1089 971 1130 δὲ
1001 1092 1094 1138 ταῖς
1121 1092 1285 1138 λοιπαῖς
1311 1089 1460 1132 ναυσίν
1486 1089 1675 1146 ὑπῆρχον
1701 1089 1770 1133 τό·

322 1165 390 1193 σοι
418 1149 611 1204 ἐπιβάται
646 1155 823 1208 Τοῦρκοι
866 1149 964 1195 ὅσον
1006 1153 1217 1197 ὁπλιτικὸν
1246 1154 1452 1211 Φράγκων
1486 1153 1641 1211 ἑκάστη
1679 1157 1768 1198 ἐκέ-

322 1232 455 1271 κτητο.
485 1214 506 1257 ὅ
538 1218 584 1260 δὲ
605 1213 829 1274 Ἀὸοῦρνος
857 1215 909 1274 ἦν
946 1217 1172 1275 φυλάττων
1196 1220 1295 1269 τούς
1327 1218 1477 1278 ὅρκους
1509 1224 1645 1264 αὐτοῦ
1670 1220 1765 1264 οἶκε·
1783 1230 1830 1273 15

322 1281 453 1335 ραίως
480 1277 582 1323 ἄνευ
613 1283 738 1324 δόλου
767 1285 892 1332 τινός.
966 1287 1011 1326 ἐν
1038 1286 1085 1327 δὲ
1116 1287 1174 1344 τῷ
1200 1287 1315 1344 μέσῳ
1340 1287 1413 1328 τοῦ
1439 1283 1765 1342 πορθμοῧᾶνα-

282 1345 421 1396 (ἱστὰς
449 1347 471 1388 ὁ
489 1347 719 1402 Ἀδοῦρνος
746 1351 818 1391 καί
839 1349 939 1404 γόνυ
965 1353 1106 1400 κλίνας
1129 1349 1269 1394 ἔναντι
1293 1354 1369 1393 τοῦ
1385 1351 1557 1409 Μωρὰτ
1581 1348 1766 1410 ᾐτήσατο

318 1411 364 1453 τό
406 1409 678 1468 ὀφειλόμενον
706 1416 831 1468 χρέος
865 1416 941 1456 τοῦ
963 1416 1174 1468 μετάλλου
1210 1418 1281 1471 τῆς
1311 1419 1578 1473 στυπτηρίας.
1643 1417 1717 1460 καὶ
1742 1416 1764 1461 ὅ

321 1478 494 1533 Μωράτ
521 1475 800 1532 ἀγαλλόμενος
829 1479 1097 1536 ἐδωρήσατο,
1129 1484 1203 1524 καί
1226 1480 1429 1535 ἐβάπτετο
1453 1483 1640 1536 κάλαμος
1665 1484 1764 1535 ἐξαε·

317 1542 476 1599 λείφων
507 1547 693 1586 παλαιοῦ
717 1547 840 1600 χρέος
870 1545 1063 1589 ἀπότισιν
1083 1564 1095 1575 ·
1155 1547 1200 1588 τὸ
1236 1549 1282 1590 δὲ
1311 1548 1438 1604 χρέος
1467 1544 1520 1604 ἦν
1549 1548 1606 1599 ὥς
1631 1549 1762 1592 εἴκοσι
1774 1569 1827 1598 20

316 1604 421 1650 ἑπτὰ
450 1609 650 1662 χιλιάδας
689 1612 957 1664 νομισμάτων
999 1612 1303 1668 ἀπαρίθμησιν.
1363 1610 1384 1654 ὅ
1415 1615 1462 1655 δὲ
1489 1616 1762 1671 Μουσταφᾶς

316 1674 377 1721 εἰς
403 1672 451 1715 τὰ
493 1675 627 1729 πέραν
664 1673 815 1725 ἑστώς,
864 1675 936 1718 καὶ
976 1679 1148 1733 θεωρῶν
1175 1677 1250 1727 τὰς
1278 1680 1381 1727 ναῦς
1410 1677 1467 1728 αἷς
1494 1682 1687 1734 πολίχνια
1716 1682 1761 1722 ἐν

314 1740 428 1796 μέσῳ
457 1738 660 1793 πελάγους
686 1738 713 1795 ἢ
744 1741 800 1790 ὥς
829 1740 978 1797 νήσους
997 1774 1010 1796 ,
1038 1742 1305 1797 ἐτιτρώσκετο
1331 1746 1381 1800 τῇ
1409 1747 1555 1802 ψυχῇ·
1595 1741 1647 1800 ἦν
1675 1744 1757 1801 γὰρ

314 1799 453 1853 εὔδιος
479 1805 505 1859 ἦ
535 1802 671 1863 ἡμέρα
699 1806 846 1862 ἐκείνη.
903 1807 975 1850 καί
1005 1809 1079 1850 οὐκ
1108 1807 1216 1862 ἔχων
1245 1807 1292 1851 τί
1319 1810 1499 1863 δρᾶσαι,
1528 1811 1684 1853 στέλλει
1714 1809 1759 1853 ἓν

313 1972 472 2006 Morates
515 1973 553 2006 in
591 1972 726 2006 littore.
746 1974 922 2018 Vappulsis
948 1986 1028 2019 ergo
1052 1981 1188 2020 septem
1223 1978 1359 2021 magnis
1384 1976 1554 2018 navibus,
1580 1978 1759 2023 amplissi-

312 2030 406 2051 mam
434 2025 471 2052 et
491 2020 833 2064 praestantissimam
858 2022 1014 2055 Morates
1046 2022 1265 2056 conscendit.
1314 2023 1498 2064 Adurnus,
1523 2029 1563 2058 ut
1585 2024 1755 2067 decebat,

313 2067 485 2098 maximos
516 2066 670 2099 honores
703 2067 835 2101 Morati
870 2068 1022 2111 detulit3
1061 2070 1125 2114 qui
1162 2070 1318 2103 vicissim
1352 2070 1536 2104 Adurnum
1560 2071 1756 2106 honorifice

313 2111 453 2145 habuit.
488 2113 729 2146 consederunt
751 2116 980 2159 postmodum
1018 2121 1054 2148 et
1077 2117 1172 2149 inter
1197 2128 1234 2150 se
1258 2117 1428 2150 collocuti
1456 2123 1547 2151 sunt.
1576 2125 1756 2152 verumta-

313 2170 394 2190 men
423 2160 549 2192 anxius
576 2165 652 2192 erat
666 2161 846 2202 Montes,
871 2162 1161 2207 formidabatque
1185 2174 1230 2196 ne
1257 2164 1383 2196 Franci
1407 2170 1527 2208 spreto
1552 2164 1755 2198 iureiuran-

314 2204 359 2237 do
389 2205 502 2249 ipsum
529 2206 743 2250 Mustaphae
777 2208 961 2242 traderent
996 2208 1247 2255 thesaurisque
1272 2210 1476 2253 ingentibus
1502 2211 1656 2256 acceptis
1679 2211 1753 2246 dis-

313 2251 493 2285 cederent.
518 2252 584 2285 hae
617 2253 661 2285 de
688 2266 796 2287 causa
819 2256 974 2289 Morates
999 2256 1036 2289 in
1059 2267 1168 2297 nave,
1193 2266 1264 2301 qua
1287 2256 1486 2290 vehebatur
1501 2282 1509 2297 ‚
1534 2267 1654 2291 secum
1686 2257 1752 2292 ha-

313 2297 394 2330 buit
419 2309 524 2342 supra
560 2300 774 2344 quingentos
815 2313 933 2335 servos
976 2302 1190 2336 domesticos
1214 2308 1377 2336 armatos.
1439 2302 1606 2337 Adurnus
1633 2304 1751 2339 eidem

313 2355 418 2388 supra
444 2345 667 2389 octingentos
693 2348 798 2381 armis
820 2349 1010 2382 instructos
1021 2349 1186 2390 Francos,
1210 2360 1343 2394 eosque
1367 2354 1542 2390 suenum,
1568 2351 1752 2396 imposue-

313 2395 377 2422 rat.
416 2391 454 2424 in
486 2392 687 2437 ceterisque
724 2395 874 2428 navibus
910 2401 964 2429 tot
1002 2401 1161 2430 vectores
1198 2395 1306 2428 Turci
1339 2401 1429 2440 quot
1459 2397 1585 2429 armati
1622 2398 1750 2432 Franci

312 2442 424 2469 erant.
472 2438 637 2471 Adurnus
663 2446 783 2474 autem
808 2441 903 2474 bona
930 2442 1000 2475 fide
1028 2448 1064 2476 et
1086 2443 1163 2476 sine
1189 2442 1315 2475 fraude
1336 2442 1549 2476 inviolatum
1568 2443 1750 2478 iusiuran-

312 2483 396 2515 dum
426 2483 649 2519 observabat.
683 2499 762 2520 cum
787 2494 906 2521 autem
946 2490 983 2522 in
1008 2488 1127 2522 medio
1151 2489 1244 2522 freto
1270 2493 1427 2530 starent,
1453 2491 1608 2524 surrexit
1631 2490 1751 2526 Adur-

310 2541 378 2562 nus
406 2531 629 2576 genibusque
657 2533 757 2567 flexis
787 2535 961 2568 Moratem
990 2541 1047 2577 ut,
1073 2535 1172 2581 quod
1195 2535 1347 2580 vectigal
1373 2535 1531 2570 debebat
1554 2537 1747 2580 aluminis,

312 2575 464 2609 donaret
495 2577 565 2611 sibi
590 2585 710 2622 rogat3
744 2580 782 2613 id
805 2582 904 2626 quod
930 2583 1086 2616 Morates
1111 2582 1266 2626 benigne
1290 2582 1530 2627 lubenter-que
1559 2584 1747 2618 concessit.

309 2627 386 2655 tum
409 2625 539 2657 veteris
562 2623 699 2666 debiti,
726 2627 820 2671 quod
858 2630 1110 2662 numismatum
1133 2629 1257 2673 viginti
1286 2634 1421 2674 septem
1450 2629 1526 2663 fere
1548 2630 1663 2663 millia
1687 2641 1750 2664 ae·-

311 2669 466 2713 quabat‚
503 2670 628 2704 tabula
669 2673 805 2706 calamo
829 2675 975 2708 inducta
1004 2681 1067 2709 est.
1115 2675 1321 2720 Mustaphas
1348 2676 1490 2716 interim
1516 2677 1554 2709 in
1581 2678 1748 2721 opposito

310 2715 433 2749 littore
458 2718 662 2761 considere3
689 2725 726 2753 et
753 2723 978 2766 conspicatus
1005 2733 1123 2763 naves,
1149 2734 1312 2755 serenum
1335 2723 1471 2768 quippe
1498 2728 1583 2756 tunc
1606 2724 1745 2758 coelum

311 2768 409 2805 erat,
434 2765 588 2799 castellis
615 2766 653 2800 in
672 2767 792 2801 medio
816 2770 907 2802 mari
929 2770 1100 2804 insulisve
1129 2769 1283 2813 similes,
1310 2770 1430 2804 animo
1454 2769 1627 2816 percelli3
1653 2781 1745 2817 quo-
