1904 3198
331 151 404 203 26
629 175 634 180 ·
667 164 850 207 DUCAE
870 162 1171 210 meminis
1206 161 1430 204 ,morus

325 271 408 311 τῶν
435 267 955 323 παρανομιῶνγενόμενοι.
1011 260 1170 313 εὐθέως
1200 259 1277 306 οὖν
1308 260 1565 318 παραλαβών
1606 257 1659 312 ἃς
1673 257 1759 319 εἶχε

326 333 527 387 δυνάμεις
539 331 755 391 Θρᾳκικὰς
781 334 854 374 καί
878 330 974 379 τούς
994 331 1039 371 ἐκ
1066 331 1142 384 τῆς
1170 330 1328 377 πόλεως
1364 324 1634 380 αὐτομόλους
1651 325 1762 384 nafis

330 399 487 454 κράλην
537 399 716 453 Σερβίας
760 396 1052 451 παραγίνεται,
1094 396 1167 436 καί
1211 392 1285 449 τὴν
1325 390 1498 436 ἅπασαν
1519 390 1571 448 ἢν
1609 392 1761 447 ἅδιβιῳς

323 463 477 519 ὑπέστη
500 466 650 519 ζημίαν
674 462 747 505 καί
773 457 930 511 ὄνειδος
955 462 1027 502 καί
1057 458 1131 516 τήν
1154 461 1200 502 ἐκ
1227 461 1462 514 τοῦγένους
1489 459 1572 506 τῶν
1600 458 1762 509 οἰκείων

324 529 495 587 φθορὰν
523 527 685 573 ἅπαντα
715 529 1000 581 καταγγείλας.
1032 521 1084 580 ἦν
1114 523 1192 580 γὰρ
1234 527 1466 578 εὐδοκιμῶν
1494 524 1515 567 ὃ
1545 522 1799 580 ,Στέφανος-5

322 597 382 652 τῷ
408 595 497 638 τότε
524 595 667 652 καιρῷ·
691 591 798 635 οὕτω
813 591 892 648 γὰρ
913 586 964 647 ἦν
979 594 1035 648 τῷ
1050 591 1180 648 κράλῃ
1202 587 1347 644 ὄνομα.
1371 593 1443 633 καί
1462 589 1542 645 γὰρ
1565 589 1623 643 ὥς
1649 587 1762 642 ἔθος,

321 661 366 704 τὸ
394 663 571 715 ὀγκῶδες
598 662 672 702 καί
696 659 807 714 βαρὺ
826 658 1080 701 tanetum-‘5221
1099 656 1143 700 τὸ
1162 658 1318 714 κοῦφον
1329 657 1402 698 καί
1416 653 1562 698 λεπτὸν
1578 649 1761 707 εἰς,ὖ’ψος

217 735 254 769 Ρ.
271 746 310 770 η
324 727 503 782 αἴρεται.
526 725 570 768 αἱ
589 725 668 781 γὰρ
685 724 911 777 δυστυχίαι
925 721 1229 776 τῶνῬωμαίων
1243 720 1367 764 ualui
1385 721 1669 776 καθημεριναί
1682 719 1760 775 ῥλ-

321 790 574 847 λεπάλληλαι
591 787 857 846 ταραχαίκαί
867 787 904 830 οἱ
917 787 1113 844 ἐμφύλιοι
1129 786 1304 841 πόλεμοι
1316 786 1412 837 τούς
1431 783 1675 843 βαρβάρους
1692 783 1764 829 καὶ

322 859 543 912 ἀγελαίους
559 855 842 911 ὗπερὲχοντας
863 855 1005 896 αὐτῶν
1028 854 1316 909 πεποιήκασιν.
1338 849 1438 896 ὅθεν
1453 852 1476 895 ὅ
1495 853 1578 895 τῶν
1591 854 1763 907 Σέρβων
1779 867 1827 894 ιο

321 921 507 978 ἀρχηγὸς
530 919 756 976 ἐτόλμησεν
783 917 1079 962 ἅναδύσασθαι
1113 919 1262 974 κράτος
1289 920 1362 959 καί
1386 916 1540 974 κράλης
1566 914 1762 971 ὀνομάζε-

320 991 437 1030 σθαι·
466 989 593 1029 τοῦτο
621 984 701 1041 γὰρ
727 985 773 1028 τὸ
789 986 1001 1040 βάρβαρον
1027 980 1157 1038 ὄνομα
1187 981 1538 1039 ἑξελληνιζόμενον
1564 980 1764 1038 βασιλευς

319 1051 610 1108 ἑρμηνεύεται.
635 1051 876 1100 ἐνωτισθείς
908 1046 981 1093 οὖν
1004 1053 1085 1093 τῶν
1107 1048 1304 1106 ῥημάτων
1329 1050 1677 1104 Καντακουζηνοῦ
1693 1045 1767 1090 καὶ

320 1116 479 1173 πλήρης
502 1115 648 1172 ἡδονῆς
661 1117 835 1172 γεγονώς
852 1119 1051 1158 συνέθετο
1074 1118 1153 1158 τοῦ
1178 1118 1326 1157 δοῦναι
1340 1116 1448 1170 αὐτῷ
1463 1111 1666 1169 βοήθειαν
1693 1111 1767 1156 καί

319 1182 487 1238 ἄρωγην
507 1182 613 1237 πρὸς
640 1180 968 1236 ἀντιπαράταξιν
992 1180 1310 1234 τῶνῬωμαίων·
1333 1178 1354 1221 ὃ
1375 1182 1448 1222 καί
1471 1181 1703 1235 πεποίηκεν.
1725 1176 1762 1220 οἱ
1780 1180 1830 1222 15

322 1250 369 1290 δὲ
387 1249 460 1302 τῆς
482 1245 641 1295 πόλεως
666 1246 869 1300 μαθόντες
879 1246 954 1302 τὴν
982 1249 1239 1290 α’ποστασιῖαν
1258 1247 1609 1300 Καντακουζηνοῦ
1620 1246 1692 1286 καί
1711 1243 1763 1298 τοὶ

318 1313 552 1368 παράσημα
574 1314 648 1367 τῆς
660 1314 876 1366 βασιλείας
888 1313 1117 1355 ἐνδυ-θέντα
1131 1313 1205 1354 καί
1229 1309 1344 1366 παρα
1363 1313 1490 1352 πᾶσιν
1513 1310 1574 1359 ὥς
1583 1311 1762 1364 βασιλέα

280 1386 307 1418 Β
321 1375 680 1432 ἀναγορευόμενον
693 1372 778 1425 τοῖς
793 1379 837 1420 ἐν
848 1384 932 1427 τοῖς
949 1377 1162 1436 Θρᾳκιροις
1170 1379 1342 1433 μέρεσιν
1356 1377 1538 1419 οἰκοῦσιν
1554 1370 1679 1430 ἄχρις
1686 1377 1765 1419 uv'-

316 1446 391 1498 τῆς
411 1442 687 1499 Σηλυμβρίας,
701 1445 996 1485 κατωδυνῶντο
1025 1441 1102 1498 τήν
1124 1442 1286 1498 ψυχήν,
1318 1442 1391 1484 καί
1417 1439 1590 1496 πλήρεις
1609 1438 1765 1493 δειλίας

315 1512 389 1552 καί
396 1509 529 1566 φόβου
547 1511 760 1564 γενόμενοι
774 1511 1012 1562 συνείχοντο
1028 1511 1355 1562 κοινολογοῦντες
1374 1506 1396 1549 o‘
1409 1507 1552 1558 καθεὶς
1565 1505 1669 1561 πρὸς
1691 1505 1763 1550 τὸν
1775 1521 1830 1548 ao

316 1576 480 1629 γείτονα
499 1607 527 1628 „
539 1577 586 1616 τί
606 1570 690 1630 ἄρα
709 1573 829 1616 ἔσται
859 1573 906 1616 τὸ
936 1573 1264 1630 οἷποβησόμενονς
1285 1577 1332 1617 τί
1346 1575 1392 1616 δὲ
1412 1573 1438 1629 ἦ
1455 1573 1554 1630 πρὸς
1576 1571 1628 1616 τοὶ
1655 1571 1762 1617 κακά

317 1638 505 1694 ῥέπουσα
525 1639 634 1696 τύχη
661 1646 744 1689 τοῖς
757 1641 979 1693 Ῥωμαίοις
1000 1639 1177 1682 ἔκλωσεν
1189 1657 1203 1693 ‚·
1215 1643 1237 1659 '’

319 1801 574 1842 imitabantur,
603 1802 771 1835 damnati.
802 1804 922 1836 statim
958 1803 1082 1847 itaque
1107 1803 1267 1835 collectis
1295 1803 1406 1847 copiis
1431 1802 1614 1835 Thracicis
1642 1802 1766 1834 simul-

320 1859 391 1892 que
416 1848 461 1880 ab
498 1848 586 1881 urbe
623 1850 835 1893 transfugis,
871 1850 915 1882 ad
941 1849 1083 1882 Serviae
1119 1849 1249 1882 cralem
1272 1850 1410 1894 pergit,
1445 1848 1588 1903 sibique
1627 1848 1765 1882 illatam

318 1900 462 1939 praeter
500 1905 605 1927 omne
640 1896 695 1928 ius
731 1902 768 1928 et
793 1896 845 1929 fas
870 1896 1124 1929 coutumeliam
1153 1896 1187 1928 ei
1211 1895 1256 1928 ab
1281 1896 1387 1929 initio
1412 1901 1579 1941 exponit,
1603 1905 1765 1928 suorum-

318 1951 390 1985 que
408 1939 565 1973 affinium
594 1941 750 1974 caedem.
779 1942 836 1975 his
863 1943 996 1975 etenim
1019 1941 1241 1986 temporibus
1254 1941 1456 1988 Stephanus
1481 1942 1565 1988 (hoc
1577 1942 1673 1975 enim
1687 1947 1765 1975 erat

317 1988 435 2020 cralae
449 1988 596 2034 nomen)
621 1988 815 2021 admodum
843 1989 993 2022 illustris
1019 1995 1055 2021 et
1067 1995 1196 2034 potens
1225 1994 1317 2023 erat:
1345 1989 1395 2023 sic
1418 2000 1573 2034 namque
1601 1988 1764 2024 accidere

317 2035 422 2075 solet,
450 2040 491 2068 ut
506 2035 716 2079 corporibus
731 2036 844 2069 multa
857 2037 952 2069 mole
967 2035 1240 2080 adsurgentibus
1254 2036 1442 2081 multoque
1467 2035 1649 2080 gravitatis
1672 2046 1765 2080 pon-

317 2080 403 2113 dere
439 2080 615 2126 depressis
650 2094 690 2115 ae
727 2082 921 2123 demersis,
959 2094 1052 2127 quae
1075 2082 1167 2115 levia
1206 2088 1243 2116 et
1266 2083 1391 2116 tenuia
1414 2089 1518 2124 sunt,
1542 2083 1582 2116 in
1607 2081 1764 2116 sublime

316 2127 488 2160 ferantur.
538 2129 773 2162 Romaeorum
788 2135 883 2162 certe
907 2129 1105 2162 infortunia
1131 2134 1166 2162 et
1190 2129 1395 2173 quotidiani
1422 2140 1532 2174 seque
1557 2129 1648 2162 serie
1677 2139 1764 2161 con·
1803 2142 1807 2153 ι

316 2174 419 2207 tinua
447 2174 665 2218 excipientes
694 2177 869 2209 tumultus
904 2176 1027 2209 bellici
1055 2181 1164 2220 atque
1188 2176 1381 2209 intestinae
1409 2175 1605 2211 seditiones
1630 2174 1763 2208 harba-

319 2232 440 2253 rorum
466 2221 656 2254 colluviem
680 2224 902 2267 superiorem
930 2223 1017 2268 ipsis
1043 2222 1294 2267 potioremque
1307 2221 1548 2254 reddiderant.
1571 2221 1668 2254 unde
1679 2221 1762 2255 Ser-

317 2268 456 2301 viorum
470 2268 625 2312 principi
638 2269 787 2302 audacia
800 2276 885 2303 nata
898 2270 990 2303 vires
1005 2268 1216 2314 acquirendi
1236 2274 1274 2304 et
1287 2269 1403 2302 cralae
1415 2279 1546 2301 nomen
1569 2268 1762 2302 adsumen-

318 2314 376 2356 di3
402 2325 495 2358 quae
520 2314 671 2347 barbara
696 2317 893 2360 appellatio
908 2317 1043 2350 Graece
1067 2314 1208 2348 reddita
1231 2316 1386 2359 βασιλέα
1410 2314 1464 2360 (id
1489 2321 1543 2348 est
1565 2315 1762 2360 imperato—

317 2361 407 2407 rem)
433 2360 606 2405 designat.
632 2373 711 2394 cum
737 2363 897 2397 audisset
921 2374 1002 2408 ergo
1028 2362 1265 2399 Cantacuzeni
1289 2361 1473 2407 querelas,
1497 2362 1638 2395 laetitia
1664 2373 1762 2395 com-

342 2408 436 2441 letus
453 2408 636 2452 suppetias
651 2409 684 2440 ei
710 2410 941 2450 soluturum,
969 2415 1009 2443 ut
1031 2409 1194 2442 Romaeis
1221 2409 1375 2449 resistat,
1402 2409 1614 2453 pollicetur,
1644 2414 1680 2443 et
1701 2414 1761 2442 tu-

315 2420 372 2489 iit.
397 2459 434 2486 at
459 2455 690 2498 Byzantinos,
716 2455 780 2489 ubi
805 2458 974 2489 certiores
998 2456 1083 2489 facti
1111 2461 1194 2488 sunt
1218 2455 1263 2488 (le
1283 2455 1521 2488 Cantacuzeni
1545 2455 1763 2496 defectione,

317 2502 509 2546 ipsumque
536 2501 678 2546 imperii
702 2502 856 2547 insignia
879 2502 1061 2544 induisse,
1090 2507 1126 2535 et
1149 2501 1194 2534 ab
1214 2501 1379 2534 omnibus
1407 2502 1471 2546 qui
1491 2501 1681 2535 Thraciam
1705 2507 1761 2535 te-

316 2547 456 2581 nebant
483 2547 718 2591 Selymbriam
739 2561 853 2594 usque
871 2550 1127 2594 proclamatum
1150 2549 1402 2593 imperatorem
1430 2554 1468 2582 et
1493 2549 1652 2593 agnitum
1666 2573 1677 2590 ,
1698 2545 1760 2582 νό-

318 2594 467 2627 liemens
494 2595 604 2628 animi
625 2595 728 2628 dolor
753 2596 903 2638 invasit3
928 2603 1085 2642 tuncque
1108 2595 1263 2641 perculsi
1287 2601 1384 2628 metu
1411 2607 1451 2628 ac
1465 2601 1600 2629 terrore
1625 2606 1760 2635 omnes,

320 2647 514 2674 conventus
543 2647 580 2675 et
606 2642 787 2687 colloquia
816 2643 1006 2687 agitando,
1033 2643 1205 2677 disserere
1233 2642 1328 2675 inter
1354 2653 1392 2675 se
1415 2643 1526 2676 vicini
1552 2642 1597 2676 de
1621 2642 1758 2675 incerto

320 2688 585 2723 imminentium
624 2689 720 2721 exitu
735 2715 744 2729 ,
777 2690 814 2722 in
851 2701 1000 2733 quamve
1024 2695 1160 2738 partem
1195 2689 1339 2725 fortuna
1362 2700 1492 2735 anceps
1517 2688 1680 2726 Romaeis
1703 2692 1760 2725 tot

321 2735 588 2771 calamitatibus
615 2736 755 2772 afflictis
784 2736 984 2771 inclinaret.
