<?xml version="1.0" encoding="UTF-8"?>
<!DOCTYPE html PUBLIC "-//W3C//DTD XHTML 1.0 Transitional//EN"
    "http://www.w3.org/TR/xhtml1/DTD/xhtml1-transitional.dtd">
<html xmlns="http://www.w3.org/1999/xhtml" xml:lang="en" lang="en">
 <head>
  <title>
</title>
<meta http-equiv="Content-Type" content="text/html;charset=utf-8" />
  <meta name='ocr-system' content='tesseract 3.04.00' />
  <meta name='ocr-capabilities' content='ocr_page ocr_carea ocr_par ocr_line ocrx_word'/>
</head>
<body>
  <div class='ocr_page' id='page_1' title='image "./corpusscriptorum11niebuoft_0372.png"; bbox 0 0 1916 3210; ppageno 0'>
   <div class='ocr_carea' id='block_1_1' title="bbox 377 214 1329 283">
    <p class='ocr_par' dir='ltr' id='par_1_1' title="bbox 377 214 1329 283">
     <span class='ocr_line' id='line_1_1' title="bbox 377 214 1329 283; baseline 0.001 -12"><span class='ocrx_word' id='word_1_1' title='bbox 377 214 490 283; x_wconf 69' lang='grc'>354</span> <span class='ocrx_word' id='word_1_2' title='bbox 854 228 1037 270; x_wconf 62' lang='lat' dir='ltr'>nucu:</span> <span class='ocrx_word' id='word_1_3' title='bbox 1073 228 1329 272; x_wconf 69' lang='lat' dir='ltr'>msmmA</span> 
     </span>
    </p>
   </div>
   <div class='ocr_carea' id='block_1_2' title="bbox 316 330 1818 2854">
    <p class='ocr_par' dir='ltr' id='par_1_2' title="bbox 316 330 1818 2854">
     <span class='ocr_line' id='line_1_2' title="bbox 374 330 1818 386; baseline -0.003 -10"><span class='ocrx_word' id='word_1_4' title='bbox 374 349 420 376; x_wconf 85' lang='lat' dir='ltr'>ca</span> <span class='ocrx_word' id='word_1_5' title='bbox 450 335 478 375; x_wconf 87' lang='lat' dir='ltr'>li</span> <span class='ocrx_word' id='word_1_6' title='bbox 512 342 613 377; x_wconf 78' lang='lat' dir='ltr'><strong>stese</strong></span> <span class='ocrx_word' id='word_1_7' title='bbox 651 333 686 372; x_wconf 86' lang='lat' dir='ltr'>el</span> <span class='ocrx_word' id='word_1_8' title='bbox 716 331 859 386; x_wconf 85' lang='lat' dir='ltr'>picde‚</span> <span class='ocrx_word' id='word_1_9' title='bbox 903 331 1000 370; x_wconf 83' lang='lat' dir='ltr'><strong>che&#39;l</strong></span> <span class='ocrx_word' id='word_1_10' title='bbox 1027 330 1191 384; x_wconf 81' lang='lat' dir='ltr'><strong>podesse</strong></span> <span class='ocrx_word' id='word_1_11' title='bbox 1226 332 1375 372; x_wconf 85' lang='lat' dir='ltr'>baxare</span> <span class='ocrx_word' id='word_1_12' title='bbox 1403 332 1575 373; x_wconf 86' lang='lat' dir='ltr'>secondo</span> <span class='ocrx_word' id='word_1_13' title='bbox 1605 332 1642 373; x_wconf 86' lang='lat' dir='ltr'>la</span> <span class='ocrx_word' id='word_1_14' title='bbox 1673 345 1818 373; x_wconf 74' lang='lat' dir='ltr'>usanza</span> 
     </span>
     <span class='ocr_line' id='line_1_3' title="bbox 373 385 1815 442; baseline -0.003 -11"><span class='ocrx_word' id='word_1_15' title='bbox 373 390 441 431; x_wconf 84' lang='lat' dir='ltr'>del</span> <span class='ocrx_word' id='word_1_16' title='bbox 469 405 542 431; x_wconf 90' lang='lat' dir='ltr'>suo</span> <span class='ocrx_word' id='word_1_17' title='bbox 583 390 764 441; x_wconf 79' lang='lat' dir='ltr'>imperio.</span> <span class='ocrx_word' id='word_1_18' title='bbox 832 385 953 424; x_wconf 86' lang='lat' dir='ltr'><strong>Milos</strong></span> <span class='ocrx_word' id='word_1_19' title='bbox 997 386 1256 439; x_wconf 80' lang='lat' dir='ltr'>resguardato</span> <span class='ocrx_word' id='word_1_20' title='bbox 1304 387 1497 442; x_wconf 80' lang='lat' dir='ltr'>alquanto</span> <span class='ocrx_word' id='word_1_21' title='bbox 1543 387 1580 427; x_wconf 89' lang='lat' dir='ltr'>el</span> <span class='ocrx_word' id='word_1_22' title='bbox 1609 386 1720 428; x_wconf 87' lang='lat' dir='ltr'><strong>volto</strong></span> <span class='ocrx_word' id='word_1_23' title='bbox 1750 387 1815 427; x_wconf 84' lang='lat' dir='ltr'>del</span> 
     </span>
     <span class='ocr_line' id='line_1_4' title="bbox 372 440 1817 500; baseline -0.003 -15"><span class='ocrx_word' id='word_1_24' title='bbox 372 454 533 500; x_wconf 79' lang='lat' dir='ltr'>tyrano,</span> <span class='ocrx_word' id='word_1_25' title='bbox 565 457 699 484; x_wconf 89' lang='lat' dir='ltr'>acceso</span> <span class='ocrx_word' id='word_1_26' title='bbox 718 442 863 490; x_wconf 86' lang='lat' dir='ltr'>deira,</span> <span class='ocrx_word' id='word_1_27' title='bbox 891 440 986 480; x_wconf 86' lang='lat' dir='ltr'>odio</span> <span class='ocrx_word' id='word_1_28' title='bbox 1014 448 1052 479; x_wconf 87' lang='lat' dir='ltr'>et</span> <span class='ocrx_word' id='word_1_29' title='bbox 1069 441 1232 495; x_wconf 82' lang='lat' dir='ltr'>sdegno,</span> <span class='ocrx_word' id='word_1_30' title='bbox 1262 456 1336 481; x_wconf 91' lang='lat' dir='ltr'>con</span> <span class='ocrx_word' id='word_1_31' title='bbox 1366 444 1520 498; x_wconf 80' lang='lat' dir='ltr'>grande</span> <span class='ocrx_word' id='word_1_32' title='bbox 1547 446 1696 496; x_wconf 79' lang='lat' dir='ltr'>impeto</span> <span class='ocrx_word' id='word_1_33' title='bbox 1721 456 1817 496; x_wconf 77' lang='lat' dir='ltr'><strong>pre-</strong></span> 
     </span>
     <span class='ocr_line' id='line_1_5' title="bbox 374 495 1816 551; baseline -0.003 -10"><span class='ocrx_word' id='word_1_34' title='bbox 374 515 418 540; x_wconf 82' lang='lat' dir='ltr'>se</span> <span class='ocrx_word' id='word_1_35' title='bbox 446 501 487 540; x_wconf 88' lang='lat' dir='ltr'>lu</span> <span class='ocrx_word' id='word_1_36' title='bbox 517 515 539 540; x_wconf 88' lang='lat' dir='ltr'>a</span> <span class='ocrx_word' id='word_1_37' title='bbox 558 500 614 539; x_wconf 91' lang='lat' dir='ltr'>lui</span> <span class='ocrx_word' id='word_1_38' title='bbox 636 495 922 549; x_wconf 55' lang='lat' dir='ltr'><strong>exteso‘pede,</strong></span> <span class='ocrx_word' id='word_1_39' title='bbox 949 503 988 534; x_wconf 87' lang='lat' dir='ltr'>et</span> <span class='ocrx_word' id='word_1_40' title='bbox 1006 509 1080 534; x_wconf 88' lang='lat' dir='ltr'>con</span> <span class='ocrx_word' id='word_1_41' title='bbox 1107 495 1229 536; x_wconf 77' lang='lat' dir='ltr'>molta</span> <span class='ocrx_word' id='word_1_42' title='bbox 1263 497 1371 538; x_wconf 87' lang='lat' dir='ltr'>sorza</span> <span class='ocrx_word' id='word_1_43' title='bbox 1400 498 1535 551; x_wconf 87' lang='lat' dir='ltr'><strong>quello</strong></span> <span class='ocrx_word' id='word_1_44' title='bbox 1561 497 1726 538; x_wconf 83' lang='lat' dir='ltr'>tirando</span> <span class='ocrx_word' id='word_1_45' title='bbox 1751 496 1816 537; x_wconf 80' lang='lat' dir='ltr'>col</span> 
     </span>
     <span class='ocr_line' id='line_1_6' title="bbox 374 551 1816 609; baseline -0.003 -14"><span class='ocrx_word' id='word_1_46' title='bbox 374 570 476 609; x_wconf 84' lang='lat' dir='ltr'>capo</span> <span class='ocrx_word' id='word_1_47' title='bbox 508 555 547 594; x_wconf 87' lang='lat' dir='ltr'>in</span> <span class='ocrx_word' id='word_1_48' title='bbox 588 562 700 593; x_wconf 82' lang='lat' dir='ltr'>terra</span> <span class='ocrx_word' id='word_1_49' title='bbox 739 551 775 589; x_wconf 87' lang='lat' dir='ltr'>el</span> <span class='ocrx_word' id='word_1_50' title='bbox 806 551 890 590; x_wconf 84' lang='lat' dir='ltr'><strong>fece</strong></span> <span class='ocrx_word' id='word_1_51' title='bbox 928 551 1181 590; x_wconf 81' lang='lat' dir='ltr'>trahoccare.</span> <span class='ocrx_word' id='word_1_52' title='bbox 1238 552 1294 591; x_wconf 85' lang='lat' dir='ltr'>Et</span> <span class='ocrx_word' id='word_1_53' title='bbox 1319 554 1617 592; x_wconf 72' lang='lat' dir='ltr'>subbitamente</span> <span class='ocrx_word' id='word_1_54' title='bbox 1642 551 1816 592; x_wconf 76' lang='lat' dir='ltr'>snudato</span> 
     </span>
     <span class='ocr_line' id='line_1_7' title="bbox 372 605 1817 662; baseline -0.002 -13"><span class='ocrx_word' id='word_1_55' title='bbox 372 625 456 649; x_wconf 90' lang='lat' dir='ltr'>uno</span> <span class='ocrx_word' id='word_1_56' title='bbox 479 611 558 649; x_wconf 85' lang='lat' dir='ltr'>ben</span> <span class='ocrx_word' id='word_1_57' title='bbox 594 607 743 647; x_wconf 79' lang='lat' dir='ltr'>forbito</span> <span class='ocrx_word' id='word_1_58' title='bbox 783 612 823 644; x_wconf 88' lang='lat' dir='ltr'>et</span> <span class='ocrx_word' id='word_1_59' title='bbox 851 612 971 644; x_wconf 88' lang='lat' dir='ltr'>acuto</span> <span class='ocrx_word' id='word_1_60' title='bbox 1005 605 1198 659; x_wconf 83' lang='lat' dir='ltr'>pugnale,</span> <span class='ocrx_word' id='word_1_61' title='bbox 1251 607 1325 647; x_wconf 88' lang='lat' dir='ltr'>che</span> <span class='ocrx_word' id='word_1_62' title='bbox 1351 621 1374 648; x_wconf 88' lang='lat' dir='ltr'>a</span> <span class='ocrx_word' id='word_1_63' title='bbox 1400 615 1541 662; x_wconf 83' lang='lat' dir='ltr'><strong>questo</strong></span> <span class='ocrx_word' id='word_1_64' title='bbox 1570 609 1648 648; x_wconf 80' lang='lat' dir='ltr'>fine</span> <span class='ocrx_word' id='word_1_65' title='bbox 1679 620 1817 648; x_wconf 80' lang='lat' dir='ltr'>ascoso</span> 
     </span>
     <span class='ocr_line' id='line_1_8' title="bbox 373 660 1817 718; baseline -0.003 -13"><span class='ocrx_word' id='word_1_66' title='bbox 373 673 540 718; x_wconf 86' lang='lat' dir='ltr'>portava</span> <span class='ocrx_word' id='word_1_67' title='bbox 561 694 572 711; x_wconf 91' lang='lat'>‚</span> <span class='ocrx_word' id='word_1_68' title='bbox 616 662 691 701; x_wconf 61' lang='lat' dir='ltr'>feri</span> <span class='ocrx_word' id='word_1_69' title='bbox 720 661 915 700; x_wconf 81' lang='lat' dir='ltr'>Amorato</span> <span class='ocrx_word' id='word_1_70' title='bbox 964 660 1006 699; x_wconf 89' lang='lat' dir='ltr'>in</span> <span class='ocrx_word' id='word_1_71' title='bbox 1039 674 1147 700; x_wconf 87' lang='lat' dir='ltr'><strong>mezo</strong></span> <span class='ocrx_word' id='word_1_72' title='bbox 1175 661 1213 700; x_wconf 89' lang='lat' dir='ltr'>al</span> <span class='ocrx_word' id='word_1_73' title='bbox 1238 669 1355 715; x_wconf 72' lang='lat' dir='ltr'>pecto</span> <span class='ocrx_word' id='word_1_74' title='bbox 1372 694 1384 714; x_wconf 83' lang='lat'>‚</span> <span class='ocrx_word' id='word_1_75' title='bbox 1412 661 1717 716; x_wconf 74' lang='lat' dir='ltr'>trapessandolo</span> <span class='ocrx_word' id='word_1_76' title='bbox 1744 675 1817 716; x_wconf 82' lang='lat' dir='ltr'>per</span> 
     </span>
     <span class='ocr_line' id='line_1_9' title="bbox 373 714 1816 772; baseline -0.003 -13"><span class='ocrx_word' id='word_1_77' title='bbox 373 734 485 759; x_wconf 86' lang='lat' dir='ltr'><strong>mezo</strong></span> <span class='ocrx_word' id='word_1_78' title='bbox 512 718 549 758; x_wconf 85' lang='lat' dir='ltr'>el</span> <span class='ocrx_word' id='word_1_79' title='bbox 580 731 690 766; x_wconf 83' lang='lat' dir='ltr'>core,</span> <span class='ocrx_word' id='word_1_80' title='bbox 712 729 784 769; x_wconf 85' lang='lat' dir='ltr'>per</span> <span class='ocrx_word' id='word_1_81' title='bbox 801 714 840 755; x_wconf 86' lang='lat' dir='ltr'>la</span> <span class='ocrx_word' id='word_1_82' title='bbox 856 715 951 769; x_wconf 86' lang='lat' dir='ltr'>qual</span> <span class='ocrx_word' id='word_1_83' title='bbox 970 716 1083 755; x_wconf 72' lang='lat' dir='ltr'>fei-ita</span> <span class='ocrx_word' id='word_1_84' title='bbox 1111 716 1147 756; x_wconf 90' lang='lat' dir='ltr'>el</span> <span class='ocrx_word' id='word_1_85' title='bbox 1174 716 1347 756; x_wconf 82' lang='lat' dir='ltr'>barbaro</span> <span class='ocrx_word' id='word_1_86' title='bbox 1374 718 1492 772; x_wconf 87' lang='lat' dir='ltr'>dapoi</span> <span class='ocrx_word' id='word_1_87' title='bbox 1510 721 1551 757; x_wconf 88' lang='lat' dir='ltr'>in</span> <span class='ocrx_word' id='word_1_88' title='bbox 1571 718 1694 759; x_wconf 80' lang='lat' dir='ltr'>breve</span> <span class='ocrx_word' id='word_1_89' title='bbox 1723 731 1816 770; x_wconf 82' lang='lat' dir='ltr'>spa-</span> 
     </span>
     <span class='ocr_line' id='line_1_10' title="bbox 373 769 1815 813; baseline -0.002 0"><span class='ocrx_word' id='word_1_90' title='bbox 373 776 430 813; x_wconf 80' lang='lat' dir='ltr'>tio</span> <span class='ocrx_word' id='word_1_91' title='bbox 453 774 524 813; x_wconf 69' lang='lat' dir='ltr'>fian</span> <span class='ocrx_word' id='word_1_92' title='bbox 553 772 589 811; x_wconf 88' lang='lat' dir='ltr'>la</span> <span class='ocrx_word' id='word_1_93' title='bbox 622 785 693 811; x_wconf 89' lang='lat' dir='ltr'>sua</span> <span class='ocrx_word' id='word_1_94' title='bbox 731 771 827 811; x_wconf 89' lang='lat' dir='ltr'>vita.</span> <span class='ocrx_word' id='word_1_95' title='bbox 883 769 936 809; x_wconf 83' lang='lat' dir='ltr'>El</span> <span class='ocrx_word' id='word_1_96' title='bbox 963 770 1146 810; x_wconf 86' lang='lat' dir='ltr'>valoroso</span> <span class='ocrx_word' id='word_1_97' title='bbox 1182 771 1410 812; x_wconf 74' lang='lat' dir='ltr'>Christiano</span> <span class='ocrx_word' id='word_1_98' title='bbox 1441 773 1646 813; x_wconf 85' lang='lat' dir='ltr'>habiando</span> <span class='ocrx_word' id='word_1_99' title='bbox 1674 771 1713 812; x_wconf 84' lang='lat' dir='ltr'>el</span> <span class='ocrx_word' id='word_1_100' title='bbox 1741 785 1815 811; x_wconf 87' lang='lat' dir='ltr'>suo</span> 
     </span>
     <span class='ocr_line' id='line_1_11' title="bbox 371 825 1818 882; baseline -0.001 -15"><span class='ocrx_word' id='word_1_101' title='bbox 371 836 468 868; x_wconf 83' lang='lat' dir='ltr'>voto</span> <span class='ocrx_word' id='word_1_102' title='bbox 514 829 691 879; x_wconf 80' lang='lat' dir='ltr'>compito</span> <span class='ocrx_word' id='word_1_103' title='bbox 738 833 777 864; x_wconf 88' lang='lat' dir='ltr'>et</span> <span class='ocrx_word' id='word_1_104' title='bbox 817 825 868 864; x_wconf 81' lang='lat' dir='ltr'>de</span> <span class='ocrx_word' id='word_1_105' title='bbox 916 831 1031 865; x_wconf 81' lang='lat' dir='ltr'>tanto</span> <span class='ocrx_word' id='word_1_106' title='bbox 1072 827 1233 865; x_wconf 88' lang='lat' dir='ltr'>inimico</span> <span class='ocrx_word' id='word_1_107' title='bbox 1264 829 1458 880; x_wconf 80' lang='lat' dir='ltr'>aquistata</span> <span class='ocrx_word' id='word_1_108' title='bbox 1489 828 1526 868; x_wconf 89' lang='lat' dir='ltr'>la</span> <span class='ocrx_word' id='word_1_109' title='bbox 1554 825 1724 882; x_wconf 75' lang='lat' dir='ltr'>gloriosa</span> <span class='ocrx_word' id='word_1_110' title='bbox 1753 828 1818 867; x_wconf 81' lang='lat' dir='ltr'>vi-</span> 
     </span>
     <span class='ocr_line' id='line_1_12' title="bbox 371 879 1816 936; baseline -0.001 -14"><span class='ocrx_word' id='word_1_111' title='bbox 371 885 523 932; x_wconf 81' lang='lat' dir='ltr'>ctoria,</span> <span class='ocrx_word' id='word_1_112' title='bbox 565 890 630 922; x_wconf 83' lang='lat' dir='ltr'>tra</span> <span class='ocrx_word' id='word_1_113' title='bbox 668 880 707 920; x_wconf 88' lang='lat' dir='ltr'>la</span> <span class='ocrx_word' id='word_1_114' title='bbox 748 879 921 919; x_wconf 77' lang='lat' dir='ltr'>attonita</span> <span class='ocrx_word' id='word_1_115' title='bbox 950 888 991 920; x_wconf 87' lang='lat' dir='ltr'>et</span> <span class='ocrx_word' id='word_1_116' title='bbox 1027 882 1268 934; x_wconf 85' lang='lat' dir='ltr'>perturbata</span> <span class='ocrx_word' id='word_1_117' title='bbox 1298 890 1430 922; x_wconf 77' lang='lat' dir='ltr'>turma</span> <span class='ocrx_word' id='word_1_118' title='bbox 1461 883 1504 922; x_wconf 87' lang='lat' dir='ltr'>di</span> <span class='ocrx_word' id='word_1_119' title='bbox 1531 883 1679 936; x_wconf 80' lang='lat' dir='ltr'>satrapi</span> <span class='ocrx_word' id='word_1_120' title='bbox 1707 887 1750 922; x_wconf 80' lang='lat' dir='ltr'>et</span> <span class='ocrx_word' id='word_1_121' title='bbox 1774 880 1816 920; x_wconf 87' lang='lat' dir='ltr'>di</span> 
     </span>
     <span class='ocr_line' id='line_1_13' title="bbox 372 936 1817 991; baseline -0.001 -14"><span class='ocrx_word' id='word_1_122' title='bbox 372 938 533 977; x_wconf 83' lang='lat' dir='ltr'>satelliti</span> <span class='ocrx_word' id='word_1_123' title='bbox 575 937 626 976; x_wconf 86' lang='lat' dir='ltr'>de</span> <span class='ocrx_word' id='word_1_124' title='bbox 668 938 868 975; x_wconf 82' lang='lat' dir='ltr'>Amorato</span> <span class='ocrx_word' id='word_1_125' title='bbox 906 950 947 975; x_wconf 85' lang='lat' dir='ltr'>se</span> <span class='ocrx_word' id='word_1_126' title='bbox 975 936 1152 988; x_wconf 82' lang='lat' dir='ltr'>ficeava,</span> <span class='ocrx_word' id='word_1_127' title='bbox 1192 951 1241 976; x_wconf 81' lang='lat'>01·</span> <span class='ocrx_word' id='word_1_128' title='bbox 1270 946 1410 990; x_wconf 74' lang='lat' dir='ltr'><strong>questo</strong></span> <span class='ocrx_word' id='word_1_129' title='bbox 1439 952 1487 977; x_wconf 83' lang='lat' dir='ltr'>or</span> <span class='ocrx_word' id='word_1_130' title='bbox 1518 937 1654 991; x_wconf 87' lang='lat' dir='ltr'><strong>quello</strong></span> <span class='ocrx_word' id='word_1_131' title='bbox 1675 950 1817 990; x_wconf 81' lang='lat' dir='ltr'>perco-</span> 
     </span>
     <span class='ocr_line' id='line_1_14' title="bbox 372 989 1817 1045; baseline -0.001 -13"><span class='ocrx_word' id='word_1_132' title='bbox 372 994 521 1040; x_wconf 82' lang='lat' dir='ltr'>teudo,</span> <span class='ocrx_word' id='word_1_133' title='bbox 553 993 604 1031; x_wconf 84' lang='lat' dir='ltr'>fin</span> <span class='ocrx_word' id='word_1_134' title='bbox 643 991 718 1031; x_wconf 84' lang='lat' dir='ltr'>che</span> <span class='ocrx_word' id='word_1_135' title='bbox 742 1005 948 1044; x_wconf 84' lang='lat' dir='ltr'>pervenne</span> <span class='ocrx_word' id='word_1_136' title='bbox 987 989 1026 1030; x_wconf 88' lang='lat' dir='ltr'>al</span> <span class='ocrx_word' id='word_1_137' title='bbox 1053 1006 1126 1031; x_wconf 92' lang='lat' dir='ltr'>suo</span> <span class='ocrx_word' id='word_1_138' title='bbox 1154 992 1334 1042; x_wconf 87' lang='lat' dir='ltr'>cavallo,</span> <span class='ocrx_word' id='word_1_139' title='bbox 1370 999 1411 1032; x_wconf 74' lang='lat' dir='ltr'>et</span> <span class='ocrx_word' id='word_1_140' title='bbox 1438 993 1617 1032; x_wconf 82' lang='lat' dir='ltr'>siccando</span> <span class='ocrx_word' id='word_1_141' title='bbox 1645 991 1683 1031; x_wconf 85' lang='lat' dir='ltr'>el</span> <span class='ocrx_word' id='word_1_142' title='bbox 1714 990 1817 1045; x_wconf 82' lang='lat' dir='ltr'>pede</span> 
     </span>
     <span class='ocr_line' id='line_1_15' title="bbox 371 1045 1816 1101; baseline 0 -16"><span class='ocrx_word' id='word_1_143' title='bbox 371 1050 412 1086; x_wconf 88' lang='lat' dir='ltr'>in</span> <span class='ocrx_word' id='word_1_144' title='bbox 443 1049 481 1087; x_wconf 90' lang='lat' dir='ltr'>la</span> <span class='ocrx_word' id='word_1_145' title='bbox 528 1048 687 1086; x_wconf 79' lang='lat' dir='ltr'>sinistra</span> <span class='ocrx_word' id='word_1_146' title='bbox 714 1046 852 1096; x_wconf 76' lang='lat' dir='ltr'>staffa,</span> <span class='ocrx_word' id='word_1_147' title='bbox 893 1047 1022 1099; x_wconf 83' lang='lat' dir='ltr'>prima</span> <span class='ocrx_word' id='word_1_148' title='bbox 1051 1046 1125 1085; x_wconf 87' lang='lat' dir='ltr'>che</span> <span class='ocrx_word' id='word_1_149' title='bbox 1154 1048 1193 1085; x_wconf 90' lang='lat' dir='ltr'>in</span> <span class='ocrx_word' id='word_1_150' title='bbox 1219 1047 1314 1087; x_wconf 83' lang='lat' dir='ltr'><strong>sella</strong></span> <span class='ocrx_word' id='word_1_151' title='bbox 1347 1048 1510 1101; x_wconf 83' lang='lat' dir='ltr'>podesse</span> <span class='ocrx_word' id='word_1_152' title='bbox 1534 1047 1678 1093; x_wconf 81' lang='lat' dir='ltr'>salire,</span> <span class='ocrx_word' id='word_1_153' title='bbox 1708 1045 1816 1085; x_wconf 82' lang='lat' dir='ltr'>dalla</span> 
     </span>
     <span class='ocr_line' id='line_1_16' title="bbox 316 1100 1817 1154; baseline -0.001 -12"><span class='ocrx_word' id='word_1_154' title='bbox 316 1112 358 1146; x_wconf 84' lang='lat'>16</span> <span class='ocrx_word' id='word_1_155' title='bbox 371 1109 529 1142; x_wconf 83' lang='lat' dir='ltr'>armata</span> <span class='ocrx_word' id='word_1_156' title='bbox 551 1103 759 1140; x_wconf 82' lang='lat' dir='ltr'>Zanizaria</span> <span class='ocrx_word' id='word_1_157' title='bbox 779 1101 1014 1140; x_wconf 81' lang='lat' dir='ltr'>circundato</span> <span class='ocrx_word' id='word_1_158' title='bbox 1040 1102 1076 1140; x_wconf 89' lang='lat' dir='ltr'>el</span> <span class='ocrx_word' id='word_1_159' title='bbox 1103 1100 1281 1154; x_wconf 84' lang='lat' dir='ltr'><strong>glorioso</strong></span> <span class='ocrx_word' id='word_1_160' title='bbox 1306 1102 1479 1142; x_wconf 81' lang='lat' dir='ltr'>cavalier</span> <span class='ocrx_word' id='word_1_161' title='bbox 1505 1102 1556 1142; x_wconf 91' lang='lat' dir='ltr'>de</span> <span class='ocrx_word' id='word_1_162' title='bbox 1585 1101 1748 1140; x_wconf 73' lang='lat' dir='ltr'>Christo</span> <span class='ocrx_word' id='word_1_163' title='bbox 1765 1100 1817 1140; x_wconf 90' lang='lat' dir='ltr'>de</span> 
     </span>
     <span class='ocr_line' id='line_1_17' title="bbox 370 1155 1814 1208; baseline -0.001 -12"><span class='ocrx_word' id='word_1_164' title='bbox 370 1157 654 1196; x_wconf 79' lang='lat' dir='ltr'>innumerabili</span> <span class='ocrx_word' id='word_1_165' title='bbox 683 1156 801 1194; x_wconf 80' lang='lat' dir='ltr'>ferite</span> <span class='ocrx_word' id='word_1_166' title='bbox 843 1156 895 1194; x_wconf 90' lang='lat' dir='ltr'>da</span> <span class='ocrx_word' id='word_1_167' title='bbox 923 1155 1056 1208; x_wconf 83' lang='lat' dir='ltr'><strong>quella</strong></span> <span class='ocrx_word' id='word_1_168' title='bbox 1087 1158 1232 1197; x_wconf 84' lang='lat' dir='ltr'>canina</span> <span class='ocrx_word' id='word_1_169' title='bbox 1260 1157 1517 1197; x_wconf 66' lang='lat' dir='ltr'>mollitudine</span> <span class='ocrx_word' id='word_1_170' title='bbox 1545 1157 1586 1196; x_wconf 86' lang='lat' dir='ltr'>fo</span> <span class='ocrx_word' id='word_1_171' title='bbox 1617 1163 1766 1198; x_wconf 84' lang='lat' dir='ltr'><strong>morto.</strong></span> <span class='ocrx_word' id='word_1_172' title='bbox 1796 1156 1814 1194; x_wconf 92' lang='lat'>1</span> 
     </span>
     <span class='ocr_line' id='line_1_18' title="bbox 368 1210 1815 1265; baseline -0.002 -14"><span class='ocrx_word' id='word_1_173' title='bbox 368 1213 497 1251; x_wconf 87' lang='lat' dir='ltr'>Turci</span> <span class='ocrx_word' id='word_1_174' title='bbox 527 1218 759 1251; x_wconf 78' lang='lat' dir='ltr'>veramente</span> <span class='ocrx_word' id='word_1_175' title='bbox 796 1210 862 1250; x_wconf 87' lang='lat' dir='ltr'>dal</span> <span class='ocrx_word' id='word_1_176' title='bbox 889 1211 1051 1250; x_wconf 82' lang='lat' dir='ltr'>subbito</span> <span class='ocrx_word' id='word_1_177' title='bbox 1084 1219 1122 1250; x_wconf 83' lang='lat' dir='ltr'>et</span> <span class='ocrx_word' id='word_1_178' title='bbox 1163 1213 1370 1265; x_wconf 86' lang='lat' dir='ltr'>inopinato</span> <span class='ocrx_word' id='word_1_179' title='bbox 1401 1227 1492 1252; x_wconf 88' lang='lat' dir='ltr'>caso</span> <span class='ocrx_word' id='word_1_180' title='bbox 1524 1210 1653 1251; x_wconf 83' lang='lat' dir='ltr'><strong>molto</strong></span> <span class='ocrx_word' id='word_1_181' title='bbox 1680 1211 1815 1264; x_wconf 70' lang='lat' dir='ltr'>sbigo—</span> 
     </span>
     <span class='ocr_line' id='line_1_19' title="bbox 367 1266 1816 1319; baseline -0.001 -13"><span class='ocrx_word' id='word_1_182' title='bbox 367 1268 432 1306; x_wconf 81' lang='lat' dir='ltr'>titi</span> <span class='ocrx_word' id='word_1_183' title='bbox 452 1297 463 1318; x_wconf 85' lang='lat'>,</span> <span class='ocrx_word' id='word_1_184' title='bbox 512 1274 551 1306; x_wconf 81' lang='lat' dir='ltr'>et</span> <span class='ocrx_word' id='word_1_185' title='bbox 584 1266 864 1305; x_wconf 82' lang='lat' dir='ltr'>incontinente</span> <span class='ocrx_word' id='word_1_186' title='bbox 908 1266 972 1318; x_wconf 87' lang='lat' dir='ltr'>poi</span> <span class='ocrx_word' id='word_1_187' title='bbox 999 1275 1245 1319; x_wconf 84' lang='lat' dir='ltr'>reassumpto</span> <span class='ocrx_word' id='word_1_188' title='bbox 1273 1268 1460 1315; x_wconf 89' lang='lat' dir='ltr'>l&#39;animo‚</span> <span class='ocrx_word' id='word_1_189' title='bbox 1490 1269 1754 1307; x_wconf 78' lang='lat' dir='ltr'>brevemeute</span> <span class='ocrx_word' id='word_1_190' title='bbox 1774 1279 1816 1305; x_wconf 84' lang='lat' dir='ltr'>se</span> 
     </span>
     <span class='ocr_line' id='line_1_20' title="bbox 368 1319 1817 1375; baseline -0.001 -15"><span class='ocrx_word' id='word_1_191' title='bbox 368 1321 683 1374; x_wconf 78' lang='lat' dir='ltr'>consigliarono3</span> <span class='ocrx_word' id='word_1_192' title='bbox 723 1327 762 1358; x_wconf 87' lang='lat' dir='ltr'>et</span> <span class='ocrx_word' id='word_1_193' title='bbox 792 1319 897 1359; x_wconf 80' lang='lat' dir='ltr'><strong>dalle</strong></span> <span class='ocrx_word' id='word_1_194' title='bbox 924 1335 1016 1359; x_wconf 83' lang='lat' dir='ltr'>cose</span> <span class='ocrx_word' id='word_1_195' title='bbox 1061 1322 1225 1361; x_wconf 81' lang='lat' dir='ltr'>adverse</span> <span class='ocrx_word' id='word_1_196' title='bbox 1253 1330 1292 1361; x_wconf 85' lang='lat' dir='ltr'>et</span> <span class='ocrx_word' id='word_1_197' title='bbox 1322 1323 1555 1375; x_wconf 79' lang='lat' dir='ltr'>perturbate</span> <span class='ocrx_word' id='word_1_198' title='bbox 1582 1321 1817 1374; x_wconf 79' lang='lat' dir='ltr'>prendendo</span> 
     </span>
     <span class='ocr_line' id='line_1_21' title="bbox 366 1375 1814 1429; baseline -0.001 -14"><span class='ocrx_word' id='word_1_199' title='bbox 366 1390 556 1429; x_wconf 82' lang='lat' dir='ltr'>speranza</span> <span class='ocrx_word' id='word_1_200' title='bbox 579 1377 628 1415; x_wconf 88' lang='lat' dir='ltr'>de</span> <span class='ocrx_word' id='word_1_201' title='bbox 655 1375 798 1426; x_wconf 82' lang='lat' dir='ltr'>salute,</span> <span class='ocrx_word' id='word_1_202' title='bbox 825 1377 1106 1414; x_wconf 81' lang='lat' dir='ltr'>cominzarono</span> <span class='ocrx_word' id='word_1_203' title='bbox 1133 1377 1326 1416; x_wconf 85' lang='lat' dir='ltr'>resarcire</span> <span class='ocrx_word' id='word_1_204' title='bbox 1341 1376 1371 1415; x_wconf 87' lang='lat' dir='ltr'>li</span> <span class='ocrx_word' id='word_1_205' title='bbox 1391 1379 1571 1416; x_wconf 75' lang='lat' dir='ltr'>recevuti</span> <span class='ocrx_word' id='word_1_206' title='bbox 1589 1376 1726 1415; x_wconf 84' lang='lat' dir='ltr'>danni.</span> <span class='ocrx_word' id='word_1_207' title='bbox 1758 1376 1814 1414; x_wconf 84' lang='lat' dir='ltr'>Et</span> 
     </span>
     <span class='ocr_line' id='line_1_22' title="bbox 369 1430 1814 1483; baseline 0 -14"><span class='ocrx_word' id='word_1_208' title='bbox 369 1433 411 1470; x_wconf 89' lang='lat' dir='ltr'>in</span> <span class='ocrx_word' id='word_1_209' title='bbox 438 1445 548 1470; x_wconf 85' lang='lat' dir='ltr'>mezo</span> <span class='ocrx_word' id='word_1_210' title='bbox 582 1431 618 1469; x_wconf 88' lang='lat' dir='ltr'>el</span> <span class='ocrx_word' id='word_1_211' title='bbox 645 1444 788 1483; x_wconf 86' lang='lat' dir='ltr'>campo</span> <span class='ocrx_word' id='word_1_212' title='bbox 818 1430 1074 1469; x_wconf 81' lang='lat' dir='ltr'>adornarono</span> <span class='ocrx_word' id='word_1_213' title='bbox 1101 1445 1156 1469; x_wconf 85' lang='lat' dir='ltr'>uu</span> <span class='ocrx_word' id='word_1_214' title='bbox 1199 1432 1463 1471; x_wconf 85' lang='lat' dir='ltr'>tabernaculo</span> <span class='ocrx_word' id='word_1_215' title='bbox 1495 1446 1572 1471; x_wconf 90' lang='lat' dir='ltr'>con</span> <span class='ocrx_word' id='word_1_216' title='bbox 1601 1445 1683 1470; x_wconf 89' lang='lat' dir='ltr'>uno</span> <span class='ocrx_word' id='word_1_217' title='bbox 1709 1430 1814 1470; x_wconf 82' lang='lat' dir='ltr'><strong>lecto</strong></span> 
     </span>
     <span class='ocr_line' id='line_1_23' title="bbox 367 1484 1814 1539; baseline -0.001 -14"><span class='ocrx_word' id='word_1_218' title='bbox 367 1486 420 1526; x_wconf 87' lang='lat' dir='ltr'>de</span> <span class='ocrx_word' id='word_1_219' title='bbox 464 1485 592 1524; x_wconf 87' lang='lat' dir='ltr'>ricchi</span> <span class='ocrx_word' id='word_1_220' title='bbox 638 1500 761 1538; x_wconf 72' lang='lat' dir='ltr'>panni</span> <span class='ocrx_word' id='word_1_221' title='bbox 800 1484 943 1534; x_wconf 82' lang='lat' dir='ltr'>d’oro3</span> <span class='ocrx_word' id='word_1_222' title='bbox 992 1500 1112 1537; x_wconf 76' lang='lat' dir='ltr'>sopra</span> <span class='ocrx_word' id='word_1_223' title='bbox 1151 1484 1188 1523; x_wconf 81' lang='lat' dir='ltr'>el</span> <span class='ocrx_word' id='word_1_224' title='bbox 1226 1486 1321 1539; x_wconf 91' lang='lat' dir='ltr'>qual</span> <span class='ocrx_word' id='word_1_225' title='bbox 1366 1500 1515 1539; x_wconf 86' lang='lat' dir='ltr'>poseno</span> <span class='ocrx_word' id='word_1_226' title='bbox 1544 1485 1582 1525; x_wconf 82' lang='grc'><strong>81</strong></span> <span class='ocrx_word' id='word_1_227' title='bbox 1613 1499 1735 1538; x_wconf 79' lang='lat' dir='ltr'><strong>corpo</strong></span> <span class='ocrx_word' id='word_1_228' title='bbox 1763 1485 1814 1524; x_wconf 82' lang='lat' dir='ltr'>de</span> 
     </span>
     <span class='ocr_line' id='line_1_24' title="bbox 366 1539 1813 1592; baseline -0.001 -12"><span class='ocrx_word' id='word_1_229' title='bbox 366 1540 617 1581; x_wconf 78' lang='lat' dir='ltr'>Amoralhes.</span> <span class='ocrx_word' id='word_1_230' title='bbox 674 1540 691 1578; x_wconf 94' lang='lat' dir='ltr'>I</span> <span class='ocrx_word' id='word_1_231' title='bbox 725 1539 869 1591; x_wconf 83' lang='lat' dir='ltr'>grandi</span> <span class='ocrx_word' id='word_1_232' title='bbox 910 1540 1073 1591; x_wconf 85' lang='lat' dir='ltr'>pericoli</span> <span class='ocrx_word' id='word_1_233' title='bbox 1103 1554 1206 1592; x_wconf 85' lang='lat' dir='ltr'>poca</span> <span class='ocrx_word' id='word_1_234' title='bbox 1237 1543 1389 1579; x_wconf 85' lang='lat' dir='ltr'>iactura</span> <span class='ocrx_word' id='word_1_235' title='bbox 1417 1539 1648 1579; x_wconf 84' lang='lat' dir='ltr'>extimando</span> <span class='ocrx_word' id='word_1_236' title='bbox 1672 1569 1683 1589; x_wconf 84' lang='lat'>‚</span> <span class='ocrx_word' id='word_1_237' title='bbox 1713 1553 1813 1592; x_wconf 87' lang='lat' dir='ltr'>poco</span> 
     </span>
     <span class='ocr_line' id='line_1_25' title="bbox 367 1593 1811 1648; baseline 0 -14"><span class='ocrx_word' id='word_1_238' title='bbox 367 1595 435 1634; x_wconf 88' lang='lat' dir='ltr'>dio</span> <span class='ocrx_word' id='word_1_239' title='bbox 475 1595 512 1634; x_wconf 88' lang='lat' dir='ltr'>el</span> <span class='ocrx_word' id='word_1_240' title='bbox 540 1607 662 1648; x_wconf 81' lang='lat' dir='ltr'>segno</span> <span class='ocrx_word' id='word_1_241' title='bbox 701 1593 788 1632; x_wconf 87' lang='lat' dir='ltr'>dela</span> <span class='ocrx_word' id='word_1_242' title='bbox 819 1593 1024 1646; x_wconf 82' lang='lat' dir='ltr'>bataglia:</span> <span class='ocrx_word' id='word_1_243' title='bbox 1068 1608 1142 1632; x_wconf 86' lang='lat' dir='ltr'>con</span> <span class='ocrx_word' id='word_1_244' title='bbox 1182 1595 1337 1634; x_wconf 84' lang='lat' dir='ltr'>orribili</span> <span class='ocrx_word' id='word_1_245' title='bbox 1368 1596 1625 1634; x_wconf 76' lang='lat' dir='ltr'>instrumenti</span> <span class='ocrx_word' id='word_1_246' title='bbox 1653 1595 1811 1634; x_wconf 85' lang='lat' dir='ltr'><strong>bellici:</strong></span> 
     </span>
     <span class='ocr_line' id='line_1_26' title="bbox 366 1644 1814 1703; baseline -0.001 -14"><span class='ocrx_word' id='word_1_247' title='bbox 366 1644 583 1689; x_wconf 73' lang='lat' dir='ltr'>&#39;intrarono</span> <span class='ocrx_word' id='word_1_248' title='bbox 613 1662 728 1687; x_wconf 91' lang='lat' dir='ltr'>como</span> <span class='ocrx_word' id='word_1_249' title='bbox 755 1650 844 1686; x_wconf 88' lang='lat' dir='ltr'>cani</span> <span class='ocrx_word' id='word_1_250' title='bbox 867 1649 1017 1687; x_wconf 85' lang='lat' dir='ltr'>rabiosi</span> <span class='ocrx_word' id='word_1_251' title='bbox 1046 1650 1086 1686; x_wconf 91' lang='lat' dir='ltr'>in</span> <span class='ocrx_word' id='word_1_252' title='bbox 1116 1649 1305 1702; x_wconf 81' lang='lat' dir='ltr'>bataglia.</span> <span class='ocrx_word' id='word_1_253' title='bbox 1348 1650 1398 1689; x_wconf 87' lang='lat' dir='ltr'>El</span> <span class='ocrx_word' id='word_1_254' title='bbox 1419 1650 1572 1703; x_wconf 73' lang='lat' dir='ltr'>dispoto</span> <span class='ocrx_word' id='word_1_255' title='bbox 1587 1650 1753 1696; x_wconf 80' lang='lat' dir='ltr'><strong>Lazaro,</strong></span> <span class='ocrx_word' id='word_1_256' title='bbox 1774 1650 1814 1688; x_wconf 85' lang='lat' dir='ltr'>el</span> 
     </span>
     <span class='ocr_line' id='line_1_27' title="bbox 367 1703 1809 1759; baseline -0.001 -15"><span class='ocrx_word' id='word_1_257' title='bbox 367 1703 462 1759; x_wconf 92' lang='lat' dir='ltr'>qual</span> <span class='ocrx_word' id='word_1_258' title='bbox 495 1705 574 1743; x_wconf 85' lang='lat' dir='ltr'>mai</span> <span class='ocrx_word' id='word_1_259' title='bbox 600 1704 811 1756; x_wconf 79' lang='lat' dir='ltr'>peravanti</span> <span class='ocrx_word' id='word_1_260' title='bbox 843 1703 973 1742; x_wconf 84' lang='lat' dir='ltr'>havea</span> <span class='ocrx_word' id='word_1_261' title='bbox 994 1704 1236 1743; x_wconf 84' lang='lat' dir='ltr'>conbactuto</span> <span class='ocrx_word' id='word_1_262' title='bbox 1258 1719 1331 1743; x_wconf 90' lang='lat' dir='ltr'>con</span> <span class='ocrx_word' id='word_1_263' title='bbox 1353 1712 1492 1758; x_wconf 83' lang='lat' dir='ltr'><strong>queste</strong></span> <span class='ocrx_word' id='word_1_264' title='bbox 1509 1705 1605 1743; x_wconf 80' lang='lat' dir='ltr'><strong>fiere</strong></span> <span class='ocrx_word' id='word_1_265' title='bbox 1624 1704 1809 1750; x_wconf 80' lang='lat' dir='ltr'>barbare,</span> 
     </span>
     <span class='ocr_line' id='line_1_28' title="bbox 367 1757 1815 1812; baseline -0.001 -14"><span class='ocrx_word' id='word_1_266' title='bbox 367 1761 419 1798; x_wconf 77' lang='grc' dir='ltr'>ῃὲ</span> <span class='ocrx_word' id='word_1_267' title='bbox 441 1759 569 1798; x_wconf 84' lang='lat' dir='ltr'>anche</span> <span class='ocrx_word' id='word_1_268' title='bbox 588 1760 716 1797; x_wconf 87' lang='lat' dir='ltr'>inteso</span> <span class='ocrx_word' id='word_1_269' title='bbox 737 1757 826 1796; x_wconf 85' lang='lat' dir='ltr'>dela</span> <span class='ocrx_word' id='word_1_270' title='bbox 853 1765 987 1797; x_wconf 84' lang='lat' dir='ltr'>morte</span> <span class='ocrx_word' id='word_1_271' title='bbox 1011 1758 1061 1796; x_wconf 88' lang='lat' dir='ltr'>de</span> <span class='ocrx_word' id='word_1_272' title='bbox 1073 1759 1294 1798; x_wconf 86' lang='lat' dir='ltr'>Amoratho</span> <span class='ocrx_word' id='word_1_273' title='bbox 1319 1766 1358 1798; x_wconf 85' lang='lat' dir='ltr'>et</span> <span class='ocrx_word' id='word_1_274' title='bbox 1384 1759 1534 1812; x_wconf 82' lang='lat' dir='ltr'>l&#39;opera</span> <span class='ocrx_word' id='word_1_275' title='bbox 1566 1758 1737 1812; x_wconf 79' lang='lat' dir='ltr'>gloriosa</span> <span class='ocrx_word' id='word_1_276' title='bbox 1764 1759 1815 1798; x_wconf 88' lang='lat' dir='ltr'>de</span> 
     </span>
     <span class='ocr_line' id='line_1_29' title="bbox 366 1811 1816 1863; baseline -0.001 -10"><span class='ocrx_word' id='word_1_277' title='bbox 366 1815 515 1861; x_wconf 84' lang='lat' dir='ltr'><strong>Miles,</strong></span> <span class='ocrx_word' id='word_1_278' title='bbox 547 1827 619 1852; x_wconf 91' lang='lat' dir='ltr'>suo</span> <span class='ocrx_word' id='word_1_279' title='bbox 662 1811 990 1851; x_wconf 82' lang='lat' dir='ltr'>excellentissimo</span> <span class='ocrx_word' id='word_1_280' title='bbox 1027 1813 1250 1863; x_wconf 80' lang='lat' dir='ltr'>cavaliem,</span> <span class='ocrx_word' id='word_1_281' title='bbox 1280 1828 1361 1853; x_wconf 86' lang='lat' dir='ltr'>non</span> <span class='ocrx_word' id='word_1_282' title='bbox 1391 1829 1507 1853; x_wconf 89' lang='lat' dir='ltr'>senza</span> <span class='ocrx_word' id='word_1_283' title='bbox 1534 1814 1747 1852; x_wconf 83' lang='lat' dir='ltr'>formidine</span> <span class='ocrx_word' id='word_1_284' title='bbox 1775 1821 1816 1853; x_wconf 85' lang='lat' dir='ltr'>et</span> 
     </span>
     <span class='ocr_line' id='line_1_30' title="bbox 366 1866 1816 1923; baseline -0.001 -15"><span class='ocrx_word' id='word_1_285' title='bbox 366 1883 497 1923; x_wconf 88' lang='lat' dir='ltr'>paura</span> <span class='ocrx_word' id='word_1_286' title='bbox 524 1867 659 1921; x_wconf 80' lang='lat' dir='ltr'>spiegb</span> <span class='ocrx_word' id='word_1_287' title='bbox 691 1867 719 1905; x_wconf 87' lang='lat' dir='ltr'>li</span> <span class='ocrx_word' id='word_1_288' title='bbox 745 1866 805 1906; x_wconf 88' lang='lat' dir='ltr'>soi</span> <span class='ocrx_word' id='word_1_289' title='bbox 833 1867 1051 1906; x_wconf 83' lang='lat' dir='ltr'>stendardi.</span> <span class='ocrx_word' id='word_1_290' title='bbox 1081 1882 1161 1920; x_wconf 88' lang='lat' dir='ltr'>pur</span> <span class='ocrx_word' id='word_1_291' title='bbox 1185 1869 1479 1908; x_wconf 85' lang='lat' dir='ltr'>nientedimeno</span> <span class='ocrx_word' id='word_1_292' title='bbox 1504 1870 1571 1922; x_wconf 70' lang='lat' dir='ltr'>pih</span> <span class='ocrx_word' id='word_1_293' title='bbox 1597 1868 1647 1908; x_wconf 88' lang='lat' dir='ltr'>da</span> <span class='ocrx_word' id='word_1_294' title='bbox 1675 1882 1816 1908; x_wconf 82' lang='lat' dir='ltr'>neces-</span> 
     </span>
     <span class='ocr_line' id='line_1_31' title="bbox 366 1920 1814 1974; baseline -0.001 -11"><span class='ocrx_word' id='word_1_295' title='bbox 366 1925 441 1963; x_wconf 75' lang='lat' dir='ltr'>sita</span> <span class='ocrx_word' id='word_1_296' title='bbox 470 1923 544 1962; x_wconf 86' lang='lat' dir='ltr'>che</span> <span class='ocrx_word' id='word_1_297' title='bbox 577 1923 628 1961; x_wconf 84' lang='lat' dir='ltr'>da</span> <span class='ocrx_word' id='word_1_298' title='bbox 657 1936 730 1961; x_wconf 86' lang='lat' dir='ltr'>sua</span> <span class='ocrx_word' id='word_1_299' title='bbox 761 1920 929 1961; x_wconf 65' lang='lat' dir='ltr'>volunta</span> <span class='ocrx_word' id='word_1_300' title='bbox 961 1929 1213 1974; x_wconf 81' lang='lat' dir='ltr'>constrecto,</span> <span class='ocrx_word' id='word_1_301' title='bbox 1244 1924 1443 1964; x_wconf 73' lang='lat' dir='ltr'>comandb</span> <span class='ocrx_word' id='word_1_302' title='bbox 1475 1939 1498 1963; x_wconf 87' lang='lat' dir='ltr'>a</span> <span class='ocrx_word' id='word_1_303' title='bbox 1529 1923 1688 1969; x_wconf 86' lang='lat' dir='ltr'>Vlatico</span> <span class='ocrx_word' id='word_1_304' title='bbox 1714 1922 1814 1962; x_wconf 87' lang='lat' dir='ltr'>Vla-</span> 
     </span>
     <span class='ocr_line' id='line_1_32' title="bbox 368 1977 1815 2032; baseline 0.001 -15"><span class='ocrx_word' id='word_1_305' title='bbox 368 1980 511 2031; x_wconf 85' lang='lat' dir='ltr'>genico</span> <span class='ocrx_word' id='word_1_306' title='bbox 528 2008 538 2027; x_wconf 91' lang='lat'>‚</span> <span class='ocrx_word' id='word_1_307' title='bbox 568 1991 682 2016; x_wconf 88' lang='lat' dir='ltr'><strong>come</strong></span> <span class='ocrx_word' id='word_1_308' title='bbox 710 1977 882 2016; x_wconf 86' lang='lat' dir='ltr'>h&#39;avemo</span> <span class='ocrx_word' id='word_1_309' title='bbox 910 1978 1112 2031; x_wconf 85' lang='lat' dir='ltr'>predicto,</span> <span class='ocrx_word' id='word_1_310' title='bbox 1145 1978 1196 2017; x_wconf 89' lang='lat' dir='ltr'>de</span> <span class='ocrx_word' id='word_1_311' title='bbox 1228 1980 1274 2017; x_wconf 70' lang='grc'>1-8</span> <span class='ocrx_word' id='word_1_312' title='bbox 1300 1979 1350 2018; x_wconf 93' lang='lat' dir='ltr'>de</span> <span class='ocrx_word' id='word_1_313' title='bbox 1367 1980 1510 2018; x_wconf 86' lang='lat' dir='ltr'>Rosina</span> <span class='ocrx_word' id='word_1_314' title='bbox 1536 1979 1737 2032; x_wconf 75' lang='lat' dir='ltr'>capitanio</span> <span class='ocrx_word' id='word_1_315' title='bbox 1762 1978 1815 2018; x_wconf 84' lang='lat' dir='ltr'>de</span> 
     </span>
     <span class='ocr_line' id='line_1_33' title="bbox 367 2032 1816 2086; baseline -0.001 -13"><span class='ocrx_word' id='word_1_316' title='bbox 367 2034 449 2073; x_wconf 92' lang='lat' dir='ltr'>XX</span> <span class='ocrx_word' id='word_1_317' title='bbox 463 2034 572 2072; x_wconf 89' lang='lat' dir='ltr'>milia</span> <span class='ocrx_word' id='word_1_318' title='bbox 599 2032 854 2082; x_wconf 84' lang='lat' dir='ltr'>combatenti,</span> <span class='ocrx_word' id='word_1_319' title='bbox 880 2034 1010 2084; x_wconf 70' lang='lat' dir='ltr'>prinno</span> <span class='ocrx_word' id='word_1_320' title='bbox 1027 2033 1191 2072; x_wconf 77' lang='lat' dir='ltr'>intrasse</span> <span class='ocrx_word' id='word_1_321' title='bbox 1217 2035 1258 2071; x_wconf 84' lang='lat' dir='ltr'>in</span> <span class='ocrx_word' id='word_1_322' title='bbox 1278 2034 1482 2086; x_wconf 81' lang='lat' dir='ltr'>hattaglia.</span> <span class='ocrx_word' id='word_1_323' title='bbox 1514 2033 1565 2073; x_wconf 88' lang='lat' dir='ltr'>El</span> <span class='ocrx_word' id='word_1_324' title='bbox 1596 2032 1715 2086; x_wconf 84' lang='lat' dir='ltr'>quale</span> <span class='ocrx_word' id='word_1_325' title='bbox 1745 2047 1816 2071; x_wconf 91' lang='lat' dir='ltr'>va-</span> 
     </span>
     <span class='ocr_line' id='line_1_34' title="bbox 368 2088 1812 2142; baseline -0.001 -14"><span class='ocrx_word' id='word_1_326' title='bbox 368 2088 637 2128; x_wconf 84' lang='lat' dir='ltr'>lorosamente</span> <span class='ocrx_word' id='word_1_327' title='bbox 668 2095 708 2125; x_wconf 86' lang='lat' dir='ltr'>et</span> <span class='ocrx_word' id='word_1_328' title='bbox 734 2101 809 2125; x_wconf 90' lang='lat' dir='ltr'>con</span> <span class='ocrx_word' id='word_1_329' title='bbox 844 2088 995 2140; x_wconf 76' lang='lat' dir='ltr'>grande</span> <span class='ocrx_word' id='word_1_330' title='bbox 1024 2089 1178 2140; x_wconf 79' lang='lat' dir='ltr'>impetu</span> <span class='ocrx_word' id='word_1_331' title='bbox 1196 2089 1301 2128; x_wconf 75' lang='lat' dir='ltr'>intrb</span> <span class='ocrx_word' id='word_1_332' title='bbox 1326 2088 1442 2127; x_wconf 86' lang='lat' dir='ltr'>conla</span> <span class='ocrx_word' id='word_1_333' title='bbox 1468 2104 1538 2128; x_wconf 89' lang='lat' dir='ltr'>sua</span> <span class='ocrx_word' id='word_1_334' title='bbox 1560 2088 1812 2142; x_wconf 80' lang='lat' dir='ltr'>compagnia3</span> 
     </span>
     <span class='ocr_line' id='line_1_35' title="bbox 370 2141 1813 2196; baseline -0.001 -14"><span class='ocrx_word' id='word_1_335' title='bbox 370 2151 410 2182; x_wconf 84' lang='lat' dir='ltr'>et</span> <span class='ocrx_word' id='word_1_336' title='bbox 442 2157 585 2196; x_wconf 78' lang='lat' dir='ltr'><strong>rumpe</strong></span> <span class='ocrx_word' id='word_1_337' title='bbox 614 2142 710 2180; x_wconf 80' lang='lat' dir='ltr'>tutti</span> <span class='ocrx_word' id='word_1_338' title='bbox 743 2141 922 2192; x_wconf 82' lang='lat' dir='ltr'>iTurci,</span> <span class='ocrx_word' id='word_1_339' title='bbox 951 2142 1025 2181; x_wconf 88' lang='lat' dir='ltr'>che</span> <span class='ocrx_word' id='word_1_340' title='bbox 1053 2142 1083 2181; x_wconf 91' lang='lat' dir='ltr'>li</span> <span class='ocrx_word' id='word_1_341' title='bbox 1113 2143 1151 2181; x_wconf 84' lang='lat' dir='ltr'>fo</span> <span class='ocrx_word' id='word_1_342' title='bbox 1179 2158 1201 2182; x_wconf 89' lang='lat' dir='ltr'>a</span> <span class='ocrx_word' id='word_1_343' title='bbox 1229 2142 1453 2182; x_wconf 74' lang='lat' dir='ltr'>l’incontra.</span> <span class='ocrx_word' id='word_1_344' title='bbox 1480 2151 1522 2182; x_wconf 67' lang='lat' dir='ltr'>‘et</span> <span class='ocrx_word' id='word_1_345' title='bbox 1541 2144 1709 2196; x_wconf 81' lang='lat' dir='ltr'>girando</span> <span class='ocrx_word' id='word_1_346' title='bbox 1738 2156 1813 2194; x_wconf 84' lang='lat' dir='ltr'>per</span> 
     </span>
     <span class='ocr_line' id='line_1_36' title="bbox 371 2196 1813 2247; baseline -0.001 -11"><span class='ocrx_word' id='word_1_347' title='bbox 371 2199 504 2237; x_wconf 84' lang='lat' dir='ltr'>intrar</span> <span class='ocrx_word' id='word_1_348' title='bbox 536 2198 575 2237; x_wconf 87' lang='lat' dir='ltr'>la</span> <span class='ocrx_word' id='word_1_349' title='bbox 613 2196 787 2236; x_wconf 83' lang='lat' dir='ltr'>seconda</span> <span class='ocrx_word' id='word_1_350' title='bbox 824 2196 935 2236; x_wconf 86' lang='lat' dir='ltr'>volta</span> <span class='ocrx_word' id='word_1_351' title='bbox 976 2197 1148 2237; x_wconf 88' lang='lat' dir='ltr'>secondo</span> <span class='ocrx_word' id='word_1_352' title='bbox 1188 2197 1364 2237; x_wconf 85' lang='lat' dir='ltr'>l’ordene</span> <span class='ocrx_word' id='word_1_353' title='bbox 1391 2198 1479 2237; x_wconf 85' lang='lat' dir='ltr'>dela</span> <span class='ocrx_word' id='word_1_354' title='bbox 1504 2198 1672 2247; x_wconf 85' lang='lat' dir='ltr'>militia,</span> <span class='ocrx_word' id='word_1_355' title='bbox 1701 2197 1813 2236; x_wconf 72' lang='lat' dir='ltr'>alon-0</span> 
     </span>
     <span class='ocr_line' id='line_1_37' title="bbox 370 2251 1813 2305; baseline -0.001 -14"><span class='ocrx_word' id='word_1_356' title='bbox 370 2252 412 2291; x_wconf 86' lang='lat' dir='ltr'>fo</span> <span class='ocrx_word' id='word_1_357' title='bbox 441 2251 565 2291; x_wconf 76' lang='lat' dir='ltr'>aldita</span> <span class='ocrx_word' id='word_1_358' title='bbox 603 2266 685 2290; x_wconf 84' lang='lat' dir='ltr'>una</span> <span class='ocrx_word' id='word_1_359' title='bbox 725 2265 825 2290; x_wconf 86' lang='lat' dir='ltr'>voce</span> <span class='ocrx_word' id='word_1_360' title='bbox 853 2251 890 2290; x_wconf 88' lang='lat' dir='ltr'>la</span> <span class='ocrx_word' id='word_1_361' title='bbox 919 2252 1037 2305; x_wconf 86' lang='lat' dir='ltr'>quale</span> <span class='ocrx_word' id='word_1_362' title='bbox 1078 2253 1284 2297; x_wconf 74' lang='lat' dir='ltr'><strong>pertutto’l</strong></span> <span class='ocrx_word' id='word_1_363' title='bbox 1313 2267 1454 2305; x_wconf 85' lang='lat' dir='ltr'>campo</span> <span class='ocrx_word' id='word_1_364' title='bbox 1483 2267 1524 2291; x_wconf 87' lang='lat' dir='ltr'>se</span> <span class='ocrx_word' id='word_1_365' title='bbox 1552 2266 1710 2305; x_wconf 81' lang='lat' dir='ltr'>sparse,</span> <span class='ocrx_word' id='word_1_366' title='bbox 1738 2251 1813 2290; x_wconf 77' lang='lat' dir='ltr'>che</span> 
     </span>
     <span class='ocr_line' id='line_1_38' title="bbox 369 2306 1813 2360; baseline -0.001 -15"><span class='ocrx_word' id='word_1_367' title='bbox 369 2307 645 2360; x_wconf 77' lang='lat' dir='ltr'>Dragrossavo</span> <span class='ocrx_word' id='word_1_368' title='bbox 674 2306 906 2355; x_wconf 84' lang='lat' dir='ltr'>Probiscio‚</span> <span class='ocrx_word' id='word_1_369' title='bbox 939 2309 1146 2360; x_wconf 82' lang='lat' dir='ltr'>capitaneo</span> <span class='ocrx_word' id='word_1_370' title='bbox 1176 2307 1241 2346; x_wconf 90' lang='lat' dir='ltr'>del</span> <span class='ocrx_word' id='word_1_371' title='bbox 1270 2322 1410 2360; x_wconf 79' lang='lat' dir='ltr'>campo</span> <span class='ocrx_word' id='word_1_372' title='bbox 1433 2307 1496 2346; x_wconf 78' lang='lat' dir='ltr'>del</span> <span class='ocrx_word' id='word_1_373' title='bbox 1524 2307 1709 2360; x_wconf 78' lang='lat' dir='ltr'>dispoto,</span> <span class='ocrx_word' id='word_1_374' title='bbox 1740 2306 1813 2345; x_wconf 87' lang='lat' dir='ltr'>ha-</span> 
     </span>
     <span class='ocr_line' id='line_1_39' title="bbox 370 2360 1814 2414; baseline -0.001 -14"><span class='ocrx_word' id='word_1_375' title='bbox 370 2376 445 2401; x_wconf 88' lang='lat' dir='ltr'>vea</span> <span class='ocrx_word' id='word_1_376' title='bbox 474 2362 667 2400; x_wconf 81' lang='lat' dir='ltr'>rebellato</span> <span class='ocrx_word' id='word_1_377' title='bbox 709 2369 748 2400; x_wconf 87' lang='lat' dir='ltr'>et</span> <span class='ocrx_word' id='word_1_378' title='bbox 777 2361 928 2400; x_wconf 84' lang='lat' dir='ltr'>voltato</span> <span class='ocrx_word' id='word_1_379' title='bbox 971 2361 1008 2400; x_wconf 90' lang='grc'><strong>18</strong></span> <span class='ocrx_word' id='word_1_380' title='bbox 1037 2377 1146 2401; x_wconf 79' lang='lat' dir='ltr'>arme</span> <span class='ocrx_word' id='word_1_381' title='bbox 1175 2370 1317 2402; x_wconf 85' lang='lat' dir='ltr'>eontra</span> <span class='ocrx_word' id='word_1_382' title='bbox 1345 2360 1575 2401; x_wconf 81' lang='lat' dir='ltr'>Christiani.</span> <span class='ocrx_word' id='word_1_383' title='bbox 1632 2362 1691 2400; x_wconf 91' lang='lat' dir='ltr'>La</span> <span class='ocrx_word' id='word_1_384' title='bbox 1718 2360 1814 2414; x_wconf 85' lang='lat' dir='ltr'>qual</span> 
     </span>
     <span class='ocr_line' id='line_1_40' title="bbox 370 2415 1812 2470; baseline -0.001 -14"><span class='ocrx_word' id='word_1_385' title='bbox 370 2430 472 2456; x_wconf 83' lang='lat' dir='ltr'>voce</span> <span class='ocrx_word' id='word_1_386' title='bbox 500 2417 643 2465; x_wconf 84' lang='lat' dir='ltr'>aldita,</span> <span class='ocrx_word' id='word_1_387' title='bbox 689 2415 850 2456; x_wconf 84' lang='lat' dir='ltr'>Vlatico</span> <span class='ocrx_word' id='word_1_388' title='bbox 885 2417 1104 2469; x_wconf 85' lang='lat' dir='ltr'>Vlagenico</span> <span class='ocrx_word' id='word_1_389' title='bbox 1145 2418 1277 2456; x_wconf 88' lang='lat' dir='ltr'>subito</span> <span class='ocrx_word' id='word_1_390' title='bbox 1310 2417 1420 2456; x_wconf 65' lang='lat' dir='ltr'><strong>volti)</strong></span> <span class='ocrx_word' id='word_1_391' title='bbox 1452 2416 1489 2455; x_wconf 84' lang='lat' dir='ltr'>le</span> <span class='ocrx_word' id='word_1_392' title='bbox 1518 2415 1643 2470; x_wconf 86' lang='lat' dir='ltr'><strong>spalle</strong></span> <span class='ocrx_word' id='word_1_393' title='bbox 1669 2423 1708 2455; x_wconf 88' lang='lat' dir='ltr'>et</span> <span class='ocrx_word' id='word_1_394' title='bbox 1736 2429 1812 2455; x_wconf 87' lang='lat' dir='ltr'>con</span> 
     </span>
     <span class='ocr_line' id='line_1_41' title="bbox 372 2470 1814 2524; baseline -0.001 -15"><span class='ocrx_word' id='word_1_395' title='bbox 372 2472 523 2524; x_wconf 82' lang='lat' dir='ltr'>grande</span> <span class='ocrx_word' id='word_1_396' title='bbox 554 2472 647 2524; x_wconf 81' lang='lat' dir='ltr'>fuga</span> <span class='ocrx_word' id='word_1_397' title='bbox 677 2485 718 2510; x_wconf 83' lang='lat' dir='ltr'>se</span> <span class='ocrx_word' id='word_1_398' title='bbox 749 2471 947 2523; x_wconf 71' lang='lat' dir='ltr'>desparn,</span> <span class='ocrx_word' id='word_1_399' title='bbox 991 2472 1202 2511; x_wconf 84' lang='lat' dir='ltr'>tormando</span> <span class='ocrx_word' id='word_1_400' title='bbox 1230 2486 1347 2511; x_wconf 87' lang='lat' dir='ltr'>verso</span> <span class='ocrx_word' id='word_1_401' title='bbox 1374 2471 1535 2511; x_wconf 85' lang='lat' dir='ltr'>Bossina</span> <span class='ocrx_word' id='word_1_402' title='bbox 1566 2485 1641 2510; x_wconf 91' lang='lat' dir='ltr'>con</span> <span class='ocrx_word' id='word_1_403' title='bbox 1673 2470 1711 2509; x_wconf 87' lang='lat' dir='ltr'>la</span> <span class='ocrx_word' id='word_1_404' title='bbox 1740 2484 1814 2509; x_wconf 83' lang='lat' dir='ltr'>sua</span> 
     </span>
     <span class='ocr_line' id='line_1_42' title="bbox 373 2524 1814 2579; baseline -0.001 -14"><span class='ocrx_word' id='word_1_405' title='bbox 373 2526 623 2579; x_wconf 81' lang='lat' dir='ltr'>compagnia,</span> <span class='ocrx_word' id='word_1_406' title='bbox 699 2526 737 2564; x_wconf 88' lang='lat' dir='ltr'>O</span> <span class='ocrx_word' id='word_1_407' title='bbox 781 2526 855 2565; x_wconf 90' lang='lat' dir='ltr'>che</span> <span class='ocrx_word' id='word_1_408' title='bbox 895 2526 932 2565; x_wconf 84' lang='lat' dir='ltr'>la</span> <span class='ocrx_word' id='word_1_409' title='bbox 961 2526 1122 2566; x_wconf 82' lang='lat' dir='ltr'>novella</span> <span class='ocrx_word' id='word_1_410' title='bbox 1164 2529 1267 2566; x_wconf 83' lang='lat' dir='ltr'>fosse</span> <span class='ocrx_word' id='word_1_411' title='bbox 1302 2526 1431 2566; x_wconf 81' lang='lat' dir='ltr'>levata</span> <span class='ocrx_word' id='word_1_412' title='bbox 1472 2526 1522 2565; x_wconf 89' lang='lat' dir='ltr'>da</span> <span class='ocrx_word' id='word_1_413' title='bbox 1552 2526 1706 2576; x_wconf 64' lang='lat' dir='ltr'>Turni,</span> <span class='ocrx_word' id='word_1_414' title='bbox 1737 2524 1814 2563; x_wconf 88' lang='lat' dir='ltr'>ho-</span> 
     </span>
     <span class='ocr_line' id='line_1_43' title="bbox 373 2580 1814 2635; baseline -0.002 -15"><span class='ocrx_word' id='word_1_415' title='bbox 373 2582 474 2621; x_wconf 83' lang='lat' dir='ltr'>mini</span> <span class='ocrx_word' id='word_1_416' title='bbox 520 2581 785 2633; x_wconf 80' lang='lat' dir='ltr'>sagacissimi,</span> <span class='ocrx_word' id='word_1_417' title='bbox 822 2596 893 2634; x_wconf 83' lang='lat' dir='ltr'>per</span> <span class='ocrx_word' id='word_1_418' title='bbox 931 2582 1152 2634; x_wconf 82' lang='lat' dir='ltr'>impavrire</span> <span class='ocrx_word' id='word_1_419' title='bbox 1191 2581 1228 2622; x_wconf 85' lang='lat' dir='ltr'>el</span> <span class='ocrx_word' id='word_1_420' title='bbox 1270 2589 1407 2621; x_wconf 81' lang='lat' dir='ltr'>nostro</span> <span class='ocrx_word' id='word_1_421' title='bbox 1450 2583 1646 2635; x_wconf 80' lang='lat' dir='ltr'>exercito3</span> <span class='ocrx_word' id='word_1_422' title='bbox 1684 2590 1710 2618; x_wconf 85' lang='lat' dir='ltr'>o</span> <span class='ocrx_word' id='word_1_423' title='bbox 1739 2580 1814 2618; x_wconf 86' lang='lat' dir='ltr'>che</span> 
     </span>
     <span class='ocr_line' id='line_1_44' title="bbox 376 2635 1813 2690; baseline -0.001 -16"><span class='ocrx_word' id='word_1_424' title='bbox 376 2636 458 2674; x_wconf 64' lang='lat' dir='ltr'>cos]</span> <span class='ocrx_word' id='word_1_425' title='bbox 484 2635 636 2674; x_wconf 79' lang='lat' dir='ltr'><strong>volesse</strong></span> <span class='ocrx_word' id='word_1_426' title='bbox 663 2638 676 2672; x_wconf 88' lang='lat' dir='ltr'>i</span> <span class='ocrx_word' id='word_1_427' title='bbox 701 2636 773 2674; x_wconf 84' lang='lat' dir='ltr'>fati</span> <span class='ocrx_word' id='word_1_428' title='bbox 803 2638 993 2675; x_wconf 80' lang='lat' dir='ltr'>contrarii</span> <span class='ocrx_word' id='word_1_429' title='bbox 1014 2636 1066 2675; x_wconf 91' lang='lat' dir='ltr'>ali</span> <span class='ocrx_word' id='word_1_430' title='bbox 1096 2637 1472 2690; x_wconf 35' lang='lat' dir='ltr'>poverisClnistiani</span> <span class='ocrx_word' id='word_1_431' title='bbox 1495 2650 1568 2688; x_wconf 82' lang='lat' dir='ltr'>per</span> <span class='ocrx_word' id='word_1_432' title='bbox 1595 2637 1608 2673; x_wconf 87' lang='lat' dir='ltr'>i</span> <span class='ocrx_word' id='word_1_433' title='bbox 1633 2635 1691 2674; x_wconf 89' lang='lat' dir='ltr'>soi</span> <span class='ocrx_word' id='word_1_434' title='bbox 1721 2648 1813 2686; x_wconf 90' lang='lat' dir='ltr'>pec-</span> 
     </span>
     <span class='ocr_line' id='line_1_45' title="bbox 377 2689 1813 2744; baseline -0.001 -16"><span class='ocrx_word' id='word_1_435' title='bbox 377 2691 469 2732; x_wconf 78' lang='lat' dir='ltr'>cati.</span> <span class='ocrx_word' id='word_1_436' title='bbox 527 2690 680 2728; x_wconf 78' lang='lat' dir='ltr'>Lazaro</span> <span class='ocrx_word' id='word_1_437' title='bbox 710 2690 993 2730; x_wconf 71' lang='lat' dir='ltr'>abbandonam</span> <span class='ocrx_word' id='word_1_438' title='bbox 1023 2692 1073 2730; x_wconf 88' lang='lat' dir='ltr'>da</span> <span class='ocrx_word' id='word_1_439' title='bbox 1106 2693 1167 2731; x_wconf 88' lang='lat' dir='ltr'>soi</span> <span class='ocrx_word' id='word_1_440' title='bbox 1196 2692 1399 2744; x_wconf 78' lang='lat' dir='ltr'>capitanii,</span> <span class='ocrx_word' id='word_1_441' title='bbox 1432 2705 1544 2730; x_wconf 86' lang='lat' dir='ltr'>senza</span> <span class='ocrx_word' id='word_1_442' title='bbox 1573 2689 1747 2741; x_wconf 75' lang='lat' dir='ltr'>balaglia</span> <span class='ocrx_word' id='word_1_443' title='bbox 1771 2689 1813 2727; x_wconf 90' lang='lat' dir='ltr'>fo</span> 
     </span>
     <span class='ocr_line' id='line_1_46' title="bbox 378 2741 1812 2798; baseline -0.002 -15"><span class='ocrx_word' id='word_1_444' title='bbox 378 2758 495 2798; x_wconf 76' lang='lat' dir='ltr'>preso</span> <span class='ocrx_word' id='word_1_445' title='bbox 524 2748 618 2783; x_wconf 87' lang='lat' dir='ltr'>vivo</span> <span class='ocrx_word' id='word_1_446' title='bbox 662 2758 736 2782; x_wconf 89' lang='lat' dir='ltr'>con</span> <span class='ocrx_word' id='word_1_447' title='bbox 776 2749 869 2784; x_wconf 82' lang='lat' dir='ltr'>tutti</span> <span class='ocrx_word' id='word_1_448' title='bbox 898 2749 910 2784; x_wconf 87' lang='lat' dir='ltr'>i</span> <span class='ocrx_word' id='word_1_449' title='bbox 947 2746 1072 2786; x_wconf 91' lang='lat' dir='ltr'>nobili</span> <span class='ocrx_word' id='word_1_450' title='bbox 1101 2747 1165 2786; x_wconf 86' lang='lat' dir='ltr'>del</span> <span class='ocrx_word' id='word_1_451' title='bbox 1195 2761 1266 2785; x_wconf 86' lang='lat' dir='ltr'>suo</span> <span class='ocrx_word' id='word_1_452' title='bbox 1296 2748 1484 2798; x_wconf 85' lang='lat' dir='ltr'>imperio,</span> <span class='ocrx_word' id='word_1_453' title='bbox 1516 2754 1555 2784; x_wconf 83' lang='lat' dir='ltr'>et</span> <span class='ocrx_word' id='word_1_454' title='bbox 1584 2751 1744 2783; x_wconf 77' lang='lat' dir='ltr'>menate</span> <span class='ocrx_word' id='word_1_455' title='bbox 1772 2741 1812 2780; x_wconf 88' lang='grc'>31</span> 
     </span>
     <span class='ocr_line' id='line_1_47' title="bbox 377 2798 1810 2854; baseline -0.003 -15"><span class='ocrx_word' id='word_1_456' title='bbox 377 2799 578 2854; x_wconf 85' lang='lat' dir='ltr'>paviglion</span> <span class='ocrx_word' id='word_1_457' title='bbox 619 2799 670 2838; x_wconf 89' lang='lat' dir='ltr'>de</span> <span class='ocrx_word' id='word_1_458' title='bbox 706 2799 913 2841; x_wconf 84' lang='lat' dir='ltr'>Amorato.</span> <span class='ocrx_word' id='word_1_459' title='bbox 980 2802 1034 2840; x_wconf 87' lang='lat' dir='ltr'>Et</span> <span class='ocrx_word' id='word_1_460' title='bbox 1079 2802 1182 2841; x_wconf 87' lang='lat' dir='ltr'>visto</span> <span class='ocrx_word' id='word_1_461' title='bbox 1218 2801 1255 2840; x_wconf 86' lang='lat' dir='ltr'>el</span> <span class='ocrx_word' id='word_1_462' title='bbox 1297 2808 1466 2854; x_wconf 76' lang='lat' dir='ltr'>tyrano,</span> <span class='ocrx_word' id='word_1_463' title='bbox 1518 2800 1555 2840; x_wconf 88' lang='lat' dir='ltr'>el</span> <span class='ocrx_word' id='word_1_464' title='bbox 1589 2798 1707 2853; x_wconf 85' lang='lat' dir='ltr'>quale</span> <span class='ocrx_word' id='word_1_465' title='bbox 1733 2809 1810 2836; x_wconf 87' lang='lat' dir='ltr'>con</span> 
     </span>
    </p>
   </div>
  </div>
 </body>
</html>
