1916 3210
289 145 328 215 ά
339 167 358 203 ¹
372 165 402 203 2
783 167 967 210 nume
987 165 1259 210 ms‘romA

287 265 466 322 perador
493 267 532 309 le
558 282 655 311 cose
682 268 959 318 intravenute,
991 275 1032 309 et
1062 267 1200 324 quello
1226 268 1302 310 che
1327 266 1436 311 dallo
1461 267 1630 324 imperio
1656 268 1734 311 mo

288 334 357 362 me
382 324 469 364 sert:
496 323 738 365 demandato
770 325 903 365 subito
933 324 983 364 da
1009 338 1073 364 me
1101 325 1191 365 sera
1217 326 1392 379 exquito,
1448 324 1610 366 Assentt
1640 325 1732 366 Mn-

289 376 482 418 chemeth
527 379 606 421 alla
635 387 814 433 resposta
852 379 904 419 de
930 378 1138 419 Demetrio
1153 409 1166 431 ,
1205 386 1247 420 et
1287 379 1416 420 anche
1451 393 1540 420 esso
1585 376 1735 434 scripse
1800 412 1802 414 .

288 431 610 486 ul'imperadore‚
641 433 888 488 pregandole
915 447 990 473 con
1018 432 1145 474 multa
1171 433 1347 475 efficacia
1377 433 1454 474 ch'e
1479 433 1604 489 quelli
1632 447 1733 490 pro-

288 486 375 542 fugi
403 488 633 539 seductori,
660 489 858 528 turbaturi
890 488 994 528 della
1032 502 1157 543 pace,
1202 489 1232 529 li
1259 489 1367 544 quali
1395 503 1519 530 erano
1547 503 1733 545 scampa-

289 542 324 582 ti
358 550 465 582 sotto
494 544 530 583 el
556 557 628 582 suo
659 544 854 596 imperio,
883 542 911 582 li
937 543 1089 584 volesse
1118 544 1216 584 dare
1251 547 1293 585 in
1323 543 1362 585 le
1388 559 1459 584 sue
1489 558 1633 596 mane,
1662 558 1733 584 co·

289 608 358 637 me
382 597 567 637 rechiede
593 597 631 637 la
659 598 755 638 fede·
777 605 842 638 tra
871 597 958 638 loro
987 607 1027 639 et
1065 599 1104 639 la
1132 606 1272 640 mutua
1301 599 1571 640 benivolentia
1600 606 1640 639 et
1664 613 1734 639 cn·

290 652 437 695 ritade.
491 652 688 692 Emanuel
715 653 965 706 imperador,
995 654 1278 709 respondendo
1303 669 1324 694 a
1342 653 1623 705 Mechemeffi,
1650 653 1735 695 cos'l

289 708 456 760 scripse.
528 707 808 759 Mechemeth,
852 722 966 748 come
999 715 1045 750 tu
1071 711 1150 757 sai,
1181 709 1244 749 col
1282 709 1418 749 debito
1446 710 1527 750 fine
1555 709 1612 749 ho
1637 722 1736 764 pro-

291 775 422 802 messo
448 775 556 801 esser
583 770 655 802 tuo
696 770 828 816 patre,
855 771 894 803 et
936 771 980 803 tu
1011 764 1077 804 col
1118 766 1385 807 conveniente
1413 764 1494 804 fine
1520 778 1627 804 esser
1651 765 1736 805 mio

291 815 456 869 figliolo.
524 816 581 856 Et
606 831 649 857 se
675 819 773 858 tutti
801 820 867 858 doi
898 818 1181 859 observeremo
1210 819 1248 859 le
1276 833 1370 860 cose
1399 831 1628 873 promesse,
1655 832 1734 858 con

294 871 363 910 noi
393 871 479 910 sera
506 870 544 910 el
572 873 699 913 timor
728 873 778 913 de
807 874 876 913 dio
902 881 943 913 et
969 873 1008 914 la
1045 875 1325 915 observatione
1353 873 1404 914 de
1431 872 1461 913 li
1486 876 1544 915 soi
1571 887 1738 914 coman-

293 925 487 968 damenti.
543 928 613 967 Ma
641 941 684 967 se
713 929 1035 982 prevaricaremo
1062 929 1090 969 li
1119 928 1442 975 comandamenti
1473 928 1524 969 de
1551 929 1641 979 dio,
1668 942 1738 968 ec-

294 994 344 1020 co
392 980 494 1020 ch'el
535 989 653 1035 patre
692 997 780 1023 sera
821 985 994 1024 traditor
1029 984 1095 1025 del
1123 985 1298 1039 figliolo,
1339 983 1444 1023 etio
1474 982 1623 1038 figliolo
1648 983 1736 1023 serii

295 1035 500 1076 chiamuto
530 1037 732 1078 homicida
761 1038 826 1079 del
856 1046 983 1094 patre.
1039 1041 1084 1079 Io
1112 1045 1342 1080 veramente
1360 1037 1583 1078 ohservarb
1611 1037 1639 1078 li
1669 1051 1739 1077 zu-

294 1093 482 1133 ramenti.
549 1094 618 1132 Ma
659 1107 701 1132 se
727 1100 775 1133 tu
804 1108 887 1134 non
931 1094 959 1134 li
989 1096 1099 1134 vomi
1127 1096 1342 1136 observare
1361 1124 1372 1145 ‚
1402 1092 1510 1132 l'aito
1539 1093 1606 1133 dio
1636 1093 1740 1134 iusto

296 1146 430 1186 iudice
461 1148 589 1187 faccia
628 1148 825 1188 vendecta
851 1149 958 1189 dello
989 1149 1126 1190 offeso.
1183 1152 1252 1190 Ma
1280 1148 1359 1189 deii
1385 1148 1569 1202 profugi,
1596 1147 1633 1187 la
1661 1147 1740 1187 do-

295 1202 445 1241 manda
471 1203 521 1241 de
547 1202 708 1243 tradirli
736 1205 776 1243 in
806 1205 843 1244 le
869 1211 939 1244 tue
972 1218 1093 1244 mane
1121 1219 1203 1245 non
1232 1206 1334 1245 deve
1359 1217 1466 1242 esser
1492 1202 1618 1243 aldita
1646 1201 1740 1242 dale

297 1257 484 1296 orecchie
501 1260 612 1305 mie,
647 1258 795 1311 perche
821 1267 935 1299 certe
965 1266 1111 1314 questa
1137 1275 1218 1300 non
1248 1261 1350 1300 seria
1380 1272 1503 1312 opera
1531 1258 1661 1312 degna
1688 1256 1741 1298 de

219 1323 285 1349 120
298 1313 482 1364 imperio,
521 1327 587 1351 ma
614 1316 822 1366 tyrannica
854 1314 1125 1368 malignitade.
1182 1315 1239 1355 Et
1265 1329 1307 1354 se
1329 1315 1366 1353 io
1385 1341 1397 1363 ,
1427 1326 1543 1352 come
1573 1312 1744 1352 adivene

295 1366 404 1406 nelle
433 1381 523 1407 cose
559 1367 754 1419 humane,
802 1369 966 1409 havesse
992 1371 1172 1409 cacciato
1200 1369 1236 1408 el
1266 1370 1346 1408 mio
1371 1367 1550 1418 fratello,
1581 1367 1617 1406 el
1644 1365 1741 1422 qual

295 1421 542 1474 scampando
570 1422 734 1462 havesse
763 1423 916 1463 havuto
957 1424 1148 1477 confugio
1167 1430 1276 1464 sotto
1292 1423 1328 1463 le
1361 1429 1430 1461 tue
1457 1422 1542 1471 ale,
1569 1421 1742 1460 doman-

298 1477 437 1517 dando
465 1479 503 1517 io
532 1492 556 1517 a
585 1485 626 1518 te
650 1477 785 1532 quello
813 1492 888 1532 per
918 1479 1146 1528 amazarlo,
1188 1480 1293 1519 melo
1319 1478 1516 1517 haveresti
1539 1482 1584 1515 tu
1612 1475 1747 1515 dato?

297 1540 408 1573 certe
435 1547 535 1576 non.
560 1539 603 1573 et
631 1548 674 1573 se
701 1533 797 1573 dato
821 1547 890 1573 me
917 1532 958 1573 lo
976 1533 1144 1583 havessi,
1174 1533 1312 1575 saresti
1340 1538 1445 1572 stato
1474 1531 1672 1572 traditore
1701 1537 1743 1570 et

296 1588 511 1629 micidiale.
566 1589 688 1642 Sappi
715 1589 904 1642 adunque
927 1588 1002 1628 che
1040 1595 1180 1644 questa
1209 1586 1410 1628 domanda
1456 1600 1479 1626 a
1508 1593 1550 1625 te
1575 1600 1653 1640 per
1679 1599 1747 1625 me

250 1690 253 1695 Α
297 1643 378 1684 mai
423 1658 505 1682 non
546 1646 651 1683 seria
679 1658 887 1693 concessa,
919 1657 990 1697 per
1028 1657 1136 1682 esser
1164 1657 1281 1696 sopra
1309 1643 1346 1683 el
1375 1640 1497 1681 modo
1528 1642 1676 1680 iniusta
1704 1647 1745 1680 et

299 1700 522 1740 desonesta.
601 1699 929 1748 Nientedimeno,
970 1698 1117 1752 perche
1165 1711 1262 1737 sono
1302 1711 1378 1738 con
1418 1696 1581 1736 vinculo
1610 1708 1744 1735 sacra-

298 1754 474 1793 mentale
513 1754 749 1793 constituito
784 1755 826 1792 in
855 1752 944 1792 loco
982 1753 1033 1792 de
1067 1760 1140 1792 tuo
1168 1761 1307 1806 patre,
1350 1758 1390 1790 et
1417 1764 1514 1790 zuro
1537 1764 1609 1806 per
1637 1749 1749 1789 l’uno

299 1808 368 1848 dio
398 1809 706 1861 omnipotente,
757 1807 920 1847 laudato
958 1807 999 1845 in
1029 1806 1068 1847 la
1093 1809 1231 1847 trinita
1261 1820 1424 1861 apresso
1452 1805 1503 1846 de
1529 1807 1595 1845 noi
1623 1803 1747 1843 Chri..

300 1864 449 1914 stiani,
488 1863 590 1902 ch'el
617 1863 791 1916 profugo
819 1863 996 1902 Mustafa
1037 1861 1085 1901 e'l
1128 1876 1201 1902 suo
1232 1874 1456 1915 compagno
1489 1859 1631 1899 Zenait
1664 1873 1748 1898 non

299 1918 429 1959 ussira
471 1917 576 1957 della
600 1913 776 1971 prexon3
807 1917 882 1956 che
911 1917 1052 1957 cedera
1079 1917 1119 1956 al
1145 1917 1290 1957 ducato
1320 1925 1358 1956 et
1385 1915 1463 1955 alla
1491 1916 1573 1955 vita
1599 1914 1747 1952 huma..

301 1988 369 2017 na.
427 1974 481 2012 Et
508 1987 550 2012 se
577 1979 721 2026 questo
747 1987 828 2012 non
858 1979 897 2012 te
927 1971 1102 2025 agrada,
1132 1973 1171 2011 fa
1201 1972 1247 2012 zb
1276 1972 1350 2012 che
1376 1977 1421 2010 tu
1453 1969 1550 2011 voli.
1607 1968 1645 2008 A
1664 1969 1751 2008 De·-

265 2024 281 2038 ”
301 2030 446 2069 metrio
475 2029 675 2067 Leondari
701 2043 777 2081 per
799 2042 869 2067 sue
899 2028 1040 2067 lettere
1070 2026 1269 2066 comandb
1297 2027 1371 2066 che
1403 2025 1567 2074 subito,
1595 2024 1691 2063 lecti
1718 2022 1753 2067 li-

301 2084 363 2124 soi
402 2083 754 2131 comandamenfi,
799 2083 905 2122 fazza
948 2088 1120 2122 mettere
1167 2083 1207 2120 in
1252 2096 1331 2121 una
1373 2079 1478 2134 galia
1505 2078 1680 2118 Mustafa
1710 2083 1751 2117 et

303 2140 445 2179 Zenait
470 2153 545 2177 con
575 2138 604 2177 li
632 2140 691 2178 soi
719 2140 897 2192 sequaci,
930 2145 971 2177 et
999 2139 1278 2177 incontinente
1302 2137 1329 2176 li
1358 2134 1566 2177 mandasse
1593 2147 1615 2172 a
1639 2133 1750 2172 Con-

303 2192 565 2245 stantinopoli
613 2208 636 2232 a
668 2192 707 2232 la
749 2207 821 2245 sua
864 2193 1092 2245 presentia,
1139 2199 1180 2231 et
1206 2192 1297 2230 fora
1337 2190 1402 2230 del
1431 2203 1503 2229 suo
1530 2187 1751 2227 comanda-

305 2256 444 2288 mento
473 2263 555 2287 non
600 2248 762 2288 facesse.
836 2247 1091 2288 Mechemeth
1117 2252 1347 2286 veramente
1373 2242 1622 2297 ‘ripensando
1645 2240 1750 2281 colla

306 2302 478 2343 sollicita
509 2310 642 2343 mente
682 2303 720 2342 le
747 2317 839 2342 cose
877 2303 952 2343 che
979 2301 1138 2355 poteria
1164 2301 1350 2354 sequire‚
1383 2306 1423 2339 et
1450 2298 1524 2337 che
1551 2295 1644 2336 dalo
1672 2297 1751 2334 im·-

306 2358 506 2412 peradore
547 2357 827 2397 lezieramente
863 2358 1026 2412 poderia
1066 2370 1171 2396 esser
1218 2356 1408 2409 inganato
1429 2382 1441 2402 ‚
1484 2366 1566 2391 non
1593 2351 1752 2404 podeva

307 2414 506 2467 riposare.
560 2413 629 2452 Ma
653 2413 839 2453 havendo
865 2415 993 2453 inteso
1022 2411 1060 2451 le
1091 2411 1227 2463 parole
1257 2407 1463 2462 imperiaie
1479 2421 1554 2447 con
1573 2404 1753 2467 solemne

305 2475 557 2509 sacramento
600 2468 797 2518 fermate,
839 2468 914 2508 che
956 2466 1130 2507 Mustafa
1177 2480 1199 2505 e
1225 2463 1366 2505 Zenait
1406 2463 1485 2502 tine
1523 2459 1593 2500 alli
1620 2459 1753 2526 ultimJ

305 2525 468 2564 termini
499 2522 607 2562 della
653 2522 720 2562 lor
748 2524 831 2562 vita
861 2537 945 2563 non
970 2524 1129 2562 seriano
1159 2521 1249 2560 fore
1280 2519 1384 2559 de-lie
1410 2530 1612 2572 prexone,
1641 2527 1755 2554 cesso

305 2578 359 2619 de
398 2577 589 2618 molestar
618 2577 843 2618 Salonichi.
901 2578 956 2618 Et
999 2577 1148 2631 partito
1177 2576 1228 2615 de
1257 2574 1286 2614 Γι
1313 2587 1445 2614 venne
1471 2573 1514 2611 in
1544 2568 1754 2610 Andrino·

306 2633 418 2688 poli,
470 2632 738 2672 descarcando
785 2632 825 2671 la
854 2639 988 2672 mente
1026 2630 1122 2671 delli
1163 2630 1292 2670 amari
1339 2625 1530 2689 pensieri,
1566 2626 1614 2688 in
1654 2636 1756 2676 paee

233 2687 515 2737 unconsolato
552 2687 668 2729 visse.
724 2688 935 2727 Demetrio
965 2686 1171 2726 Leondari
1203 2684 1381 2724 secundo
1408 2679 1448 2721 lo
1474 2678 1657 2733 imperial
1686 2691 1756 2716 co-

309 2742 595 2785 mandamento
626 2741 739 2781 armb
768 2756 847 2782 una
875 2742 1006 2796 galia,
1037 2743 1077 2780 in
1105 2739 1144 2780 la
1173 2740 1267 2792 qual
1296 2752 1393 2792 pose
1418 2735 1593 2777 Mustafa
1622 2739 1663 2774 et
1680 2733 1757 2772 ze-
