1916 3210
321 141 437 212 458
779 162 962 207 DUCAE
1009 152 1265 206 msromA

322 263 496 315 celeste,
521 263 597 305 che
624 264 770 320 pariva
801 264 842 305 in
873 263 1010 318 quella
1038 263 1172 304 chiesa
1202 259 1307 305 esser
1335 263 1374 305 la
1399 260 1528 319 glorie
1557 264 1645 317 del.
1677 280 1768 312 ara-

319 317 426 360 diso.
483 320 612 360 Tutta
641 319 818 361 Venexia
850 318 1028 359 iubilava
1050 348 1063 370 ,
1105 333 1189 361 non
1218 320 1376 374 podeva
1414 327 1535 362 tener
1573 320 1615 363 le'
1640 281 1766 373 ficri,-

318 388 385 414 me
412 374 462 415 de
477 381 703 426 tenerezza,
729 374 781 414 de
809 374 939 414 carita
967 381 1009 414 et
1039 373 1090 415 de
1115 386 1268 415 amore.
1296 375 1418 416 Molti
1445 374 1655 428 dicendo}
1675 393 1764 426 non

318 442 389 468 era
432 430 586 483 grande
631 443 779 474 errore,
814 428 866 468 de
893 427 1020 482 quelli
1053 429 1067 469 i
1088 429 1207 523 §nali
1235 430 1441 471 credeano
1472 429 1501 470 li
1529 434 1651 478 Greci
1663 447 1763 478 -non

319 483 472 524 havere
499 484 537 524 el
565 498 663 525 vero
697 483 838 523 divino
868 483 1019 524 culto?
1125 499 1179 525 on
1203 499 1304 526 sono
1332 485 1446 540 impii
1480 486 1568 526 loro
1593 486 1671 528 che
1699 488 1767 533 di·-

317 552 427 578 cono
456 539 486 579 li
515 539 635 579 Greci
658 547 762 578 'non
796 552 902 579 esser
936 546 1167 580 veramente
1193 540 1280 594 pii?
1335 539 1591 582 Partendose
1627 542 1762 585 adun—

318 607 401 646 que
428 593 465 633 el
494 592 726 647 patriarcha
762 600 802 633 et
837 593 880 633 lo
910 593 1167 647 imperadore
1206 595 1258 635 da
1287 595 1463 636 Venexia
1502 609 1684 638 venneto
1712 599 1766 642 ad

319 648 515 698 Ferrara,
534 648 639 688 dove
659 647 932 689 comenzando
954 649 991 688 la
1013 649 1133 698 dieta,
1163 649 1203 690 la
1219 649 1451 704 pestilentia
1471 651 1608 692 invase
1629 653 1764 706 quella

319 703 412 743 cita.
467 702 588 742 Onde
613 703 896 744 deliberarono
925 706 1194 758 partirse,*et
1222 719 1402 746 vennero
1429 705 1470 744 in
1500 705 1540 746 la
1571 706 1675 760 bella
1704 710 1764 749 ci·

319 758 363 798 ta
397 757 448 798 de
475 757 511 797 F
514 757 676 798 iorenza
694 787 706 810 ,
756 758 865 799 dove
890 759 1075 813 Eugenio
1097 789 1109 807 ‚
1154 767 1292 800 sancto
1338 761 1529 814 pontifice
1555 761 1766 816 Romano,

320 812 503 852 cominzi)
528 811 569 852 lo
595 812 777 867 Synodo.
834 814 1024 868 Principe
1051 813 1156 854 della
1183 816 1346 855 natione
1373 815 1500 856 Greca
1527 815 1569 856 fo
1598 818 1762 862 Marcus

320 867 529 920 Ephesio:
560 868 598 908 el
627 870 808 922 principe
835 868 900 909 dei
929 870 1059 909 Latini
1086 870 1128 909 so
1156 869 1336 920 Iuliano,
1366 870 1493 911 molto
1521 873 1760 914 venerando

319 922 524 962 cardinale
538 922 589 962 de
605 923 755 963 Sancta
772 925 918 975 Croxe,
936 924 1061 964 homo
1083 923 1133 964 de
1154 925 1303 977 grande
1318 927 1511 979 sapientia
1541 933 1583 966 et
1607 927 1760 968 doctri-

319 990 373 1016 na
402 976 510 1017 della
547 977 639 1018 fede
666 979 906 1032 evangelica.
972 981 1112 1018 Marco
1139 979 1345 1032 Ephesio,
1378 980 1500 1019 homo
1530 981 1582 1020 de
1605 983 1763 1035 grande

316 1032 482 1071 scientia
510 1039 552 1072 et
578 1033 760 1073 doctrina
780 1062 793 1084 ,
823 1034 864 1073 in
891 1033 929 1073 le
960 1048 1054 1074 cose
1091 1034 1195 1074 della
1241 1042 1379 1075 sancta
1409 1036 1599 1088 religione
1626 1043 1668 1076 et
1694 1051 1760 1078 sa-

320 1087 384 1126 cri
409 1086 573 1127 concilii
605 1088 644 1127 di
673 1089 894 1128 Christiani
921 1088 1050 1128 molto
1076 1088 1347 1143 intelligente,
1375 1090 1563 1144 Bysarios
1589 1091 1641 1131 de
1669 1091 1760 1146 Ny.

316 1141 458 1194 chiea,
490 1149 531 1182 et
563 1143 719 1182 Isidoro
753 1143 1041 1184 archivescovo
1068 1144 1119 1183 de
1146 1143 1302 1195 Rosias,
1332 1148 1461 1198 questi
1490 1144 1670 1186 erano'li
1697 1148 1762 1187 tre

315 1198 436 1236 Greci
466 1196 686 1238 doctissimi
716 1198 766 1238 de
788 1199 882 1238 tutti
915 1198 945 1238 li
976 1198 1070 1238 altri
1099 1199 1260 1239 vescovi
1288 1207 1329 1239 et
1360 1199 1651 1241 archivescovi.
1704 1202 1758 1250 El

235 1254 304 1300 ²¹4
316 1252 468 1306 grande
481 1252 634 1292 biblico
644 1252 860 1293 Valsamon
873 1253 1155 1294 archidiacono
1166 1269 1177 1306 3
1194 1256 1390 1294 Gemistos
1405 1255 1759 1307 Lachiedemonio‚

314 1321 464 1360 magno
495 1307 762 1361 philosopho,
808 1308 992 1362 principe
1017 1309 1124 1349 della
1162 1316 1268 1348 secta
1305 1310 1546 1361 Platonica3
1579 1311 1757 1365 Georgio

312 1361 495 1402 Scutario
512 1361 787 1413 Aristotelico,
810 1366 985 1403 maximo
1007 1363 1252 1417 philosopho
1273 1370 1314 1403 et
1342 1364 1559 1418 theologo3
1590 1366 1759 1419 Argiro-

312 1417 410 1470 polo
431 1424 593 1458 oratore
618 1424 658 1456 et
675 1417 932 1472 philosopho.
963 1418 1043 1458 Per
1068 1418 1198 1458 l'altra
1218 1425 1333 1471 parte
1361 1419 1403 1458 di
1423 1420 1558 1459 Latini
1586 1427 1758 1462 stavano

313 1470 367 1511 de
402 1471 564 1512 diverse
610 1472 815 1526 provintie
851 1479 893 1513 et
922 1472 1062 1512 ordini
1105 1472 1155 1513 de
1182 1473 1360 1527 religiosi
1388 1475 1550 1514 maximi
1577 1474 1756 1530 theologi

310 1533 354 1566 et
386 1527 609 1577 canonisti,
653 1533 695 1567 et
721 1527 773 1567 de
793 1529 888 1581 ogni
918 1527 1152 1567 achademia
1193 1527 1349 1568 doctori
1377 1529 1497 1568 exmi.
1558 1529 1649 1582 „De
1675 1545 1757 1571 una

311 1587 355 1621 et
380 1580 513 1621 l’altra
545 1581 683 1638 lingua
712 1585 844 1623 Greca
871 1590 911 1623 et
943 1583 1085 1623 Latina
1125 1583 1166 1622 fo
1195 1584 1235 1622 lo
1264 1585 1487 1637 interprete
1515 1585 1757 1637 sapientissi-

310 1649 383 1676 mo
410 1636 600 1677 Nicolaus
637 1637 889 1692 SagundinO.
952 1637 1083 1677 Eivos
1118 1637 1224 1677 facte
1261 1639 1385 1678 molte
1428 1638 1538 1678 diete
1567 1646 1607 1678 et
1630 1641 1753 1680 molte

309 1691 603 1740 altercatione,
647 1700 688 1732 et
722 1694 894 1746 compite
925 1691 963 1732 le
1001 1692 1153 1746 longhe
1196 1692 1468 1747 disputatione
1495 1693 1687 1748 generale
1713 1701 1756 1736 et

308 1747 574 1800 particulare,
601 1747 831 1788 finalmente
857 1755 1036 1787 cessante
1063 1748 1100 1787 le
1128 1748 1412 1800 contentione,
1443 1755 1483 1788 et
1512 1756 1754 1790 consenten-

309 1801 364 1840 do
391 1801 422 1840 li
450 1802 573 1842 Greci
603 1810 644 1841 et
669 1803 829 1852 Latini,
863 1809 1028 1856 excepto
1058 1804 1202 1842 Marco
1229 1803 1432 1856 Ephesio,
1462 1803 1680 1858 giurarono
1711 1804 1753 1845 la

308 1856 463 1896 unione
501 1856 606 1897 della
646 1857 779 1898 chiesa
819 1857 1030 1898 Orientale
1066 1871 1139 1897 con
1171 1858 1209 1897 la
1239 1858 1369 1899 chiesa
1399 1858 1663 1900 Occidentale
1689 1859 1756 1900 001

306 1919 447 1951 sancto
472 1919 514 1952 et
542 1912 826 1967 inrefragabile
856 1912 1048 1963 decreto,
1075 1912 1247 1966 sigillato
1275 1914 1338 1953 col
1373 1912 1504 1967 sigillo
1526 1913 1633 1953 della
1659 1927 1755 1955 san-

309 1973 375 2006 cta
407 1965 497 2006 fede
529 1966 738 2008 Catholica
761 1997 773 2018 ,
804 1982 915 2007 arma
946 1974 985 2007 et
1024 1967 1186 2008 vessillo
1216 1967 1321 2008 della
1349 1968 1643 2018 Christianita‚
1675 1983 1753 2010 con

307 2020 348 2060 le
373 2021 701 2063 inmaledictione
733 2029 775 2063 et
803 2037 931 2077 poena
947 2022 1051 2062 della
1078 2023 1334 2063 damnatione
1361 2031 1499 2064 eterna
1529 2034 1552 2063 a
1578 2023 1755 2077 qualun-

310 2090 390 2130 que
417 2078 648 2117 contradira
685 2092 782 2118 over
824 2079 1115 2118 contravenera
1148 2093 1219 2132 per
1246 2078 1363 2118 alcun
1390 2078 1512 2118 modo
1541 2078 1644 2119 ch’el
1669 2080 1755 2133 spi-

308 2133 390 2171 rito
418 2140 556 2173 sancto
583 2147 663 2172 non
691 2133 863 2187 proceda
882 2133 947 2173 dal
970 2141 1080 2187 patre
1107 2140 1149 2173 et
1177 2133 1243 2173 dal
1271 2133 1423 2187 figliolo
1439 2147 1552 2173 come
1583 2133 1637 2172 da
1668 2147 1754 2174 uno

308 2187 514 2241 principio
559 2196 599 2227 et
633 2189 684 2227 da
712 2203 793 2228 una
824 2190 1111 2242 processione3
1157 2188 1192 2228 el
1220 2188 1337 2242 quale
1364 2187 1393 2227 li
1423 2188 1545 2228 Greci
1577 2187 1752 2228 diceano

310 2241 387 2280 che
411 2243 589 2295 procede
617 2243 682 2282 dal
711 2251 829 2297 putre
853 2259 927 2297 per
955 2243 992 2282 el
1020 2242 1183 2297 figliolo.
1239 2244 1353 2283 Sotto
1381 2242 1591 2282 scrivendo
1619 2242 1752 2283 adon-

310 2310 390 2349 que
418 2299 513 2336 tutti
537 2298 587 2338 de
614 2299 780 2352 propria
808 2295 927 2339 mano
954 2299 993 2338 la
1021 2313 1093 2338 sua
1119 2299 1380 2345 confessione,
1412 2305 1453 2337 et
1470 2298 1752 2337 concelebrata

310 2358 350 2388 ct
375 2356 672 2393 communicata
698 2360 838 2408 questa
861 2361 997 2394 sancta
1026 2354 1173 2393 unione
1201 2353 1268 2392 nel
1287 2353 1482 2392 sacrificio
1501 2352 1640 2392 divino
1672 2366 1750 2392 con

308 2405 347 2444 la
366 2420 492 2446 messa
514 2408 706 2449 sollemne
726 2412 854 2449 Greca
873 2417 914 2449 et
932 2410 1088 2455 Latina,
1112 2409 1443 2453 abbracciandosi
1462 2414 1503 2447 et
1519 2408 1749 2447 basiandosi

310 2460 476 2511 inseme,
516 2472 681 2517 excepto
705 2467 844 2504 Marco
862 2494 874 2515 ‚
913 2479 953 2504 se
974 2467 1186 2517 partirono
1211 2464 1261 2503 da
1286 2464 1493 2506 Fiorenza.
1530 2464 1589 2502 La
1619 2477 1746 2502 caxon

309 2514 384 2554 che
410 2519 598 2557 cruciava
626 2521 767 2558 Marco
793 2534 859 2558 era
905 2519 944 2558 la
973 2515 1163 2559 additone
1205 2519 1313 2558 facta
1345 2519 1384 2558 al
1411 2518 1581 2557 simbolo
1607 2531 1679 2570 per
1706 2517 1745 2556 la

307 2569 453 2609 chiesia
471 2572 733 2613 occidentale
750 2589 868 2614 senza
886 2574 1082 2614 rechiesfa
1102 2574 1206 2613 della
1229 2574 1379 2613 ehiesia
1400 2573 1451 2612 de
1468 2573 1653 2622 Oriente,
1680 2571 1746 2610 di-

308 2625 437 2665 cendo
458 2640 470 2664 :
511 2627 675 2678 togliate
703 2629 767 2669 via
797 2629 929 2682 quella
961 2637 1081 2668 zonta
1110 2628 1217 2669 dalla
1247 2629 1494 2668 confessione
1523 2626 1628 2667 della
1647 2640 1744 2666 vera

308 2679 424 2730 fede3
454 2686 494 2720 et
508 2684 572 2733 poi
596 2685 757 2736 quando
781 2685 927 2735 volete,
947 2698 1020 2723 con
1040 2684 1265 2724 l'auetorita
1284 2683 1326 2722 di
1343 2682 1464 2723 Greci
1490 2683 1548 2721 sia
1565 2688 1681 2735 posta
1702 2688 1743 2721 et

309 2741 469 2778 cantata
509 2738 550 2775 in
593 2736 630 2777 lc
670 2738 838 2790 chiesie,
877 2753 989 2779 come
1017 2738 1119 2779 altre
1156 2738 1263 2778 volte
1293 2738 1328 2778 el
1357 2737 1506 2792 figliolo
1536 2736 1743 2790 unigenito
