1916 3210
0 677 28 699 ,Α
16 654 17 658 Α
0 231 23 614 -r*:·b÷—···-„·=³⁴:·r·⁷':⁴stz:eos-vr<
0 141 25 209 Ἰ,νς-,τ
20 111 21 114 Α

442 150 654 195 iumen
705 151 1041 197 mmmm
1086 148 1339 195 meam-o,
1494 131 1634 209 457
1670 203 1672 205 ,

163 255 305 311 ,puina
343 251 422 301 che
463 254 595 300 bavae
619 254 796 297 cacciata
823 263 867 311 et
889 257 1034 297 afflicta
1048 282 1062 310 -,
1090 253 1187 310 glila
1211 252 1381 294 havesse
1405 251 1615 295 subtracta

168 311 278 353 detta
302 309 413 366 gola-
474 312 610 353 Morat
645 312 839 367 adunque
876 311 962 352 feze
984 324 1142 352 armare
1172 310 1245 365 pin
1271 309 1323 349 de
1363 316 1482 349 cento
1511 309 1615 364 galie
1626 321 1691 347 211

168 373 213 408 et
253 365 349 409 altri
366 365 503 408 <molti
542 366 686 408 navilii
723 374 765 408 et
810 367 1068 422 parantarie‚
1104 372 1148 407 et
1173 364 1351 406 carcat-le
1378 364 1431 404 de
1457 364 1617 405 diverse

170 420 397 476 artigliarie
417 429 462 462 et
491 422 725 463 munitione
754 423 807 463 da
849 423 1122 472 combattere,
1151 421 1204 462 de
1225 433 1363 475 grosse
1391 419 1620 464 bombat-de

169 477 336 527 eremi
356 479 559 519 ⁴tormenti
586 477 755 530 bellici,
785 478 958 518 facendo
983 478 1023 519 le
1051 477 1235 519 condux-e
1249 489 1322 531 per
1348 476 1386 516 le
1409 475 1618 520 Danubio.

169 531 325 575 Ianua
344 545 539 588 *persona
579 532 635 574 ad
675 548 760 574 uno
803 540 944 588 tempo
985 532 1092 574 collu
1120 534 1295 574 exercito
1337 545 1409 586 per
1438 537 1554 572 terra
1579 538 1621 571 et

166 585 354 632 lsai-mata
375 601 450 643 per
476 600 610 644 acqua
636 602 769 629 venne
797 588 877 629 8110
907 589 1064 630 assedio
1095 588 1147 629 de
1174 586 1430 642 Bellogrado.
1485 587 1620 628 Stette

166 643 227 691 μοί
253 645 360 690 mesi-
393 643 590 696 intorno,
621 644 674 684 da
708 646 803 700 ogni
847 651 963 699 parte
991 643 1314 686 conbattendolo
1355 642 1401 683 di
1429 649 1470 683 et
1495 649 1622 683 nocte

167 711 251 741 con
276 699 506 752 asprizsime
533 699 724 754 bataglie.
749 715 827 756 per
855 702 895 740 la
925 700 1205 740 misericordia
1236 699 1288 739 de
1309 698 1378 738 dio
1407 704 1447 739 et
1477 698 1618 739 valido

168 753 354 808 presidio
376 755 431 794 de
456 755 486 795 li
509 755 694 810 Hungari
709 785 720 807 ‚
772 755 908 811 quella
937 756 1070 796 citade
1095 758 1138 795 in
1166 755 1205 795 la
1234 754 1324 794 fede
1349 767 1393 794 se
1418 761 1621 794 manteue.

90 839 100 846 .
167 809 239 854 Ma
266 808 363 850 delli
391 809 548 852 Turchi
590 811 708 851 molti
738 812 892 865 signori
921 819 962 852 et
990 819 1105 852 zente
1131 810 1233 851 assai
1261 809 1451 850 valorosa
1476 810 1518 850 in
1545 810 1622 850 ba·-

162 862 296 919 ,taglia
324 871 441 920 parte
485 866 530 907 fo
559 873 693 907 morta
722 866 806 907 dali
837 867 1050 922 Hungari‚
1092 866 1168 906 che
1194 880 1272 906 con
1302 864 1455 920 grande
1481 867 1620 905 animo

167 925 212 962 et
244 934 322 961 usu
366 921 418 961 de
455 922 633 976 bataglie
682 922 917 964 virilmente
947 922 1137 963 defendia
1175 921 1214 962 18
1245 921 1402 969 citade3
1433 927 1549 974 parte
1577 920 1620 960 fo

159 983 303 1020 morta
335 975 445 1017 dalla
485 978 612 1032 spada
654 977 720 1026 del
761 978 1046 1032 omnipotente
1090 977 1185 1027 dio,
1219 976 1296 1017 che
1323 976 1472 1016 mando
1499 990 1622 1031 sopra

167 1030 308 1086 quella
331 1039 448 1073 zente
474 1034 593 1074 sen'za
622 1033 726 1074 lezze
750 1041 791 1074 et
827 1048 944 1074 senza
977 1033 1067 1074 fede
1093 1046 1179 1075 una
1203 1031 1437 1087 pestilentia
1463 1039 1622 1072 morta-

167 1088 208 1128 le
227 1115 240 1138 ,
266 1086 343 1128 che
373 1088 513 1131 subito
540 1088 650 1130 feriti
677 1089 730 1130 (18
757 1088 798 1130 18
825 1089 1021 1144 pestifera
1049 1095 1204 1144 sagetta
1233 1088 1432 1128 cadivano
1461 1103 1484 1128 a
1513 1095 1622 1128 terra

165 1142 310 1184 morti.

278 1200 326 1247 In
355 1206 499 1254 questo
525 1207 665 1254 tempo
695 1200 850 1240 Ioanne
879 1199 1112 1254 imperador
1140 1198 1181 1238 di
1214 1199 1334 1239 Greci
1357 1228 1369 1246 ‚
1397 1205 1439 1238 et
1465 1199 1584 1253 losep
1605 1216 1701 1248 ‚nn

166 1261 308 1296 sancto
332 1255 568 1321 patriarcha
597 1256 648 1296 de
673 1255 1050 1310 Constantinopoli,
1084 1268 1161 1294 con
1188 1254 1342 1309 grande
1373 1267 1543 1294 numero
1571 1254 1624 1294 de
1692 1277 1695 1278 ν

90 1324 93 1326 ·
165 1311 350 1366 episcopi
378 1317 422 1352 et
445 1312 634 1366 generosi
662 1312 864 1366 principi,
894 1313 1148 1366 navigavano
1177 1313 1217 1349 in
1251 1310 1366 1350 Italia
1391 1323 1469 1363 per
1490 1309 1555 1349 far
1582 1308 1622 1349 el

165 1365 342 1407 concilio
371 1373 413 1408 et
439 1365 480 1406 la
525 1369 691 1411 unione.
747 1367 994 1420 Congregati
1021 1365 1211 1420 adunque
1239 1365 1291 1405 de
1318 1366 1435 1415 Asia,
1468 1365 1622 1406 ΤΙ-8018

165 1427 210 1462 et
235 1421 336 1465 (18111
363 1421 494 1467 sancti
541 1423 780 1463 monasterii
827 1423 879 1464 de
911 1423 1056 1462 Monte
1084 1427 1227 1461 sancto
1246 1449 1259 1472 ‚
1288 1420 1404 1460 molti
1432 1420 1623 1460 monachi

165 1477 387 1523 venerandi
411 1484 454 1518 et
477 1478 582 1518 sacri
603 1477 803 1531 Theologi
833 1477 937 1519 della
967 1477 1251 1518 adon-atissima
1280 1477 1480 1529 religione
1507 1476 1559 1516 de
1577 1477 1621 1520 S.

168 1532 349 1585 Bauium
388 1540 430 1574 et
457 1540 564 1574 tutta
590 1539 737 1588 questa
765 1535 864 1574 Sino
895 1532 1178 1586 Theologicha
1207 1533 1353 1572 veniva
1387 1531 1428 1571 in
1456 1546 1622 1586 compa..

198 1589 268 1629 nia
288 1623 289 1627 ,
313 1588 367 1630 de
392 1590 536 1644 losep,
574 1597 716 1631 sancto
746 1589 976 1644 patriarcha
1007 1588 1478 1642 constantinopolitam.
1535 1587 1623 1628 Con

183 1658 208 1684 a
237 1658 354 1686 sacra
380 1645 575 1686 Caesarea
613 1646 763 1685 maesta
805 1646 951 1686 veniva
980 1643 1008 1684 li
1038 1644 1211 1699 gloriosi
1239 1643 1417 1697 principi
1449 1643 1515 1683 del
1548 1658 1623 1684 suo

167 1699 328 1753 palam.
389 1701 451 1741 La
491 1702 665 1741 sanctita
705 1701 756 1741 de
786 1702 972 1756 Eugenio
999 1701 1202 1754 pontefice
1229 1700 1433 1747 Romano,
1462 1700 1498 1739 el
1526 1700 1622 1753 qual

167 1755 212 1795 so
243 1762 386 1799 auctor
434 1755 524 1800 dela
553 1764 695 1796 sancta
731 1757 913 1806 unione,
956 1756 1084 1796 havea
1113 1755 1309 1795 mandata
1336 1770 1359 1795 a
1391 1755 1624 1795 Constanti·-

169 1811 308 1865 nopoli
334 1810 558 1852 sufficiente
586 1826 760 1853 numero
788 1813 838 1853 de
866 1811 994 1867 gasse,
1039 1818 1081 1851 et
1111 1811 1163 1851 de
1193 1825 1268 1851 oro
1297 1816 1411 1850 tanta
1438 1812 1623 1864 quantita

169 1873 324 1920 quanta
368 1868 401 1906 si
439 1869 637 1909 convenia
666 1881 738 1920 per
766 1866 804 1907 le
851 1881 963 1920 spese
992 1873 1032 1906 et
1059 1873 1264 1919 apparatu
1291 1866 1344 1905 ad
1370 1866 1550 1906 condure
1579 1865 1621 1905 in

168 1922 286 1962 ltalia
315 1921 353 1962 el
373 1922 611 1972 monarcha,
643 1923 690 1962 e’l
715 1923 950 1976 patriarcha
975 1921 1027 1961 de
1054 1923 1238 1962 Oriente.
1296 1921 1471 1961 Montati
1489 1921 1621 1960 adun-

169 1991 253 2032 que
293 1977 333 2016 in
376 1977 417 2018 le
455 1977 559 2032 galie
605 1993 628 2017 a
670 1978 1023 2032 Constantinopoli
1059 1977 1192 2031 questi
1226 1977 1294 2017 doi
1322 1977 1466 2030 grandi
1496 1975 1621 2015 lumi-

168 2032 258 2072 nari
285 2033 391 2073 della
423 2033 558 2073 chiesa
585 2033 635 2073 de
663 2034 839 2074 Oriente
868 2048 946 2087 per
976 2032 1099 2073 unire
1128 2047 1204 2072 con
1233 2032 1271 2072 la
1300 2032 1432 2072 chiesa
1462 2032 1619 2071 Catho-

168 2086 251 2129 lica
280 2089 331 2129 de
361 2089 578 2140 Ponente‚
621 2104 700 2128 con
738 2091 927 2143 prosperi
966 2091 1079 2128 venti
1109 2087 1337 2142 navigando
1370 2088 1619 2127 arrivarono

168 2143 250 2185 alla
278 2158 423 2198 magna
461 2146 544 2185 cita
583 2145 634 2184 de
661 2145 848 2185 Venetia.
906 2145 1051 2185 Venne
1088 2144 1176 2183 fora
1207 2143 1313 2183 della
1338 2144 1438 2183 citta
1466 2142 1502 2182 el
1532 2157 1620 2183 ma·

169 2214 252 2253 gno
275 2206 316 2240 et
341 2200 523 2255 glorioso
554 2200 687 2240 ducha
716 2202 779 2240 col
816 2215 889 2240 sue
915 2199 1244 2240 excellentissimo
1273 2205 1416 2240 senato
1443 2199 1508 2238 nel
1539 2198 1618 2238 du·

168 2256 230 2296 cal
257 2256 505 2306 Bucintoro,
538 2262 649 2296 tutto
700 2263 845 2296 ornato
873 2254 992 2295 d’oro
1013 2285 1025 2307 ‚
1071 2255 1123 2295 ad
1160 2255 1370 2295 honorare
1400 2261 1440 2294 et
1468 2253 1619 2294 abbra-

168 2311 278 2351 ciere
304 2312 346 2351 lo
370 2312 607 2366 imperador
635 2311 683 2352 e’l
710 2311 939 2366 patriarcha
966 2311 1009 2350 di
1048 2310 1207 2351 Romei.
1238 2311 1333 2351 Non
1365 2311 1511 2350 rimase
1540 2309 1617 2349 ho-

168 2379 237 2407 mo
261 2367 312 2407 ne
339 2366 448 2407 dona
487 2368 527 2407 in
554 2367 594 2408 la
622 2368 775 2415 citade,
817 2367 892 2407 che
918 2382 1003 2407 non
1031 2366 1198 2406 andasse
1228 2380 1304 2406 con
1337 2365 1617 2419 maravigliosa

170 2422 337 2475 pietade
361 2430 401 2463 et
429 2423 650 2464 riverentia
679 2423 730 2462 ad
761 2423 909 2463 vedere
940 2429 982 2463 et
1006 2421 1216 2462 honorare
1245 2422 1381 2477 quelle
1410 2421 1474 2461 doi
1502 2423 1696 2475 quasi2=3

167 2477 307 2518 divine
338 2479 571 2520 maiestade.
627 2478 801 2530 Quando
831 2479 873 2518 fo
906 2477 943 2518 le
973 2492 1096 2518 zorno
1122 2478 1339 2532 deputato,
1371 2477 1400 2517 li
1428 2476 1500 2517 doi
1529 2491 1617 2516 mo-

168 2533 322 2578 narche
348 2533 391 2574 di
410 2535 543 2586 Greci,
556 2535 859 2589 accompagnati
887 2533 954 2574 dal
970 2533 1232 2574 Serenissimo
1253 2533 1441 2588 principe
1470 2533 1521 2572 de
1535 2533 1617 2573 Ve-

169 2590 285 2628 nexia
307 2619 318 2637 ‚
347 2589 423 2629 che
470 2593 615 2644 pariva
639 2605 719 2629 una
749 2597 884 2629 sancta
914 2589 1102 2640 Trinith,
1148 2591 1358 2630 intrarono
1387 2588 1453 2628 nel
1481 2602 1618 2627 sacra-

169 2643 323 2684 tissimo
349 2646 503 2699 tempio
533 2646 583 2686 dc
613 2652 751 2686 sancto
782 2648 920 2685 Marco
946 2645 1205 2700 Vangclista,
1233 2645 1338 2686 dove
1367 2644 1409 2683 fo
1437 2644 1617 2684 celebra-

170 2705 215 2739 ta
242 2713 323 2739 una
348 2700 658 2742 sollemnissima
688 2715 816 2741 messa
850 2700 1026 2741 secondo
1055 2702 1092 2740 le
1121 2702 1340 2741 cerimonie
1369 2699 1476 2740 della
1505 2699 1615 2738 chie-

170 2755 228 2799 εἰει
256 2755 494 2810 Orientale,
538 2771 615 2798 con
665 2763 776 2798 tante
804 2756 924 2798 laude
967 2757 1152 2798 oratione
1193 2763 1235 2798 et
1262 2755 1370 2797 canti
1404 2754 1483 2796 alla
1510 2754 1615 2796 dei&
