1890 3204
297 121 409 194 598
718 145 721 148 ·
880 139 1166 180 mummi

293 242 489 282 unitatem
521 241 737 281 meditatus
775 248 856 285 est,
907 247 946 279 et
971 240 1166 279 Graecam
1196 239 1405 279 ecclesiam
1434 252 1526 278 cum
1553 237 1738 283 Romana

292 296 335 334 in
379 298 549 348 gratiam
581 296 715 335 redire
743 294 957 348 cupiebat,
1001 302 1045 333 ut
1072 309 1274 333 summum
1298 294 1524 347 pontificem
1553 295 1739 347 Latinos·-

293 364 374 403 que
410 351 449 390 in
498 365 590 391 suas
621 358 752 403 partes
787 350 978 388 adversus
1005 349 1168 388 Annam
1200 357 1239 388 et
1266 357 1449 388 senatum
1476 348 1738 404 Cpolitanum

291 404 498 455 traheret3
527 405 636 459 quod
658 406 801 458 ipsein
828 404 1011 452 historia,
1041 418 1163 457 quam
1181 405 1352 457 scripsit,
1371 409 1560 444 testatur.
1591 417 1738 445 verum

292 472 413 512 quem
459 474 505 500 ex
535 474 581 500 ea
620 461 775 498 unione
805 458 979 497 fructum
1015 474 1179 511 sperare
1205 466 1368 511 poterat
1394 460 1435 497 in
1463 466 1576 498 tanta
1594 459 1737 499 'Grae-

292 529 432 554 eorum
463 516 515 554 ab
543 513 705 553 ecclesia
729 515 911 553 Romana
935 513 1214 554 dissensione?
1242 529 1365 567 quam
1393 515 1608 555 maximam
1636 514 1739 555 suis-

292 584 334 608 se
353 599 365 620 ,
403 578 443 609 et
479 570 662 608 saeviisse
700 569 743 607 in
785 568 953 609 Latinos
991 569 1247 608 acerbissimo
1284 569 1379 608 odio
1406 568 1661 621 orientales,
1691 582 1738 610 ex

291 626 379 676 ipso
408 626 688 663 Cantacuzcno
716 630 892 663 constat.
935 623 1003 663 ille
1031 625 1137 663 enim
1166 621 1217 662 de
1245 623 1448 676 Apocauci
1474 623 1738 677 perditissimi

290 674 367 717 viri
400 678 513 717 malis
544 678 699 717 artibus
726 678 982 728 disserendo,
1014 679 1145 718 tradit
1171 675 1372 717 istumad
1400 688 1604 723 summum
1632 692 1736 744 pon-

288 734 437 772 tificem
484 733 749 786 imperatricis
790 733 934 773 Annae
974 734 1139 772 nomine
1178 746 1307 787 eaque
1345 734 1470 774 inscia
1505 735 1735 787 scripsisse,

288 789 434 840 quibus
476 790 592 826 Anna
636 787 892 827 orientalem
929 789 1137 828 ecclesiam
1172 788 1377 827 Romanae
1429 789 1667 841 restituebat
1696 797 1738 828 et

287 857 417 894 papae
455 843 725 882 iurisdictioni
764 843 1018 883 subiiciebat.
1059 858 1147 883 rem
1182 845 1290 882 serio
1327 842 1389 895 agi
1427 855 1626 897 verasque
1651 853 1737 884 esse

287 896 445 936 litteras
474 911 687 950 persuasus
719 899 895 952 pontifex
925 899 975 938 ad
1006 898 1170 937 Annam
1208 898 1421 937 rescribit:
1454 897 1506 936 de
1533 904 1615 939 tam
1643 910 1737 938 san·-

286 959 354 990 cto
392 953 597 1005 proposito
646 967 734 992 eam
774 952 940 1005 laudat,
981 953 1249 1006 hortaturque
1275 959 1321 992 ut
1346 954 1387 991 in
1418 965 1466 991 eo
1494 959 1733 1006 perseveret.

285 1007 488 1059 pontificis
517 1008 674 1046 litterae
707 1007 927 1062 Apoeauco
956 1008 1137 1047 redditae
1176 1015 1296 1056 sunt,
1326 1021 1426 1061 quas
1455 1007 1565 1060 apud
1593 1020 1642 1047 se
1661 1021 1735 1048 oc..

287 1062 490 1110 cuttabat,
533 1062 723 1102 adversus
761 1063 922 1102 Annam
966 1063 1012 1101 in
1051 1063 1227 1102 medium
1266 1062 1354 1102 illas
1394 1061 1672 1111 adducturus,
1703 1063 1737 1103 si

285 1131 374 1155 eam
402 1116 620 1155 abhorrere
648 1132 671 1156 a
703 1119 892 1170 coniugio
922 1117 1113 1157 Iohannis
1155 1117 1418 1170 imperatoris
1443 1123 1486 1156 et
1511 1116 1615 1157 filiae
1641 1115 1738 1165 suae

285 1173 484 1220 sensisset,
515 1173 555 1210 in
586 1172 795 1225 publicum
822 1173 1018 1226 siquidem
1048 1173 1247 1225 pontificis
1268 1173 1411 1211 litteris
1437 1171 1555 1212 editis
1580 1171 1737 1212 clerum

287 1226 552 1277 Cpolitanum
592 1226 832 1281 plebemque
875 1229 915 1266 in
955 1228 1117 1266 Annam
1154 1227 1452 1270 concitaturum
1479 1239 1523 1266 se
1549 1225 1700 1269 ‚sciebat
1721 1256 1736 1280 ‚

247 1323 250 1327 ¹
286 1280 428 1333 illique
456 1281 712 1320 ecclesiarum
740 1284 881 1322 unioni
916 1283 1093 1322 Graecos
1120 1296 1288 1335 prorsus
1314 1281 1520 1321 adversari
1546 1284 1734 1322 noverat.

285 1334 478 1374 Mauuele
506 1350 637 1389 porro
666 1337 907 1390 Palaeologo
936 1338 1189 1390 imperante,
1219 1351 1313 1376 cum
1341 1338 1593 1376 Graecorum
1618 1347 1683 1377 res
1711 1351 1736 1386 a

285 1390 432 1430 Turcis
458 1392 620 1430 attritae
648 1391 842 1442 fuissent,
870 1406 944 1431 nec
971 1393 1184 1445 imperium
1214 1392 1290 1431 nisi
1318 1391 1576 1445 precarium,
1603 1396 1653 1431 ut
1672 1391 1737 1433 'ita

286 1444 445 1496 dicam,
487 1445 639 1484 Turcis
682 1447 897 1498 vectigales
925 1446 1019 1485 facti
1048 1447 1296 1497 obtinerent,
1331 1445 1472 1485 ultima
1503 1445 1737 1486 necessitate

151 1504 193 1537 V.
214 1516 270 1550 ¹9¹
287 1507 456 1552 cogente
482 1513 601 1552 opem
626 1499 746 1539 rebus
780 1502 933 1539 asslictis
961 1502 1040 1539 suis
1069 1500 1334 1553 implorantes
1362 1500 1414 1539 ad
1441 1499 1609 1539 Latinos
1634 1514 1736 1540 con-

288 1554 476 1606 fugiunt,
503 1561 629 1607 utque
656 1555 810 1594 facilius
840 1556 1085 1607 impetrent,
1117 1570 1226 1608 spem
1256 1555 1308 1594 ad
1339 1555 1527 1594 ecclesiae
1552 1567 1734 1595 commu·

287 1608 452 1648 nionem
482 1608 680 1648 redeundi
698 1610 853 1649 Latinis
881 1610 1051 1649 faciunt.
1082 1617 1121 1649 et
1148 1612 1250 1649 circa
1277 1623 1428 1648 annum
1455 1609 1605 1648 Christi
1631 1617 1732 1664 1417

288 1678 311 1702 a
344 1663 535 1702 Manuele
562 1665 706 1703 missus
731 1666 773 1703 in
809 1664 966 1703 ltaliam
993 1664 1232 1704 Eudaemon
1252 1664 1458 1703 lohannes
1483 1662 1736 1717 Cpolitanam

287 1717 500 1757 ecclesiam
533 1726 750 1772 totumque
790 1720 1003 1758 Orientem
1044 1720 1233 1758 ecclesiae
1269 1721 1477 1758 Romanae
1505 1718 1736 1758 redditurus

287 1780 383 1811 erat.
413 1780 454 1811 et
477 1787 572 1811 cum
602 1773 709 1812 illius
737 1775 833 1812 anni
861 1773 927 1813 die
952 1787 993 1813 ιι
1015 1774 1218 1813 Novemb.
1247 1788 1425 1812 summus
1439 1772 1620 1826 pontifex
1652 1773 1734 1813 ele-

285 1833 375 1866 ctus
404 1828 543 1867 fuisset
569 1828 825 1868 MartinusV
843 1857 856 1879 ,
884 1842 977 1868 cum
1005 1842 1053 1867 eo
1081 1828 1133 1868 de
1161 1828 1420 1868 ecclesiarum
1451 1826 1735 1869 conciliatione

285 1882 399 1933 agit3
442 1884 706 1936 imperatoris
741 1890 782 1922 et
821 1883 1076 1936 patriarchae
1117 1883 1332 1931 affectum,
1380 1896 1461 1937 quo
1488 1896 1734 1936 promovere

284 1943 366 1974 tam
399 1937 536 1991 ingens
564 1937 722 1977 bonum
748 1938 933 1989 student,
963 1938 1140 1991 exponit.
1200 1940 1400 1978 Martinus
1432 1951 1538 1991 papa
1565 1937 1730 1978 Eudae-

284 2005 446 2030 monem
476 1992 700 2032 Iohannem
725 1991 897 2046 benigne
927 1994 1129 2046 amplexus
1155 2000 1229 2045 est,
1259 1991 1607 2046 indulgentiasque
1633 2007 1733 2032 con-

283 2047 398 2085 cessit
428 2046 506 2086 illis
535 2049 606 2100 qui
635 2047 850 2089 militatum
879 2050 985 2087 irent
1013 2048 1066 2087 ad
1086 2048 1355 2087 Hexamilium
1382 2047 1732 2101 propugnandum.

283 2101 441 2139 litteras
470 2103 592 2141 etiam
619 2102 672 2141 ad
703 2102 988 2155 imperatorem
1024 2110 1064 2142 et
1092 2103 1363 2156 patriarcham
1392 2102 1550 2152 scribit,
1582 2102 1731 2156 quibus

281 2156 476 2208 significat
509 2164 661 2210 quanta
695 2158 819 2196 animi
847 2157 1068 2210 cupiditate
1091 2156 1351 2199 ecclesiarum
1380 2157 1577 2196 unionem
1600 2163 1729 2209 optet.

282 2217 497 2262 postquam
524 2225 624 2250 vero
651 2211 816 2251 Manuel
843 2212 972 2263 obiit,
1013 2212 1211 2252 Iohannes
1239 2214 1324 2252 eius
1349 2225 1554 2250 successor
1579 2212 1728 2266 legatos

282 2264 333 2301 ad
359 2280 503 2318 papam
529 2266 579 2304 de
596 2266 892 2306 reconcilianda
921 2268 1143 2306 concordia
1172 2267 1292 2306 semel
1322 2273 1443 2320 atque
1459 2266 1605 2306 iterum
1631 2267 1727 2305 mit-

280 2320 343 2356 tit.
375 2320 592 2359 secundam
621 2320 891 2374 legationem,
925 2324 1039 2361 cuius
1068 2322 1254 2361 meminit
1279 2322 1482 2364 Phranzes
1512 2320 1541 2359 l.
1576 2334 1600 2359 2
1629 2334 1666 2359 c.
1680 2335 1724 2374 9,

280 2373 469 2414 obierunt
497 2375 604 2415 circa
631 2390 785 2415 annum
819 2377 921 2426 1430
953 2377 1114 2415 Marcus
1147 2378 1295 2428 lagaris
1321 2389 1490 2429 magnus
1516 2375 1728 2430 Stratope-

279 2427 433 2466 dax-cha
451 2458 463 2478 ‚
506 2429 696 2470 Curunus
724 2432 1019 2485 Manganorum
1047 2431 1230 2484 praesul,
1262 2439 1302 2470 et
1323 2428 1553 2473 Demetrius
1580 2429 1721 2482 Ange-

277 2481 341 2520 lus
387 2483 538 2533 Clidas,
578 2487 648 2537 qui
692 2486 924 2539 imperatori
962 2501 985 2525 a
1013 2488 1173 2525 secretis
1201 2493 1302 2525 erat.
1333 2493 1469 2526 actum
1496 2483 1641 2525 deinde
1673 2484 1724 2526 de

276 2535 448 2576 concilio
492 2538 708 2579 indicendo
726 2569 738 2589 ‚
766 2548 813 2579 ut
842 2541 883 2580 in
914 2555 962 2582 eo
990 2542 1256 2594 transigerent
1285 2541 1630 2591 decernerentque
1656 2551 1723 2578 ec-

275 2590 419 2631 clesiae
437 2594 644 2632 unionem.
675 2595 892 2634 concilium
916 2610 989 2649 per
1017 2596 1059 2634 id
1092 2603 1252 2648 tempus
1279 2595 1457 2634 Basileae
1481 2592 1722 2643 habebatur,

276 2645 327 2683 ad
353 2646 465 2698 quod
493 2648 743 2689 Orientalem
784 2650 991 2690 ecclesiam
1020 2658 1155 2703 patres
1182 2649 1434 2689 invitabant:
1476 2647 1549 2687 sed
1578 2648 1723 2686 Graeci

274 2703 419 2740 summi
448 2703 646 2757 pontificis
689 2705 878 2757 partibus
925 2705 1170 2756 adhaerent,
1203 2712 1240 2744 et
1269 2705 1309 2750 in
1338 2704 1493 2751 ltaliam
1525 2703 1718 2750 veniunt,
