1890 3204
330 135 467 205 6'0'4'
815 166 831 177 ·’
905 142 1188 202 B'ULLlALDt
1213 146 1217 149 *
1257 159 1260 162 ·

441 258 491 300 Ρ.
510 266 633 309 ’222,’
655 262 693 306 5.
724 284 725 288 =
748 258 772 301 ὅ
795 259 875 315 γὰρ
904 261 1062 312 Χαλίλ]
1098 260 1391 302 ›Leunelavius
1419 261 1508 302 lib.‘
1525 263 1580 316 21‘4
1605 253 1768 307 &Leo-2
1799 267 1803 271 ’

329 316 444 356 nicus
473 314 544 360 lib.
577 316 632 368 8,
661 316 808 371 quibus
837 316 992 356 artibus
1022 315 1153 356 Chalil
1183 317 1386 356 Moratem
1415 318 1457 357 iu
1486 315 1772 372 regium-soli-

329 385 399 410 nm
426 370 654 422 reduxerit,
703 377 927 423 exponunt.
959 371 1002 410 id
1030 371 1178 412 factum
1207 371 1403 412 adnotant
1422 374 1595 416 Annales
1615 374 1770 416 Tun-ei.

331 426 368 465 ci
397 440 506 465 anno
535 427 711 480 Hegirae
737 427 817 467 850
834 457 843 474 ,
890 426 933 465 id
958 434 1017 466 est
1046 427 1197 466 Christi
1232 426 1359 478 1446,
1398 429 1772 485 expeditionemque

326 482 498 521 Mon-atis
536 482 578 520 in
619 482 799 520 Moream
829 482 974 521 eodem
1002 495 1127 521 anno.
1162 481 1231 521 sed
1258 483 1313 522 ita
1343 483 1662 537 intelligendum*
1676 493 1736 526 est
1755 515 1769 538 ‚

328 546 440 576 anno
470 534 582 589 849,
628 535 777 576 Christi
810 534 913 587 1445
946 538 1145 576 Mox-atem
1173 538 1213 575 in
1242 537 1436 577 thronum
1465 539 1773 593 imperatorium
1810 590 1815 593 .

329 590 569 641 reductum3
600 589 642 628 in
667 591 989 645 Peloponnesum
1030 591 1105 631 sub
1136 593 1259 631 finem
1283 592 1380 632 anni
1418 593 1543 645 1445,
1572 589 1773 659 afflugi-

329 658 399 684 rae
425 644 506 700 849
531 644 713 697 venisse,
743 653 784 685 et
813 659 921 685 anno
956 645 1083 696 1446,
1125 647 1297 699 Hegirae
1324 648 1405 689 850
1436 648 1773 704 Hadrianopolim

328 699 504 739 rediisse.
530 707 614 739 tam
647 701 811 741 annales
829 701 997 741 Turciei
1030 716 1154 755 quam
1177 702 1346 742 historia
1376 703 1611 758 Hungarica
1640 704 1774 750 adno-

327 760 418 793 tant
445 755 617 794 Moratis
657 757 700 795 in
731 758 915 796 Moream
941 757 1234 809 expeditionem
1262 757 1477 811 plusquam
1504 757 1668 799 hiennio
1696 772 1774 799 an»
1820 767 1825 770 '

328 815 536 848 tevertere
562 809 791 851 Hunniadis
819 825 912 850 cum
944 813 1100 850 Morate
1127 815 1168 851 in
1189 825 1335 866 campo
1353 813 1512 852 Cosovo
1541 813 1770 867 praeliumj

326 863 439 917 quod
467 878 612 904 verum
639 872 713 917 est,
745 865 945 919 expeditio
976 866 1177 920 siquidem
1208 867 1249 906 in
1281 869 1465 907 Moream
1490 869 1664 922 contigit
1688 871 1773 908 eir..

329 933 376 958 ca
405 919 526 957 {inem
554 921 650 959 anni
687 921 790 972 1445
819 929 858 960 et
894 921 1053 960 initiam
1090 921 1212 973 1446,
1239 935 1374 974 pugna
1402 924 1444 960 in
1477 936 1621 977 campo
1649 923 1775 963 Coso-
1848 971 1854 974 ἢ

329 987 384 1012 vo
411 988 519 1014 anno
554 973 671 1026 1448.
748 975 953 1016 Phranzes
983 984 1115 1016 tamen
1147 983 1186 1016 et
1217 977 1459 1016 Chronieum
1489 976 1635 1028 breve,
1660 978 1774 1032 quod
1821 1026 1823 1029 f

327 1027 397 1067 hic
427 1028 647 1080 dedimus.
677 1030 729 1070 ad
762 1042 925 1071 'annum
950 1031 1059 1086 6955
1106 1034 1364 1085 mensemque
1398 1029 1685 1084 Decembrem,
1733 1032 1776 1087 id

329 1090 391 1122 est
423 1083 576 1124 Christi
609 1084 735 1137 1446,
779 1086 974 1126 referunt.
1042 1086 1177 1126 Ducas
1213 1086 1324 1126 forte
1359 1086 1481 1126 huius
1510 1101 1777 1142 quoquerpu·

330 1152 434 1191 gnae
463 1140 714 1179 mentionem
740 1142 875 1180 statim
904 1141 1067 1181 subiicit
1095 1140 1173 1181 illis
1201 1156 1306 1195 quae
1334 1141 1385 1181 de
1409 1142 1608 1182 vamensi
1635 1155 1776 1184 narra*

329 1194 416 1244 vit,
443 1193 551 1246 quod
580 1194 633 1234 ad
665 1209 729 1235 res
758 1195 1011 1250 Hungaricas
1039 1203 1079 1236 et
1108 1197 1343 1236 Serviorum
1375 1199 1617 1250 pertineant.
1660 1212 1679 1225 2

442 1249 496 1288 P.
528 1262 625 1298 222,
672 1264 736 1290 10.
794 1247 841 1290 τὸ
872 1251 1025 1304 Νῆσιν]
1083 1251 1191 1291 Nisis
1218 1251 1314 1291 urbs
1340 1251 1505 1291 Serviae
1533 1251 1588 1303 ad
1616 1251 1777 1292 tharan
1827 1293 1830 1297 ,

331 1301 521 1343 fluvium.
590 1305 828 1345 Ptolemaeo
869 1307 911 1345 in
951 1307 1013 1346 IX
1053 1306 1245 1360 Europae
1282 1306 1441 1346 Tabula
1483 1305 1607 1346 habet
1636 1306 1776 1346 Νέσον

331 1359 375 1396 in
403 1358 612 1412 superiore
654 1361 813 1414 Mysia3
854 1360 897 1400 in
936 1375 1017 1415 qua
1044 1361 1222 1400 hahetur
1248 1362 1370 1416 etiam
1401 1359 1549 1402 fluvius
1578 1360 1776 1414 Ciabrus,

330 1420 456 1465 quem
481 1412 609 1468 aliqui
650 1416 795 1454 volunt
836 1429 922 1456 esse
954 1416 1138 1455 Ibarem:
1179 1430 1324 1455 verum
1364 1418 1404 1456 in
1449 1415 1517 1455 illa
1553 1415 1777 1456 Ptolemaei

329 1467 468 1506 tabula
494 1468 723 1522 longissime
750 1469 862 1509 abest
882 1471 1061 1510 -Ciabrus
1086 1469 1234 1510 fluvius
1263 1471 1315 1511 ab
1346 1471 1449 1511 urbe
1476 1471 1598 1515 Neso.
1625 1470 1776 1511 Laoui-

330 1535 402 1561 cus
429 1522 502 1565 lib.
532 1537 554 1577 7
589 1520 751 1577 Νήσιον
778 1533 911 1568 vocat.
1686 1544 1694 1554 v·

199 1577 320 1624 v-193
451 1577 504 1620 P.
533 1591 643 1630 222,
672 1592 741 1618 22.
800 1576 823 1618 ὅ
856 1577 938 1632 γὰρ
969 1580 1301 1631 Κωνσταντῖνος]
1374 1578 1592 1620 Adeundus
1621 1579 1777 1632 Laoni-

334 1643 404 1670 cus
434 1631 505 1671 lib.
536 1647 587 1685 7,
630 1634 701 1672 uhi
744 1633 928 1674 diffusius
964 1633 1076 1674 illam
1104 1635 1393 1687 expeditionem
1423 1640 1587 1683 narrat,
1617 1642 1658 1674 et
1684 1648 1778 1675 cum

331 1692 474 1726 nostro
504 1701 677 1740 prorsus
705 1690 844 1729 sentit.
875 1689 1081 1729 Phranzes
1114 1690 1170 1729 lib
1215 1703 1238 1728 2
1270 1703 1359 1742 cap.
1395 1702 1457 1742 ¹9·

443 1742 496 1781 P.
525 1743 631 1790 223,v
647 1758 686 1797 9.
743 1740 1014 1796 παρεδίδοντο
1042 1741 1124 1783 ὑπὸ
1157 1743 1242 1783 τῶν
1269 1742 1551 1795 'Amavi-cmv]
1609 1743 1778 1784 Mor-eae

328 1808 400 1834 seu
430 1796 702 1850 Peloponnesi
728 1806 884 1852 partem
919 1798 1103 1838 Albanos
1143 1798 1346 1838 habitasse
1370 1804 1544 1838 testatur
1571 1798 1779 1839 Phranzes

330 1849 401 1889 lib.
433 1851 455 1889 5
485 1865 575 1905 cap.
610 1867 680 1904 21,
710 1854 782 1907 qui
813 1856 922 1906 ipsos
951 1861 1069 1893 vocat
1101 1853 1415 1906 Peloponnesios
1443 1853 1666 1893 Albanitas.

442 1906 493 1945 P.
523 1908 623 1957 223,-
654 1921 716 1947 11.
787 1908 918 1961 μέχρι
948 1907 1134 1961 Πατρῶν
1176 1906 1250 1948 καί
1275 1907 1570 1960 Γλαρέντζας]
1625 1908 1781 1949 Patrae

330 1959 429 2000 urbs
470 1960 651 2001 Achaiae
690 1963 730 2002 in
774 1963 1059 2016 Peloponneso
1106 1963 1355 2016 metropolis.
1424 1963 1614 2002 Clarenza
1657 1963 1778 2016 vulgo

332 2015 583 2064 Chiarenza,
614 2017 710 2057 olim
741 2018 930 2073 Cyllene,
963 2020 1003 2056 in
1035 2017 1152 2057 Elide
1181 2018 1460 2071 Peloponnesi.
1491 2016 1578 2056 aliis
1606 2024 1665 2058 est
1687 2018 1778 2072 Dy-

330 2083 408 2111 me.
436 2072 511 2110 sita
541 2080 601 2111 est
632 2073 672 2111 in
703 2087 780 2112 ora
809 2073 978 2112 occidua
1009 2075 1172 2111 Morene
1198 2087 1269 2112 seu
1301 2072 1578 2125 Peloponnesi.
1703 2072 1710 2076 ”

444 2125 495 2168 P.
524 2127 621 2177 223,
660 2128 719 2170 13.
786 2124 833 2167 τὸ
860 2124 1124 2182 Ἑξαμίλιον]
1183 2127 1451 2166 Hexamilium
1494 2128 1673 2167 Morates
1701 2139 1777 2181 op-

333 2187 491 2233 pugnat
519 2181 621 2220 Nov.
653 2196 702 2236 27
722 2212 733 2230 ‚
768 2182 879 2235 c'apit
906 2182 1005 2223 Dec.
1040 2184 1101 2225 ro.
1135 2197 1170 2222 a.
1201 2182 1274 2222 Ch.
1314 2181 1435 2233 1445.¹
1725 2234 1728 2237 Ι

445 2234 494 2273 P.
526 2237 619 2285 223,
658 2237 717 2279 15.
775 2233 874 2290 Ca'p.
904 2238 972 2277 53.
1004 2234 1025 2277 ὃ
1056 2236 1102 2275 δὲ
1127 2233 1328 2288 βασιλεὺς
1354 2230 1555 2287 Ἰωάννης]
1613 2234 1775 2274 Phran-

331 2302 396 2327 zes
425 2289 494 2331 lib.
525 2305 549 2329 2
578 2305 663 2343 cap.
709 2291 789 2331 ult.
809 2292 1010 2332 Laonieus
1048 2292 1116 2330 lib.
1143 2307 1165 2345 7
1193 2292 1269 2331 suh
1296 2291 1429 2330 finem.
1486 2291 1778 2330 Constantinus

334 2342 595 2395 imperatoris
616 2346 811 2386 Iohannis
843 2348 972 2386 frater
991 2347 1201 2386 Demetrio
1237 2347 1353 2385 fratri
1372 2352 1469 2383 natu
1487 2344 1630 2383 maiori
1657 2358 1776 2397 prae..

333 2398 440 2437 latus
473 2407 561 2439 est:
609 2402 843 2441 metuebant
870 2403 980 2440 enim
1010 2401 1211 2455 Cpolitani
1240 2415 1290 2440 ne
1322 2400 1777 2452 Constantinus-repul-

333 2466 418 2491 sam
448 2467 585 2505 passus
615 2458 829 2496 Demetrio
873 2465 913 2496 et
956 2457 1048 2496 urbi
1093 2455 1246 2496 bellum
1275 2456 1445 2495 inferret
1472 2467 1618 2507 resque
1646 2453 1779 2493 Gra'e-

332 2521 480 2546 corum
510 2509 682 2562 reliquas
710 2513 909 2564 perderet.
1741 2534 1744 2538 ’

446 2561 496 2604 Ρ.
531 2566 629 2615 223,
665 2580 725 2618 ¹9.
762 2561 937 2612 ὕστατος
961 2562 1174 2616 βασιλεύς]
1234 2565 1430 2604 Iohannes
1461 2560 1626 2611 ultimus
1651 2561 1778 2614 impe—

333 2623 448 2655 rator
478 2618 731 2670 appellatur,
774 2622 868 2674 quia
910 2635 1116 2674 nunquam
1154 2620 1439 2659 Constantinus
1485 2617 1569 2656 eius
1617 2629 1777 2655 succes..

333 2685 403 2711 sor
445 2682 661 2712 coronatus
691 2683 760 2713 est.

447 2728 499 2765 P.
534 2731 626 2778 224,
666 2744 699 2767 1.
734 2726 956 2782 βουληθεὶς
989 2729 1034 2768 δὲ
1062 2727 1221 2780 γάμους
1255 2727 1452 2780 ποιῆσαι]
1511 2724 1780 2766 Leuuclavius
