<?xml version="1.0" encoding="UTF-8"?>
<!DOCTYPE html PUBLIC "-//W3C//DTD XHTML 1.0 Transitional//EN"
    "http://www.w3.org/TR/xhtml1/DTD/xhtml1-transitional.dtd">
<html xmlns="http://www.w3.org/1999/xhtml" xml:lang="en" lang="en">
 <head>
  <title>
</title>
<meta http-equiv="Content-Type" content="text/html;charset=utf-8" />
  <meta name='ocr-system' content='tesseract 3.04.00' />
  <meta name='ocr-capabilities' content='ocr_page ocr_carea ocr_par ocr_line ocrx_word'/>
</head>
<body>
  <div class='ocr_page' id='page_1' title='image "./corpusscriptorum11niebuoft_0294.png"; bbox 0 0 1884 3216; ppageno 0'>
   <div class='ocr_carea' id='block_1_1' title="bbox 269 216 1364 290">
    <p class='ocr_par' dir='ltr' id='par_1_1' title="bbox 269 216 1364 290">
     <span class='ocr_line' id='line_1_1' title="bbox 269 216 1364 290; baseline 0.001 -21"><span class='ocrx_word' id='word_1_1' title='bbox 269 216 379 290; x_wconf 77' lang='lat'><strong>276</strong></span> <span class='ocrx_word' id='word_1_2' title='bbox 600 230 783 274; x_wconf 77' lang='lat' dir='ltr'>DUCAE</span> <span class='ocrx_word' id='word_1_3' title='bbox 820 226 1105 270; x_wconf 73' lang='lat' dir='ltr'><strong>MianEms</strong></span> <span class='ocrx_word' id='word_1_4' title='bbox 1141 227 1364 270; x_wconf 75' lang='lat' dir='ltr'><strong>NEPoTls</strong></span> 
     </span>
    </p>
   </div>
   <div class='ocr_carea' id='block_1_2' title="bbox 123 325 1771 1757">
    <p class='ocr_par' dir='ltr' id='par_1_2' title="bbox 262 325 1706 520">
     <span class='ocr_line' id='line_1_2' title="bbox 262 325 1706 390; baseline -0.005 -13"><span class='ocrx_word' id='word_1_5' title='bbox 262 334 398 390; x_wconf 81' lang='grc' dir='ltr'><em>ταχοῦ</em></span> <span class='ocrx_word' id='word_1_6' title='bbox 439 331 538 383; x_wconf 80' lang='grc' dir='ltr'><em>τούς</em></span> <span class='ocrx_word' id='word_1_7' title='bbox 580 332 841 388; x_wconf 77' lang='grc' dir='ltr'><em>στρατιώτας</em></span> <span class='ocrx_word' id='word_1_8' title='bbox 874 329 958 371; x_wconf 84' lang='grc' dir='ltr'><em>’και</em></span> <span class='ocrx_word' id='word_1_9' title='bbox 991 327 1294 383; x_wconf 76' lang='grc' dir='ltr'><em>στοχαζόμενος</em></span> <span class='ocrx_word' id='word_1_10' title='bbox 1324 343 1402 376; x_wconf 88' lang='grc' dir='ltr'><strong>τας</strong></span> <span class='ocrx_word' id='word_1_11' title='bbox 1447 325 1596 382; x_wconf 82' lang='grc' dir='ltr'><em>βίγλας</em></span> <span class='ocrx_word' id='word_1_12' title='bbox 1622 325 1706 370; x_wconf 76' lang='grc' dir='ltr'><strong>και</strong></span> 
     </span>
     <span class='ocr_line' id='line_1_3' title="bbox 263 387 1703 455; baseline -0.006 -13"><span class='ocrx_word' id='word_1_13' title='bbox 263 400 445 455; x_wconf 78' lang='grc' dir='ltr'><em>ἐρευνῶν</em></span> <span class='ocrx_word' id='word_1_14' title='bbox 473 397 571 447; x_wconf 79' lang='grc' dir='ltr'><em>τούς</em></span> <span class='ocrx_word' id='word_1_15' title='bbox 600 397 996 450; x_wconf 83' lang='grc' dir='ltr'><em>παραλειπομενους.</em></span> <span class='ocrx_word' id='word_1_16' title='bbox 1052 409 1119 435; x_wconf 83' lang='grc' dir='ltr'><em>και</em></span> <span class='ocrx_word' id='word_1_17' title='bbox 1151 395 1269 436; x_wconf 83' lang='grc' dir='ltr'><em>τοῦτο</em></span> <span class='ocrx_word' id='word_1_18' title='bbox 1299 394 1466 436; x_wconf 75' lang='grc' dir='ltr'><strong><em>ἐποίουν</em></strong></span> <span class='ocrx_word' id='word_1_19' title='bbox 1482 394 1578 434; x_wconf 73' lang='grc' dir='ltr'><em>καθ’</em></span> <span class='ocrx_word' id='word_1_20' title='bbox 1606 387 1703 434; x_wconf 71' lang='grc' dir='ltr'><strong>ἑκά-</strong></span> 
     </span>
     <span class='ocr_line' id='line_1_4' title="bbox 262 452 1703 520; baseline -0.005 -13"><span class='ocrx_word' id='word_1_21' title='bbox 262 481 363 520; x_wconf 89' lang='grc' dir='ltr'><em>στην</em></span> <span class='ocrx_word' id='word_1_22' title='bbox 390 465 578 519; x_wconf 78' lang='grc' dir='ltr'><em>ἡμέραν·</em></span> <span class='ocrx_word' id='word_1_23' title='bbox 652 464 705 504; x_wconf 81' lang='grc' dir='ltr'><em>ου’</em></span> <span class='ocrx_word' id='word_1_24' title='bbox 734 460 812 516; x_wconf 73' lang='grc' dir='ltr'><em>γὰρ</em></span> <span class='ocrx_word' id='word_1_25' title='bbox 844 456 1139 515; x_wconf 84' lang='grc' dir='ltr'><em>ἐσυνεκρότησε</em></span> <span class='ocrx_word' id='word_1_26' title='bbox 1167 457 1345 512; x_wconf 88' lang='grc' dir='ltr'><em>πόλεμον</em></span> <span class='ocrx_word' id='word_1_27' title='bbox 1374 455 1512 516; x_wconf 70' lang='grc' dir='ltr'><em>ἀληθῆ</em></span> <span class='ocrx_word' id='word_1_28' title='bbox 1543 454 1564 499; x_wconf 83' lang='grc' dir='ltr'>ὅ</span> <span class='ocrx_word' id='word_1_29' title='bbox 1597 452 1703 500; x_wconf 78' lang='grc' dir='ltr'><em>ἅλα-</em></span> 
     </span>
    </p>

    <p class='ocr_par' dir='ltr' id='par_1_3' title="bbox 203 520 1767 972">
     <span class='ocr_line' id='line_1_5' title="bbox 203 520 1699 605; baseline -0.005 -33"><span class='ocrx_word' id='word_1_30' title='bbox 203 554 217 562; x_wconf 83' lang='lat'><strong>··</strong></span> <span class='ocrx_word' id='word_1_31' title='bbox 262 547 397 585; x_wconf 86' lang='grc' dir='ltr'><em>στωρ,</em></span> <span class='ocrx_word' id='word_1_32' title='bbox 427 526 694 582; x_wconf 75' lang='grc' dir='ltr'><em>ἐκδεχόμενος</em></span> <span class='ocrx_word' id='word_1_33' title='bbox 735 526 812 581; x_wconf 71' lang='grc' dir='ltr'><strong>την</strong></span> <span class='ocrx_word' id='word_1_34' title='bbox 844 522 960 579; x_wconf 72' lang='grc' dir='ltr'><em>ὤραν</em></span> <span class='ocrx_word' id='word_1_35' title='bbox 1003 522 1078 579; x_wconf 73' lang='grc' dir='ltr'><em>τὴν</em></span> <span class='ocrx_word' id='word_1_36' title='bbox 1122 524 1430 580; x_wconf 83' lang='grc' dir='ltr'><em>σκοπευομένην</em></span> <span class='ocrx_word' id='word_1_37' title='bbox 1470 521 1583 605; x_wconf 73' lang='grc' dir='ltr'><em>παρὰ</em></span> <span class='ocrx_word' id='word_1_38' title='bbox 1614 520 1699 566; x_wconf 72' lang='grc' dir='ltr'><em>τῶν</em></span> 
     </span>
     <span class='ocr_line' id='line_1_6' title="bbox 259 580 1734 650; baseline -0.005 -12"><span class='ocrx_word' id='word_1_39' title='bbox 259 594 462 650; x_wconf 83' lang='grc' dir='ltr'><em>μάντεων.</em></span> <span class='ocrx_word' id='word_1_40' title='bbox 517 594 538 635; x_wconf 82' lang='grc' dir='ltr'>ὅ</span> <span class='ocrx_word' id='word_1_41' title='bbox 565 590 765 647; x_wconf 71' lang='grc' dir='ltr'><em>βασιλεύς</em></span> <span class='ocrx_word' id='word_1_42' title='bbox 795 593 842 633; x_wconf 80' lang='grc' dir='ltr'><strong>δὲ</strong></span> <span class='ocrx_word' id='word_1_43' title='bbox 870 588 971 632; x_wconf 75' lang='grc' dir='ltr'><em>ἰδών</em></span> <span class='ocrx_word' id='word_1_44' title='bbox 1013 589 1062 632; x_wconf 75' lang='grc' dir='ltr'><em>τὰ</em></span> <span class='ocrx_word' id='word_1_45' title='bbox 1091 592 1208 645; x_wconf 76' lang='grc' dir='ltr'><em>τείχη</em></span> <span class='ocrx_word' id='word_1_46' title='bbox 1240 592 1445 642; x_wconf 84' lang='grc' dir='ltr'><em>πέσοντα,</em></span> <span class='ocrx_word' id='word_1_47' title='bbox 1475 591 1548 633; x_wconf 81' lang='grc' dir='ltr'><strong><em>καί</em></strong></span> <span class='ocrx_word' id='word_1_48' title='bbox 1573 580 1734 632; x_wconf 75' lang='grc' dir='ltr'><em>κακονό</em></span> 
     </span>
     <span class='ocr_line' id='line_1_7' title="bbox 261 653 1702 716; baseline -0.006 -13"><span class='ocrx_word' id='word_1_49' title='bbox 261 667 431 716; x_wconf 82' lang='grc' dir='ltr'><em>σημεῖον</em></span> <span class='ocrx_word' id='word_1_50' title='bbox 457 657 559 702; x_wconf 77' lang='grc' dir='ltr'><em>κατὰ</em></span> <span class='ocrx_word' id='word_1_51' title='bbox 591 674 665 712; x_wconf 88' lang='grc' dir='ltr'><strong>της</strong></span> <span class='ocrx_word' id='word_1_52' title='bbox 694 654 851 704; x_wconf 79' lang='grc' dir='ltr'><em>πόλεως</em></span> <span class='ocrx_word' id='word_1_53' title='bbox 879 658 953 697; x_wconf 81' lang='grc' dir='ltr'>καί</span> <span class='ocrx_word' id='word_1_54' title='bbox 978 659 1067 698; x_wconf 79' lang='grc' dir='ltr'><em>κατ’</em></span> <span class='ocrx_word' id='word_1_55' title='bbox 1108 656 1240 697; x_wconf 75' lang='grc' dir='ltr'><em>αὐτοῦ</em></span> <span class='ocrx_word' id='word_1_56' title='bbox 1267 657 1417 710; x_wconf 86' lang='grc' dir='ltr'><em>κρίνων</em></span> <span class='ocrx_word' id='word_1_57' title='bbox 1443 653 1519 710; x_wconf 78' lang='grc' dir='ltr'><strong>τὴν</strong></span> <span class='ocrx_word' id='word_1_58' title='bbox 1546 657 1702 697; x_wconf 76' lang='grc' dir='ltr'><em>πτῶσιν</em></span> 
     </span>
     <span class='ocr_line' id='line_1_8' title="bbox 261 719 1704 780; baseline -0.002 -15"><span class='ocrx_word' id='word_1_59' title='bbox 261 728 354 780; x_wconf 82' lang='grc' dir='ltr'><strong>(καί</strong></span> <span class='ocrx_word' id='word_1_60' title='bbox 398 723 475 779; x_wconf 81' lang='grc' dir='ltr'><em>γὰρ</em></span> <span class='ocrx_word' id='word_1_61' title='bbox 521 719 597 764; x_wconf 72' lang='grc' dir='ltr'><em>οὐκ</em></span> <span class='ocrx_word' id='word_1_62' title='bbox 643 721 792 775; x_wconf 83' lang='grc' dir='ltr'><em>ἔτυχεν</em></span> <span class='ocrx_word' id='word_1_63' title='bbox 821 719 902 762; x_wconf 73' lang='grc' dir='ltr'><em>α’πὸ</em></span> <span class='ocrx_word' id='word_1_64' title='bbox 937 719 1035 770; x_wconf 78' lang='grc' dir='ltr'><em>τούς</em></span> <span class='ocrx_word' id='word_1_65' title='bbox 1079 719 1252 775; x_wconf 75' lang='grc' dir='ltr'><em>καιρούς</em></span> <span class='ocrx_word' id='word_1_66' title='bbox 1282 723 1600 770; x_wconf 85' lang='grc' dir='ltr'><em>Κωνσταντίνου</em></span> <span class='ocrx_word' id='word_1_67' title='bbox 1627 720 1704 762; x_wconf 77' lang='grc' dir='ltr'><strong>τοῦ</strong></span> 
     </span>
     <span class='ocr_line' id='line_1_9' title="bbox 260 784 1704 844; baseline -0.003 -12"><span class='ocrx_word' id='word_1_68' title='bbox 260 787 494 844; x_wconf 76' lang='grc' dir='ltr'><em>ἁγιωτάτου</em></span> <span class='ocrx_word' id='word_1_69' title='bbox 524 789 569 829; x_wconf 81' lang='grc' dir='ltr'><em>ἐν</em></span> <span class='ocrx_word' id='word_1_70' title='bbox 597 786 812 835; x_wconf 78' lang='grc' dir='ltr'><em>τοσούτοις</em></span> <span class='ocrx_word' id='word_1_71' title='bbox 850 786 1045 838; x_wconf 80' lang='grc' dir='ltr'><em>πολέμοις</em></span> <span class='ocrx_word' id='word_1_72' title='bbox 1073 788 1295 836; x_wconf 72' lang='grc' dir='ltr'><em>Σκυθικοῖς</em></span> <span class='ocrx_word' id='word_1_73' title='bbox 1323 790 1551 841; x_wconf 79' lang='grc' dir='ltr'><em>Περσικοῖς</em></span> <span class='ocrx_word' id='word_1_74' title='bbox 1572 784 1704 844; x_wconf 50' lang='lat'><strong><em>⁹490?-</em></strong></span> 
     </span>
     <span class='ocr_line' id='line_1_10' title="bbox 259 847 1705 908; baseline -0.002 -13"><span class='ocrx_word' id='word_1_75' title='bbox 259 859 391 908; x_wconf 81' lang='grc' dir='ltr'><em>βικοῖς</em></span> <span class='ocrx_word' id='word_1_76' title='bbox 420 856 498 895; x_wconf 80' lang='grc' dir='ltr'><strong>τοῦ</strong></span> <span class='ocrx_word' id='word_1_77' title='bbox 524 854 719 907; x_wconf 74' lang='grc' dir='ltr'><em>γενέσθαι</em></span> <span class='ocrx_word' id='word_1_78' title='bbox 750 851 905 893; x_wconf 78' lang='grc' dir='ltr'><em>πτῶσιν</em></span> <span class='ocrx_word' id='word_1_79' title='bbox 934 847 1026 899; x_wconf 70' lang='grc' dir='ltr'><em>ἐνὸς</em></span> <span class='ocrx_word' id='word_1_80' title='bbox 1055 853 1178 892; x_wconf 79' lang='grc' dir='ltr'><em>λίθου</em></span> <span class='ocrx_word' id='word_1_81' title='bbox 1206 854 1438 905; x_wconf 79' lang='grc' dir='ltr'><em>βαροῦντος</em></span> <span class='ocrx_word' id='word_1_82' title='bbox 1465 853 1609 908; x_wconf 77' lang='grc' dir='ltr'><em>λίτρας</em></span> <span class='ocrx_word' id='word_1_83' title='bbox 1633 867 1705 904; x_wconf 85' lang='grc' dir='ltr'><em>μι-</em></span> 
     </span>
     <span class='ocr_line' id='line_1_11' title="bbox 261 913 1767 972; baseline 0.001 -12"><span class='ocrx_word' id='word_1_84' title='bbox 261 923 331 968; x_wconf 83' lang='grc' dir='ltr'><em>ᾶς·</em></span> <span class='ocrx_word' id='word_1_85' title='bbox 390 919 486 960; x_wconf 86' lang='grc' dir='ltr'><em>τότε</em></span> <span class='ocrx_word' id='word_1_86' title='bbox 515 920 561 960; x_wconf 79' lang='grc' dir='ltr'><strong>δὲ</strong></span> <span class='ocrx_word' id='word_1_87' title='bbox 588 918 772 959; x_wconf 78' lang='grc' dir='ltr'><em>τοιοῦτον</em></span> <span class='ocrx_word' id='word_1_88' title='bbox 803 913 916 972; x_wconf 71' lang='grc' dir='ltr'><em>ἑώρα</em></span> <span class='ocrx_word' id='word_1_89' title='bbox 960 916 1033 957; x_wconf 85' lang='grc' dir='ltr'><em>καί</em></span> <span class='ocrx_word' id='word_1_90' title='bbox 1060 914 1183 958; x_wconf 82' lang='grc' dir='ltr'><em>τόσον</em></span> <span class='ocrx_word' id='word_1_91' title='bbox 1215 915 1393 970; x_wconf 84' lang='grc' dir='ltr'><em>στρατὸν</em></span> <span class='ocrx_word' id='word_1_92' title='bbox 1422 918 1705 972; x_wconf 65' lang='grc' dir='ltr'><em>α’ναριθμητον</em></span> <span class='ocrx_word' id='word_1_93' title='bbox 1722 935 1767 961; x_wconf 77' lang='grc' dir='ltr'><strong>ιο</strong></span> 
     </span>
    </p>

    <p class='ocr_par' dir='ltr' id='par_1_4' title="bbox 216 980 1707 1232">
     <span class='ocr_line' id='line_1_12' title="bbox 216 980 1706 1038; baseline -0.001 -12"><span class='ocrx_word' id='word_1_94' title='bbox 216 983 333 1028; x_wconf 81' lang='grc' dir='ltr'><strong>1)καί</strong></span> <span class='ocrx_word' id='word_1_95' title='bbox 359 985 505 1026; x_wconf 83' lang='grc' dir='ltr'><em>στόλον</em></span> <span class='ocrx_word' id='word_1_96' title='bbox 536 982 673 1038; x_wconf 78' lang='grc' dir='ltr'><em>βαρὺν</em></span> <span class='ocrx_word' id='word_1_97' title='bbox 700 985 772 1024; x_wconf 84' lang='grc' dir='ltr'>καί</span> <span class='ocrx_word' id='word_1_98' title='bbox 802 986 1001 1023; x_wconf 82' lang='grc' dir='ltr'><em>πλατεῖαν</em></span> <span class='ocrx_word' id='word_1_99' title='bbox 1032 980 1150 1037; x_wconf 58' lang='lat' dir='ltr'><strong>cmv)</strong></span> <span class='ocrx_word' id='word_1_100' title='bbox 1183 982 1434 1036; x_wconf 67' lang='grc' dir='ltr'><em>ἀπεγνώκει,</em></span> <span class='ocrx_word' id='word_1_101' title='bbox 1459 981 1706 1038; x_wconf 67' lang='grc' dir='ltr'><em>α’πῆλπισεν,</em></span> 
     </span>
     <span class='ocr_line' id='line_1_13' title="bbox 259 1043 1707 1102; baseline -0.002 -12"><span class='ocrx_word' id='word_1_102' title='bbox 259 1050 334 1090; x_wconf 83' lang='grc' dir='ltr'><em>καί</em></span> <span class='ocrx_word' id='word_1_103' title='bbox 359 1050 527 1097; x_wconf 80' lang='grc' dir='ltr'><em>στείλας</em></span> <span class='ocrx_word' id='word_1_104' title='bbox 554 1050 751 1102; x_wconf 80' lang='grc' dir='ltr'><em>πρέσβεις</em></span> <span class='ocrx_word' id='word_1_105' title='bbox 782 1048 916 1089; x_wconf 75' lang='grc' dir='ltr'><em>ἐδέετο</em></span> <span class='ocrx_word' id='word_1_106' title='bbox 951 1048 1026 1088; x_wconf 79' lang='grc' dir='ltr'><strong>τοῦ</strong></span> <span class='ocrx_word' id='word_1_107' title='bbox 1054 1047 1257 1102; x_wconf 81' lang='grc' dir='ltr'><em>τυράννου</em></span> <span class='ocrx_word' id='word_1_108' title='bbox 1291 1049 1360 1088; x_wconf 78' lang='grc' dir='ltr'><em>ἵνα</em></span> <span class='ocrx_word' id='word_1_109' title='bbox 1391 1043 1487 1091; x_wconf 75' lang='grc' dir='ltr'><em>ὅσον</em></span> <span class='ocrx_word' id='word_1_110' title='bbox 1513 1043 1707 1100; x_wconf 72' lang='grc' dir='ltr'><em>βούλεται</em></span> 
     </span>
     <span class='ocr_line' id='line_1_14' title="bbox 257 1107 1706 1168; baseline -0.001 -13"><span class='ocrx_word' id='word_1_111' title='bbox 257 1116 372 1162; x_wconf 72' lang='grc' dir='ltr'><em>’τέλος</em></span> <span class='ocrx_word' id='word_1_112' title='bbox 398 1117 485 1155; x_wconf 81' lang='grc' dir='ltr'><em>κατ’</em></span> <span class='ocrx_word' id='word_1_113' title='bbox 517 1113 608 1161; x_wconf 82' lang='grc' dir='ltr'><em>ε”τος</em></span> <span class='ocrx_word' id='word_1_114' title='bbox 633 1115 706 1154; x_wconf 88' lang='grc' dir='ltr'><em>καί</em></span> <span class='ocrx_word' id='word_1_115' title='bbox 738 1109 845 1168; x_wconf 78' lang='grc' dir='ltr'><em>ὖπὲρ</em></span> <span class='ocrx_word' id='word_1_116' title='bbox 880 1110 954 1166; x_wconf 76' lang='grc' dir='ltr'><strong>την</strong></span> <span class='ocrx_word' id='word_1_117' title='bbox 986 1111 1166 1164; x_wconf 73' lang='grc' dir='ltr'><em>δύναμιν</em></span> <span class='ocrx_word' id='word_1_118' title='bbox 1183 1146 1195 1165; x_wconf 83' lang='grc'><strong><em>,</em></strong></span> <span class='ocrx_word' id='word_1_119' title='bbox 1223 1113 1298 1153; x_wconf 83' lang='grc' dir='ltr'><em>καί</em></span> <span class='ocrx_word' id='word_1_120' title='bbox 1323 1107 1430 1153; x_wconf 72' lang='grc' dir='ltr'><em>ἄλλα</em></span> <span class='ocrx_word' id='word_1_121' title='bbox 1462 1111 1706 1166; x_wconf 86' lang='grc' dir='ltr'><em>ζητήματα,</em></span> 
     </span>
     <span class='ocr_line' id='line_1_15' title="bbox 259 1176 1706 1232; baseline -0.001 -13"><span class='ocrx_word' id='word_1_122' title='bbox 259 1178 387 1231; x_wconf 81' lang='grc' dir='ltr'><em>μόνον</em></span> <span class='ocrx_word' id='word_1_123' title='bbox 416 1179 696 1232; x_wconf 80' lang='grc' dir='ltr'><em>α’ναχωρῆσαι</em></span> <span class='ocrx_word' id='word_1_124' title='bbox 723 1179 807 1219; x_wconf 79' lang='grc' dir='ltr'><strong>τῶν</strong></span> <span class='ocrx_word' id='word_1_125' title='bbox 840 1179 927 1218; x_wconf 78' lang='grc' dir='ltr'><em>ἐκεῖ</em></span> <span class='ocrx_word' id='word_1_126' title='bbox 955 1178 1099 1219; x_wconf 78' lang='grc' dir='ltr'><em>δοῦναι</em></span> <span class='ocrx_word' id='word_1_127' title='bbox 1119 1179 1192 1218; x_wconf 84' lang='grc' dir='ltr'><em>καί</em></span> <span class='ocrx_word' id='word_1_128' title='bbox 1219 1176 1383 1231; x_wconf 81' lang='grc' dir='ltr'><em>εἰρήνην</em></span> <span class='ocrx_word' id='word_1_129' title='bbox 1411 1177 1706 1223; x_wconf 64' lang='grc' dir='ltr'><em>ἀσπάσασθαι.</em></span> 
     </span>
    </p>

    <p class='ocr_par' dir='ltr' id='par_1_5' title="bbox 123 1239 1771 1757">
     <span class='ocr_line' id='line_1_16' title="bbox 261 1239 1770 1298; baseline -0.001 -13"><span class='ocrx_word' id='word_1_130' title='bbox 261 1244 282 1285; x_wconf 83' lang='grc' dir='ltr'><strong><em>ὅ</em></strong></span> <span class='ocrx_word' id='word_1_131' title='bbox 310 1246 357 1285; x_wconf 74' lang='grc' dir='ltr'><strong>δὲ</strong></span> <span class='ocrx_word' id='word_1_132' title='bbox 375 1242 579 1298; x_wconf 75' lang='grc' dir='ltr'><em>τύραννος</em></span> <span class='ocrx_word' id='word_1_133' title='bbox 601 1240 716 1284; x_wconf 81' lang='grc' dir='ltr'><em>εἶπεν</em></span> <span class='ocrx_word' id='word_1_134' title='bbox 742 1243 851 1295; x_wconf 80' lang='grc' dir='ltr'><em>,,ου’κ</em></span> <span class='ocrx_word' id='word_1_135' title='bbox 877 1241 964 1284; x_wconf 80' lang='grc' dir='ltr'><em>ἔστι</em></span> <span class='ocrx_word' id='word_1_136' title='bbox 989 1242 1166 1284; x_wconf 73' lang='grc' dir='ltr'><em>δυνατὸν</em></span> <span class='ocrx_word' id='word_1_137' title='bbox 1193 1243 1473 1298; x_wconf 76' lang='grc' dir='ltr'><em>ἅναχωρῆσαί</em></span> <span class='ocrx_word' id='word_1_138' title='bbox 1492 1258 1560 1295; x_wconf 86' lang='grc' dir='ltr'><em>με.</em></span> <span class='ocrx_word' id='word_1_139' title='bbox 1587 1239 1616 1298; x_wconf 72' lang='grc' dir='ltr'><em>ἢ</em></span> <span class='ocrx_word' id='word_1_140' title='bbox 1633 1240 1708 1298; x_wconf 74' lang='grc' dir='ltr'><em>τὴν</em></span> <span class='ocrx_word' id='word_1_141' title='bbox 1725 1240 1770 1284; x_wconf 75' lang='lat'><strong>‘15</strong></span> 
     </span>
     <span class='ocr_line' id='line_1_17' title="bbox 260 1303 1711 1361; baseline -0.002 -10"><span class='ocrx_word' id='word_1_142' title='bbox 260 1307 384 1351; x_wconf 87' lang='grc' dir='ltr'><em>πόλιν</em></span> <span class='ocrx_word' id='word_1_143' title='bbox 397 1307 613 1361; x_wconf 81' lang='grc' dir='ltr'><em>λαμβάνω,</em></span> <span class='ocrx_word' id='word_1_144' title='bbox 643 1303 672 1361; x_wconf 77' lang='grc' dir='ltr'><em>ἢ</em></span> <span class='ocrx_word' id='word_1_145' title='bbox 690 1306 715 1360; x_wconf 83' lang='grc' dir='ltr'><strong><em>ἧ</em></strong></span> <span class='ocrx_word' id='word_1_146' title='bbox 735 1305 853 1355; x_wconf 89' lang='grc' dir='ltr'><em>πόλις</em></span> <span class='ocrx_word' id='word_1_147' title='bbox 875 1306 1078 1361; x_wconf 77' lang='grc' dir='ltr'><em>λαμβάνει</em></span> <span class='ocrx_word' id='word_1_148' title='bbox 1095 1323 1148 1359; x_wconf 83' lang='grc' dir='ltr'><em>με</em></span> <span class='ocrx_word' id='word_1_149' title='bbox 1168 1304 1194 1360; x_wconf 77' lang='grc' dir='ltr'><em>ἢ</em></span> <span class='ocrx_word' id='word_1_150' title='bbox 1213 1309 1345 1357; x_wconf 75' lang='grc' dir='ltr'><em>ζῶντα</em></span> <span class='ocrx_word' id='word_1_151' title='bbox 1376 1304 1403 1361; x_wconf 76' lang='grc' dir='ltr'><strong><em>ἢ</em></strong></span> <span class='ocrx_word' id='word_1_152' title='bbox 1422 1310 1643 1350; x_wconf 75' lang='grc' dir='ltr'><em>τεθνεῶτα.</em></span> <span class='ocrx_word' id='word_1_153' title='bbox 1670 1307 1711 1348; x_wconf 80' lang='grc' dir='ltr'><em>εἰ</em></span> 
     </span>
     <span class='ocr_line' id='line_1_18' title="bbox 259 1371 1709 1427; baseline -0.001 -13"><span class='ocrx_word' id='word_1_154' title='bbox 259 1375 339 1427; x_wconf 80' lang='grc' dir='ltr'><em>μὲν</em></span> <span class='ocrx_word' id='word_1_155' title='bbox 366 1374 512 1426; x_wconf 81' lang='grc' dir='ltr'><em>βούλει</em></span> <span class='ocrx_word' id='word_1_156' title='bbox 539 1374 619 1413; x_wconf 82' lang='grc' dir='ltr'><strong>τοῦ</strong></span> <span class='ocrx_word' id='word_1_157' title='bbox 642 1372 921 1427; x_wconf 76' lang='grc' dir='ltr'><em>α’ναχωρῆσαι</em></span> <span class='ocrx_word' id='word_1_158' title='bbox 947 1372 1095 1426; x_wconf 75' lang='grc' dir='ltr'><em>ταύτης</em></span> <span class='ocrx_word' id='word_1_159' title='bbox 1123 1375 1216 1424; x_wconf 82' lang='grc' dir='ltr'><em>μετ’</em></span> <span class='ocrx_word' id='word_1_160' title='bbox 1245 1372 1424 1426; x_wconf 75' lang='grc' dir='ltr'><em>εἰρήνης,</em></span> <span class='ocrx_word' id='word_1_161' title='bbox 1457 1371 1618 1425; x_wconf 73' lang='grc' dir='ltr'><em>δίδωμί</em></span> <span class='ocrx_word' id='word_1_162' title='bbox 1641 1386 1709 1414; x_wconf 88' lang='grc' dir='ltr'><strong>σοι</strong></span> 
     </span>
     <span class='ocr_line' id='line_1_19' title="bbox 260 1433 1708 1492; baseline -0.001 -12"><span class='ocrx_word' id='word_1_163' title='bbox 260 1436 339 1492; x_wconf 75' lang='grc' dir='ltr'><em>τὴν</em></span> <span class='ocrx_word' id='word_1_164' title='bbox 371 1435 718 1492; x_wconf 73' lang='grc' dir='ltr'><em>Πελοπόννησον,</em></span> <span class='ocrx_word' id='word_1_165' title='bbox 748 1440 821 1478; x_wconf 78' lang='grc' dir='ltr'><strong>καί</strong></span> <span class='ocrx_word' id='word_1_166' title='bbox 849 1437 991 1486; x_wconf 73' lang='grc' dir='ltr'><em>αὕτοῖς</em></span> <span class='ocrx_word' id='word_1_167' title='bbox 1022 1443 1107 1486; x_wconf 86' lang='grc' dir='ltr'><em>τοῖς</em></span> <span class='ocrx_word' id='word_1_168' title='bbox 1135 1443 1223 1485; x_wconf 82' lang='grc' dir='ltr'><em>σοῖς</em></span> <span class='ocrx_word' id='word_1_169' title='bbox 1252 1434 1451 1492; x_wconf 73' lang='grc' dir='ltr'><em>ἀδελφοῖς</em></span> <span class='ocrx_word' id='word_1_170' title='bbox 1478 1437 1600 1479; x_wconf 80' lang='grc' dir='ltr'><em>δώσω</em></span> <span class='ocrx_word' id='word_1_171' title='bbox 1618 1433 1708 1479; x_wconf 72' lang='grc' dir='ltr'><em>ἑτέ-</em></span> 
     </span>
     <span class='ocr_line' id='line_1_20' title="bbox 264 1498 1708 1559; baseline -0.001 -15"><span class='ocrx_word' id='word_1_172' title='bbox 264 1519 345 1559; x_wconf 84' lang='grc' dir='ltr'><strong>ρας</strong></span> <span class='ocrx_word' id='word_1_173' title='bbox 378 1501 612 1557; x_wconf 80' lang='grc' dir='ltr'><em>ἐπαρχίας,</em></span> <span class='ocrx_word' id='word_1_174' title='bbox 652 1504 725 1544; x_wconf 80' lang='grc' dir='ltr'><em>καί</em></span> <span class='ocrx_word' id='word_1_175' title='bbox 768 1501 950 1555; x_wconf 72' lang='grc' dir='ltr'><em>ἐσόμεθα</em></span> <span class='ocrx_word' id='word_1_176' title='bbox 979 1503 1108 1558; x_wconf 82' lang='grc' dir='ltr'><em>φίλοι.</em></span> <span class='ocrx_word' id='word_1_177' title='bbox 1167 1505 1206 1544; x_wconf 84' lang='grc' dir='ltr'><em>εἰ</em></span> <span class='ocrx_word' id='word_1_178' title='bbox 1233 1504 1279 1544; x_wconf 74' lang='grc' dir='ltr'><strong>δὲ</strong></span> <span class='ocrx_word' id='word_1_179' title='bbox 1307 1499 1355 1543; x_wconf 75' lang='grc' dir='ltr'><em>οὗ</em></span> <span class='ocrx_word' id='word_1_180' title='bbox 1383 1498 1708 1558; x_wconf 66' lang='grc' dir='ltr'><em>παραχωρήσας</em></span> 
     </span>
     <span class='ocr_line' id='line_1_21' title="bbox 262 1564 1771 1623; baseline -0.001 -13"><span class='ocrx_word' id='word_1_181' title='bbox 262 1585 338 1623; x_wconf 86' lang='grc' dir='ltr'><strong>μοι</strong></span> <span class='ocrx_word' id='word_1_182' title='bbox 387 1567 462 1622; x_wconf 68' lang='grc' dir='ltr'><strong>τήν</strong></span> <span class='ocrx_word' id='word_1_183' title='bbox 502 1567 665 1609; x_wconf 73' lang='grc' dir='ltr'><em>εἴσοδον</em></span> <span class='ocrx_word' id='word_1_184' title='bbox 708 1569 925 1623; x_wconf 79' lang='grc' dir='ltr'><em>εἰρηνικῶς</em></span> <span class='ocrx_word' id='word_1_185' title='bbox 957 1569 1030 1609; x_wconf 83' lang='grc' dir='ltr'><em>καί</em></span> <span class='ocrx_word' id='word_1_186' title='bbox 1058 1566 1128 1608; x_wconf 70' lang='grc' dir='ltr'><em>διὰ</em></span> <span class='ocrx_word' id='word_1_187' title='bbox 1155 1569 1294 1622; x_wconf 75' lang='grc' dir='ltr'><em>μάχης</em></span> <span class='ocrx_word' id='word_1_188' title='bbox 1325 1568 1526 1620; x_wconf 75' lang='grc' dir='ltr'><em>εἰσέλθω,</em></span> <span class='ocrx_word' id='word_1_189' title='bbox 1551 1564 1707 1616; x_wconf 77' lang='grc' dir='ltr'><em>πάντας</em></span> <span class='ocrx_word' id='word_1_190' title='bbox 1720 1582 1771 1609; x_wconf 83' lang='lat'><strong>20</strong></span> 
     </span>
     <span class='ocr_line' id='line_1_22' title="bbox 123 1631 1708 1689; baseline -0.003 -11"><span class='ocrx_word' id='word_1_191' title='bbox 123 1645 159 1679; x_wconf 87' lang='lat' dir='ltr'><strong>P.</strong></span> <span class='ocrx_word' id='word_1_192' title='bbox 181 1645 249 1681; x_wconf 86' lang='lat'><strong>156</strong></span> <span class='ocrx_word' id='word_1_193' title='bbox 266 1635 363 1683; x_wconf 83' lang='grc' dir='ltr'><em>τούς</em></span> <span class='ocrx_word' id='word_1_194' title='bbox 389 1633 667 1687; x_wconf 79' lang='grc' dir='ltr'><em>,ιιεγιστάνους</em></span> <span class='ocrx_word' id='word_1_195' title='bbox 696 1648 773 1675; x_wconf 87' lang='grc' dir='ltr'><strong>σου</strong></span> <span class='ocrx_word' id='word_1_196' title='bbox 804 1631 883 1675; x_wconf 67' lang='grc' dir='ltr'><strong>σὺν</strong></span> <span class='ocrx_word' id='word_1_197' title='bbox 905 1635 972 1675; x_wconf 75' lang='grc' dir='ltr'><em>σοι’</em></span> <span class='ocrx_word' id='word_1_198' title='bbox 991 1633 1163 1683; x_wconf 80' lang='grc' dir='ltr'><em>πατάξω</em></span> <span class='ocrx_word' id='word_1_199' title='bbox 1190 1633 1397 1689; x_wconf 71' lang='grc' dir='ltr'><em>ῥομφαίᾳ,</em></span> <span class='ocrx_word' id='word_1_200' title='bbox 1428 1632 1502 1675; x_wconf 82' lang='grc' dir='ltr'><em>καί</em></span> <span class='ocrx_word' id='word_1_201' title='bbox 1526 1631 1599 1675; x_wconf 84' lang='grc' dir='ltr'><strong>τὸν</strong></span> <span class='ocrx_word' id='word_1_202' title='bbox 1619 1637 1708 1675; x_wconf 85' lang='grc' dir='ltr'><em>λοι-</em></span> 
     </span>
     <span class='ocr_line' id='line_1_23' title="bbox 266 1695 1709 1757; baseline -0.002 -16"><span class='ocrx_word' id='word_1_203' title='bbox 266 1697 347 1742; x_wconf 76' lang='lat' dir='ltr'><strong>miv</strong></span> <span class='ocrx_word' id='word_1_204' title='bbox 378 1695 543 1741; x_wconf 80' lang='grc' dir='ltr'><em>ἅπαντα</em></span> <span class='ocrx_word' id='word_1_205' title='bbox 572 1696 672 1741; x_wconf 88' lang='grc' dir='ltr'><em>λαὸν</em></span> <span class='ocrx_word' id='word_1_206' title='bbox 701 1701 758 1755; x_wconf 76' lang='grc' dir='ltr'><em>τῷ</em></span> <span class='ocrx_word' id='word_1_207' title='bbox 796 1699 1033 1757; x_wconf 74' lang='grc' dir='ltr'><em>βουλομένῳ</em></span> <span class='ocrx_word' id='word_1_208' title='bbox 1075 1701 1202 1740; x_wconf 80' lang='grc' dir='ltr'><em>παντί</em></span> <span class='ocrx_word' id='word_1_209' title='bbox 1236 1702 1293 1756; x_wconf 74' lang='grc' dir='ltr'><em>τῷ</em></span> <span class='ocrx_word' id='word_1_210' title='bbox 1332 1699 1512 1757; x_wconf 73' lang='grc' dir='ltr'><em>ἡμετέρῳ</em></span> <span class='ocrx_word' id='word_1_211' title='bbox 1543 1700 1709 1756; x_wconf 72' lang='grc' dir='ltr'><em>στρατῷ</em></span> 
     </span>
    </p>
   </div>
   <div class='ocr_carea' id='block_1_3' title="bbox 366 1816 912 1864">
    <p class='ocr_par' dir='ltr' id='par_1_6' title="bbox 366 1816 912 1864">
     <span class='ocr_line' id='line_1_24' title="bbox 366 1816 912 1864; baseline -0.009 -11"><span class='ocrx_word' id='word_1_212' title='bbox 366 1831 416 1853; x_wconf 88' lang='grc' dir='ltr'><strong>ιο.</strong></span> <span class='ocrx_word' id='word_1_213' title='bbox 440 1816 641 1864; x_wconf 74' lang='grc' dir='ltr'><em>τοιοῦτον]</em></span> <span class='ocrx_word' id='word_1_214' title='bbox 666 1816 851 1852; x_wconf 81' lang='grc' dir='ltr'><em>τοσοῦτον</em></span> <span class='ocrx_word' id='word_1_215' title='bbox 876 1817 912 1850; x_wconf 81' lang='lat' dir='ltr'><strong>P.</strong></span> 
     </span>
    </p>
   </div>
   <div class='ocr_carea' id='block_1_4' title="bbox 266 1910 1714 2839">
    <p class='ocr_par' dir='ltr' id='par_1_7' title="bbox 266 1910 1714 2839">
     <span class='ocr_line' id='line_1_25' title="bbox 267 1910 1709 1957; baseline -0.001 -12"><span class='ocrx_word' id='word_1_216' title='bbox 267 1912 454 1953; x_wconf 82' lang='lat' dir='ltr'><strong>faciendo,</strong></span> <span class='ocrx_word' id='word_1_217' title='bbox 498 1912 638 1956; x_wconf 81' lang='lat' dir='ltr'><strong>vigilias</strong></span> <span class='ocrx_word' id='word_1_218' title='bbox 676 1910 918 1956; x_wconf 83' lang='lat' dir='ltr'><strong>explorando,</strong></span> <span class='ocrx_word' id='word_1_219' title='bbox 945 1917 983 1945; x_wconf 90' lang='lat' dir='ltr'><strong>et</strong></span> <span class='ocrx_word' id='word_1_220' title='bbox 1004 1912 1180 1953; x_wconf 82' lang='lat' dir='ltr'><strong>militum,</strong></span> <span class='ocrx_word' id='word_1_221' title='bbox 1206 1913 1271 1957; x_wconf 90' lang='lat' dir='ltr'><strong>qui</strong></span> <span class='ocrx_word' id='word_1_222' title='bbox 1294 1911 1617 1953; x_wconf 83' lang='lat' dir='ltr'>desiderabantur,</span> <span class='ocrx_word' id='word_1_223' title='bbox 1641 1922 1709 1944; x_wconf 91' lang='lat' dir='ltr'><strong>nu-</strong></span> 
     </span>
     <span class='ocr_line' id='line_1_26' title="bbox 266 1957 1708 2004; baseline -0.001 -12"><span class='ocrx_word' id='word_1_224' title='bbox 266 1971 404 1992; x_wconf 80' lang='lat' dir='ltr'><strong>merum</strong></span> <span class='ocrx_word' id='word_1_225' title='bbox 428 1959 611 1999; x_wconf 89' lang='lat' dir='ltr'><strong>ineundo,</strong></span> <span class='ocrx_word' id='word_1_226' title='bbox 636 1959 842 2002; x_wconf 79' lang='lat' dir='ltr'><strong>quingentis</strong></span> <span class='ocrx_word' id='word_1_227' title='bbox 871 1959 1016 1992; x_wconf 85' lang='lat' dir='ltr'><strong>armatis</strong></span> <span class='ocrx_word' id='word_1_228' title='bbox 1040 1959 1192 2003; x_wconf 86' lang='lat' dir='ltr'><strong>stipatus</strong></span> <span class='ocrx_word' id='word_1_229' title='bbox 1218 1959 1344 1991; x_wconf 90' lang='lat' dir='ltr'><strong>urbem</strong></span> <span class='ocrx_word' id='word_1_230' title='bbox 1370 1959 1535 2004; x_wconf 85' lang='lat' dir='ltr'><strong>quotidie</strong></span> <span class='ocrx_word' id='word_1_231' title='bbox 1561 1957 1708 2000; x_wconf 81' lang='lat' dir='ltr'><strong>obibat:</strong></span> 
     </span>
     <span class='ocr_line' id='line_1_27' title="bbox 266 2004 1710 2050; baseline -0.002 -11"><span class='ocrx_word' id='word_1_232' title='bbox 266 2017 386 2050; x_wconf 87' lang='lat' dir='ltr'><strong>neque</strong></span> <span class='ocrx_word' id='word_1_233' title='bbox 413 2006 509 2038; x_wconf 87' lang='lat' dir='ltr'><strong>enim</strong></span> <span class='ocrx_word' id='word_1_234' title='bbox 534 2006 841 2049; x_wconf 79' lang='lat' dir='ltr'><strong>oppugnationem</strong></span> <span class='ocrx_word' id='word_1_235' title='bbox 864 2005 963 2038; x_wconf 84' lang='lat' dir='ltr'><strong>urbis</strong></span> <span class='ocrx_word' id='word_1_236' title='bbox 984 2006 1211 2038; x_wconf 81' lang='lat' dir='ltr'><strong>manifestam</strong></span> <span class='ocrx_word' id='word_1_237' title='bbox 1234 2006 1410 2049; x_wconf 83' lang='lat' dir='ltr'><strong>malignus</strong></span> <span class='ocrx_word' id='word_1_238' title='bbox 1437 2006 1501 2038; x_wconf 82' lang='lat' dir='ltr'><strong>ine</strong></span> <span class='ocrx_word' id='word_1_239' title='bbox 1527 2004 1710 2050; x_wconf 82' lang='lat' dir='ltr'><strong>aggredie-</strong></span> 
     </span>
     <span class='ocr_line' id='line_1_28' title="bbox 266 2051 1711 2096; baseline -0.001 -11"><span class='ocrx_word' id='word_1_240' title='bbox 266 2052 393 2092; x_wconf 84' lang='lat' dir='ltr'><strong>batur,</strong></span> <span class='ocrx_word' id='word_1_241' title='bbox 421 2052 505 2085; x_wconf 91' lang='lat' dir='ltr'><strong>dum</strong></span> <span class='ocrx_word' id='word_1_242' title='bbox 536 2058 677 2095; x_wconf 86' lang='lat' dir='ltr'><strong>tempus</strong></span> <span class='ocrx_word' id='word_1_243' title='bbox 720 2051 765 2083; x_wconf 88' lang='lat' dir='ltr'><strong>ab</strong></span> <span class='ocrx_word' id='word_1_244' title='bbox 800 2051 949 2084; x_wconf 88' lang='lat' dir='ltr'>hariolis</span> <span class='ocrx_word' id='word_1_245' title='bbox 978 2053 1050 2084; x_wconf 88' lang='lat' dir='ltr'><strong>suis</strong></span> <span class='ocrx_word' id='word_1_246' title='bbox 1085 2052 1283 2085; x_wconf 82' lang='lat' dir='ltr'><strong>indicatum</strong></span> <span class='ocrx_word' id='word_1_247' title='bbox 1313 2057 1488 2096; x_wconf 74' lang='lat' dir='ltr'>expectat.</span> <span class='ocrx_word' id='word_1_248' title='bbox 1516 2052 1711 2096; x_wconf 83' lang='lat' dir='ltr'><strong>imperator</strong></span> 
     </span>
     <span class='ocr_line' id='line_1_29' title="bbox 267 2097 1710 2143; baseline -0.001 -12"><span class='ocrx_word' id='word_1_249' title='bbox 267 2100 451 2131; x_wconf 83' lang='lat' dir='ltr'><strong>moenium</strong></span> <span class='ocrx_word' id='word_1_250' title='bbox 488 2099 627 2131; x_wconf 88' lang='lat' dir='ltr'><strong>ruinam</strong></span> <span class='ocrx_word' id='word_1_251' title='bbox 666 2097 897 2130; x_wconf 85' lang='lat' dir='ltr'><strong>considerans</strong></span> <span class='ocrx_word' id='word_1_252' title='bbox 932 2098 1014 2131; x_wconf 83' lang='lat' dir='ltr'><strong>urbi</strong></span> <span class='ocrx_word' id='word_1_253' title='bbox 1042 2098 1185 2143; x_wconf 86' lang='lat' dir='ltr'>sibique</span> <span class='ocrx_word' id='word_1_254' title='bbox 1220 2099 1377 2131; x_wconf 79' lang='lat' dir='ltr'><strong>infausta</strong></span> <span class='ocrx_word' id='word_1_255' title='bbox 1401 2098 1664 2142; x_wconf 72' lang='lat' dir='ltr'><strong>augurabatur3</strong></span> <span class='ocrx_word' id='word_1_256' title='bbox 1685 2107 1710 2129; x_wconf 69' lang='lat' dir='ltr'><strong>a</strong></span> 
     </span>
     <span class='ocr_line' id='line_1_30' title="bbox 267 2143 1711 2190; baseline -0.002 -12"><span class='ocrx_word' id='word_1_257' title='bbox 267 2145 490 2190; x_wconf 74' lang='lat' dir='ltr'><strong>temporibus</strong></span> <span class='ocrx_word' id='word_1_258' title='bbox 529 2145 664 2190; x_wconf 85' lang='lat' dir='ltr'><strong>quippe</strong></span> <span class='ocrx_word' id='word_1_259' title='bbox 703 2145 932 2178; x_wconf 82' lang='lat' dir='ltr'><strong>Constantini</strong></span> <span class='ocrx_word' id='word_1_260' title='bbox 967 2145 1181 2178; x_wconf 86' lang='lat' dir='ltr'><strong>sanctissimi</strong></span> <span class='ocrx_word' id='word_1_261' title='bbox 1219 2156 1283 2189; x_wconf 89' lang='lat' dir='ltr'><strong>per</strong></span> <span class='ocrx_word' id='word_1_262' title='bbox 1319 2150 1374 2178; x_wconf 86' lang='lat' dir='ltr'><strong>tot</strong></span> <span class='ocrx_word' id='word_1_263' title='bbox 1409 2150 1582 2189; x_wconf 79' lang='lat' dir='ltr'><strong>tantaque</strong></span> <span class='ocrx_word' id='word_1_264' title='bbox 1612 2143 1711 2176; x_wconf 85' lang='lat' dir='ltr'><strong>bella</strong></span> 
     </span>
     <span class='ocr_line' id='line_1_31' title="bbox 270 2190 1711 2235; baseline -0.001 -11"><span class='ocrx_word' id='word_1_265' title='bbox 270 2191 454 2234; x_wconf 86' lang='lat' dir='ltr'><strong>Scythica,</strong></span> <span class='ocrx_word' id='word_1_266' title='bbox 482 2192 621 2224; x_wconf 82' lang='lat' dir='ltr'><strong>Persica</strong></span> <span class='ocrx_word' id='word_1_267' title='bbox 647 2196 683 2224; x_wconf 83' lang='lat' dir='ltr'><strong>et</strong></span> <span class='ocrx_word' id='word_1_268' title='bbox 706 2191 879 2231; x_wconf 87' lang='lat' dir='ltr'><strong>Arabica,</strong></span> <span class='ocrx_word' id='word_1_269' title='bbox 906 2192 964 2224; x_wconf 85' lang='lat' dir='ltr'><strong>vel</strong></span> <span class='ocrx_word' id='word_1_270' title='bbox 988 2192 1093 2224; x_wconf 87' lang='lat' dir='ltr'><strong>unius</strong></span> <span class='ocrx_word' id='word_1_271' title='bbox 1119 2191 1233 2223; x_wconf 83' lang='lat' dir='ltr'><strong>librae</strong></span> <span class='ocrx_word' id='word_1_272' title='bbox 1255 2191 1375 2235; x_wconf 89' lang='lat' dir='ltr'><strong>pondo</strong></span> <span class='ocrx_word' id='word_1_273' title='bbox 1402 2190 1560 2235; x_wconf 84' lang='lat' dir='ltr'><strong>lapidem</strong></span> <span class='ocrx_word' id='word_1_274' title='bbox 1585 2201 1604 2222; x_wconf 87' lang='lat' dir='ltr'><strong>e</strong></span> <span class='ocrx_word' id='word_1_275' title='bbox 1631 2201 1711 2222; x_wconf 87' lang='lat' dir='ltr'><strong>mu-</strong></span> 
     </span>
     <span class='ocr_line' id='line_1_32' title="bbox 270 2237 1712 2282; baseline -0.001 -12"><span class='ocrx_word' id='word_1_276' title='bbox 270 2238 318 2270; x_wconf 82' lang='lat' dir='ltr'><strong>ris</strong></span> <span class='ocrx_word' id='word_1_277' title='bbox 346 2238 454 2270; x_wconf 88' lang='lat' dir='ltr'><strong>deiici</strong></span> <span class='ocrx_word' id='word_1_278' title='bbox 477 2249 654 2282; x_wconf 86' lang='lat' dir='ltr'><strong>nusquam</strong></span> <span class='ocrx_word' id='word_1_279' title='bbox 679 2238 887 2282; x_wconf 83' lang='lat' dir='ltr'><strong>contigerat.</strong></span> <span class='ocrx_word' id='word_1_280' title='bbox 915 2243 1016 2271; x_wconf 83' lang='lat' dir='ltr'><strong>tanta</strong></span> <span class='ocrx_word' id='word_1_281' title='bbox 1050 2238 1173 2282; x_wconf 84' lang='lat' dir='ltr'><strong>itaque</strong></span> <span class='ocrx_word' id='word_1_282' title='bbox 1197 2249 1379 2270; x_wconf 66' lang='lat' dir='ltr'><strong>¹suu-orum</strong></span> <span class='ocrx_word' id='word_1_283' title='bbox 1403 2238 1506 2269; x_wconf 85' lang='lat' dir='ltr'><strong>ruina</strong></span> <span class='ocrx_word' id='word_1_284' title='bbox 1523 2237 1599 2269; x_wconf 81' lang='lat' dir='ltr'><strong>eius</strong></span> <span class='ocrx_word' id='word_1_285' title='bbox 1624 2247 1712 2268; x_wconf 88' lang='lat' dir='ltr'><strong>ocu-</strong></span> 
     </span>
     <span class='ocr_line' id='line_1_33' title="bbox 269 2282 1711 2328; baseline -0.001 -12"><span class='ocrx_word' id='word_1_286' title='bbox 269 2284 315 2316; x_wconf 88' lang='lat' dir='ltr'><strong>lis</strong></span> <span class='ocrx_word' id='word_1_287' title='bbox 344 2284 569 2324; x_wconf 83' lang='lat' dir='ltr'><strong>obversante,</strong></span> <span class='ocrx_word' id='word_1_288' title='bbox 595 2285 768 2316; x_wconf 87' lang='lat' dir='ltr'><strong>immenso</strong></span> <span class='ocrx_word' id='word_1_289' title='bbox 796 2285 954 2317; x_wconf 82' lang='lat' dir='ltr'><strong>exercitu</strong></span> <span class='ocrx_word' id='word_1_290' title='bbox 979 2296 1020 2316; x_wconf 83' lang='lat' dir='ltr'><strong>ac</strong></span> <span class='ocrx_word' id='word_1_291' title='bbox 1044 2285 1155 2316; x_wconf 84' lang='lat' dir='ltr'><strong>classe</strong></span> <span class='ocrx_word' id='word_1_292' title='bbox 1181 2284 1294 2328; x_wconf 88' lang='lat' dir='ltr'><strong>premi</strong></span> <span class='ocrx_word' id='word_1_293' title='bbox 1319 2295 1367 2324; x_wconf 89' lang='lat' dir='ltr'><strong>se,</strong></span> <span class='ocrx_word' id='word_1_294' title='bbox 1395 2284 1538 2328; x_wconf 87' lang='lat' dir='ltr'><strong>iterque</strong></span> <span class='ocrx_word' id='word_1_295' title='bbox 1563 2282 1711 2326; x_wconf 81' lang='lat' dir='ltr'><strong>planum</strong></span> 
     </span>
     <span class='ocr_line' id='line_1_34' title="bbox 270 2329 1711 2374; baseline -0.001 -12"><span class='ocrx_word' id='word_1_296' title='bbox 270 2331 310 2362; x_wconf 89' lang='lat' dir='ltr'><strong>in</strong></span> <span class='ocrx_word' id='word_1_297' title='bbox 342 2331 467 2362; x_wconf 86' lang='lat' dir='ltr'><strong>urbem</strong></span> <span class='ocrx_word' id='word_1_298' title='bbox 490 2330 586 2363; x_wconf 87' lang='lat' dir='ltr'><strong>hosti</strong></span> <span class='ocrx_word' id='word_1_299' title='bbox 611 2337 774 2374; x_wconf 86' lang='lat' dir='ltr'><strong>apertum</strong></span> <span class='ocrx_word' id='word_1_300' title='bbox 802 2331 1111 2370; x_wconf 83' lang='lat' dir='ltr'><strong>animadvertens,</strong></span> <span class='ocrx_word' id='word_1_301' title='bbox 1137 2330 1277 2363; x_wconf 85' lang='lat' dir='ltr'><strong>abiecta</strong></span> <span class='ocrx_word' id='word_1_302' title='bbox 1306 2330 1403 2362; x_wconf 90' lang='lat' dir='ltr'><strong>omni</strong></span> <span class='ocrx_word' id='word_1_303' title='bbox 1429 2341 1490 2374; x_wconf 87' lang='lat' dir='ltr'><strong>spe</strong></span> <span class='ocrx_word' id='word_1_304' title='bbox 1515 2330 1633 2362; x_wconf 87' lang='lat' dir='ltr'><strong>animo</strong></span> <span class='ocrx_word' id='word_1_305' title='bbox 1659 2329 1711 2361; x_wconf 85' lang='lat' dir='ltr'><strong>ita</strong></span> 
     </span>
     <span class='ocr_line' id='line_1_35' title="bbox 272 2377 1712 2421; baseline -0.001 -13"><span class='ocrx_word' id='word_1_306' title='bbox 272 2377 470 2420; x_wconf 76' lang='lat' dir='ltr'><strong>frangitur,</strong></span> <span class='ocrx_word' id='word_1_307' title='bbox 495 2382 536 2409; x_wconf 87' lang='lat' dir='ltr'><strong>ut</strong></span> <span class='ocrx_word' id='word_1_308' title='bbox 561 2378 696 2420; x_wconf 86' lang='lat' dir='ltr'><strong>legatos</strong></span> <span class='ocrx_word' id='word_1_309' title='bbox 723 2377 769 2409; x_wconf 85' lang='lat' dir='ltr'><strong>ad</strong></span> <span class='ocrx_word' id='word_1_310' title='bbox 793 2383 982 2420; x_wconf 84' lang='lat' dir='ltr'><strong>tyrannum</strong></span> <span class='ocrx_word' id='word_1_311' title='bbox 1007 2377 1162 2417; x_wconf 80' lang='lat' dir='ltr'><strong>miserit,</strong></span> <span class='ocrx_word' id='word_1_312' title='bbox 1189 2377 1251 2421; x_wconf 90' lang='lat' dir='ltr'><strong>qui</strong></span> <span class='ocrx_word' id='word_1_313' title='bbox 1275 2377 1392 2420; x_wconf 87' lang='lat' dir='ltr'><strong>ipsum</strong></span> <span class='ocrx_word' id='word_1_314' title='bbox 1417 2381 1560 2408; x_wconf 83' lang='lat' dir='ltr'><strong>orarent</strong></span> <span class='ocrx_word' id='word_1_315' title='bbox 1583 2381 1625 2408; x_wconf 88' lang='lat' dir='ltr'><strong>ut</strong></span> <span class='ocrx_word' id='word_1_316' title='bbox 1647 2386 1712 2407; x_wconf 81' lang='lat' dir='ltr'><strong>an-</strong></span> 
     </span>
     <span class='ocr_line' id='line_1_36' title="bbox 270 2402 1712 2467; baseline -0.001 -13"><span class='ocrx_word' id='word_1_317' title='bbox 270 2434 344 2455; x_wconf 87' lang='lat' dir='ltr'><strong>nuo</strong></span> <span class='ocrx_word' id='word_1_318' title='bbox 354 2402 531 2463; x_wconf 58' lang='lat' dir='ltr'><strong>Dtribu’tO,</strong></span> <span class='ocrx_word' id='word_1_319' title='bbox 557 2429 731 2467; x_wconf 85' lang='lat' dir='ltr'><strong>quantum</strong></span> <span class='ocrx_word' id='word_1_320' title='bbox 755 2424 908 2464; x_wconf 85' lang='lat' dir='ltr'><strong>liberet,</strong></span> <span class='ocrx_word' id='word_1_321' title='bbox 938 2423 1036 2456; x_wconf 88' lang='lat' dir='ltr'><strong>urbis</strong></span> <span class='ocrx_word' id='word_1_322' title='bbox 1059 2424 1165 2456; x_wconf 83' lang='lat' dir='ltr'><strong>etiam</strong></span> <span class='ocrx_word' id='word_1_323' title='bbox 1192 2422 1320 2467; x_wconf 84' lang='lat' dir='ltr'><strong>opibus</strong></span> <span class='ocrx_word' id='word_1_324' title='bbox 1350 2428 1386 2455; x_wconf 84' lang='lat' dir='ltr'><strong>et</strong></span> <span class='ocrx_word' id='word_1_325' title='bbox 1411 2422 1547 2456; x_wconf 80' lang='lat' dir='ltr'><strong>divitiis</strong></span> <span class='ocrx_word' id='word_1_326' title='bbox 1575 2421 1712 2455; x_wconf 84' lang='lat' dir='ltr'><strong>maiore</strong></span> 
     </span>
     <span class='ocr_line' id='line_1_37' title="bbox 271 2467 1711 2514; baseline -0.001 -13"><span class='ocrx_word' id='word_1_327' title='bbox 271 2469 467 2513; x_wconf 77' lang='lat' dir='ltr'><strong>imperato,</strong></span> <span class='ocrx_word' id='word_1_328' title='bbox 506 2469 586 2501; x_wconf 88' lang='lat' dir='ltr'><strong>aliis</strong></span> <span class='ocrx_word' id='word_1_329' title='bbox 621 2480 767 2514; x_wconf 87' lang='lat' dir='ltr'><strong>quoque</strong></span> <span class='ocrx_word' id='word_1_330' title='bbox 807 2470 979 2502; x_wconf 84' lang='lat' dir='ltr'><strong>iniunctis</strong></span> <span class='ocrx_word' id='word_1_331' title='bbox 1007 2469 1233 2502; x_wconf 88' lang='lat' dir='ltr'><strong>obsidionem</strong></span> <span class='ocrx_word' id='word_1_332' title='bbox 1259 2469 1414 2502; x_wconf 81' lang='lat' dir='ltr'><strong>solveret</strong></span> <span class='ocrx_word' id='word_1_333' title='bbox 1454 2474 1491 2501; x_wconf 86' lang='lat' dir='ltr'><strong>et</strong></span> <span class='ocrx_word' id='word_1_334' title='bbox 1517 2469 1640 2501; x_wconf 82' lang='lat' dir='ltr'><strong>castris</strong></span> <span class='ocrx_word' id='word_1_335' title='bbox 1665 2467 1711 2500; x_wconf 86' lang='lat' dir='ltr'><strong>ab</strong></span> 
     </span>
     <span class='ocr_line' id='line_1_38' title="bbox 271 2511 1712 2560; baseline -0.001 -13"><span class='ocrx_word' id='word_1_336' title='bbox 271 2515 361 2547; x_wconf 88' lang='lat' dir='ltr'><strong>urbe</strong></span> <span class='ocrx_word' id='word_1_337' title='bbox 387 2515 493 2548; x_wconf 85' lang='lat' dir='ltr'><strong>motis</strong></span> <span class='ocrx_word' id='word_1_338' title='bbox 532 2526 657 2558; x_wconf 87' lang='lat' dir='ltr'><strong>pacem</strong></span> <span class='ocrx_word' id='word_1_339' title='bbox 694 2517 982 2560; x_wconf 86' lang='lat' dir='ltr'><strong>amplecteretur.</strong></span> <span class='ocrx_word' id='word_1_340' title='bbox 1024 2516 1150 2559; x_wconf 83' lang='lat' dir='ltr'><strong>legatis</strong></span> <span class='ocrx_word' id='word_1_341' title='bbox 1172 2515 1269 2549; x_wconf 84' lang='lat' dir='ltr'><strong>hunc</strong></span> <span class='ocrx_word' id='word_1_342' title='bbox 1293 2516 1331 2547; x_wconf 89' lang='lat' dir='ltr'><strong>in</strong></span> <span class='ocrx_word' id='word_1_343' title='bbox 1354 2514 1500 2547; x_wconf 76' lang='lat' dir='ltr'><strong>modum</strong></span> <span class='ocrx_word' id='word_1_344' title='bbox 1526 2511 1712 2559; x_wconf 79' lang='lat' dir='ltr'><strong>respondit</strong></span> 
     </span>
     <span class='ocr_line' id='line_1_39' title="bbox 270 2561 1711 2615; baseline -0.001 -21"><span class='ocrx_word' id='word_1_345' title='bbox 270 2566 454 2615; x_wconf 79' lang='lat' dir='ltr'><strong>tyrannus.</strong></span> <span class='ocrx_word' id='word_1_346' title='bbox 493 2561 560 2597; x_wconf 85' lang='lat' dir='ltr'><strong>„ab</strong></span> <span class='ocrx_word' id='word_1_347' title='bbox 585 2561 776 2594; x_wconf 88' lang='lat' dir='ltr'><strong>obsidione</strong></span> <span class='ocrx_word' id='word_1_348' title='bbox 811 2562 978 2595; x_wconf 84' lang='lat' dir='ltr'><strong>recedere</strong></span> <span class='ocrx_word' id='word_1_349' title='bbox 1011 2573 1084 2595; x_wconf 90' lang='lat' dir='ltr'><strong>non</strong></span> <span class='ocrx_word' id='word_1_350' title='bbox 1120 2573 1284 2606; x_wconf 89' lang='lat' dir='ltr'><strong>possum:</strong></span> <span class='ocrx_word' id='word_1_351' title='bbox 1309 2562 1373 2594; x_wconf 75' lang='lat' dir='ltr'><strong>aut·</strong></span> <span class='ocrx_word' id='word_1_352' title='bbox 1399 2561 1525 2593; x_wconf 85' lang='lat' dir='ltr'><strong>urbem</strong></span> <span class='ocrx_word' id='word_1_353' title='bbox 1550 2561 1711 2605; x_wconf 84' lang='lat' dir='ltr'><strong>capiam,</strong></span> 
     </span>
     <span class='ocr_line' id='line_1_40' title="bbox 270 2606 1713 2653; baseline 0 -14"><span class='ocrx_word' id='word_1_354' title='bbox 270 2613 334 2640; x_wconf 85' lang='lat' dir='ltr'><strong>aut</strong></span> <span class='ocrx_word' id='word_1_355' title='bbox 356 2608 434 2652; x_wconf 80' lang='lat' dir='ltr'><strong>ipsa</strong></span> <span class='ocrx_word' id='word_1_356' title='bbox 458 2609 578 2640; x_wconf 86' lang='lat' dir='ltr'><strong>vivum</strong></span> <span class='ocrx_word' id='word_1_357' title='bbox 601 2619 657 2640; x_wconf 86' lang='lat' dir='ltr'><strong>me</strong></span> <span class='ocrx_word' id='word_1_358' title='bbox 677 2614 901 2642; x_wconf 86' lang='lat' dir='ltr'><strong>mortuumve</strong></span> <span class='ocrx_word' id='word_1_359' title='bbox 930 2609 1058 2653; x_wconf 87' lang='lat' dir='ltr'><strong>capiet.</strong></span> <span class='ocrx_word' id='word_1_360' title='bbox 1085 2609 1140 2641; x_wconf 90' lang='lat' dir='ltr'><strong>sin</strong></span> <span class='ocrx_word' id='word_1_361' title='bbox 1165 2608 1254 2640; x_wconf 82' lang='lat' dir='ltr'><strong>urbe</strong></span> <span class='ocrx_word' id='word_1_362' title='bbox 1269 2608 1359 2640; x_wconf 89' lang='lat' dir='ltr'><strong>mihi</strong></span> <span class='ocrx_word' id='word_1_363' title='bbox 1386 2613 1513 2652; x_wconf 87' lang='lat' dir='ltr'><strong>sponte</strong></span> <span class='ocrx_word' id='word_1_364' title='bbox 1538 2606 1713 2640; x_wconf 82' lang='lat' dir='ltr'><strong>decedere</strong></span> 
     </span>
     <span class='ocr_line' id='line_1_41' title="bbox 267 2652 1714 2708; baseline -0.001 -22"><span class='ocrx_word' id='word_1_365' title='bbox 267 2654 438 2694; x_wconf 84' lang='lat' dir='ltr'><strong>volueris,</strong></span> <span class='ocrx_word' id='word_1_366' title='bbox 456 2654 751 2708; x_wconf 88' lang='lat' dir='ltr'><strong>Peloponnesum</strong></span> <span class='ocrx_word' id='word_1_367' title='bbox 764 2655 834 2688; x_wconf 85' lang='lat' dir='ltr'><strong>tibi</strong></span> <span class='ocrx_word' id='word_1_368' title='bbox 860 2655 1038 2696; x_wconf 81' lang='lat' dir='ltr'><strong>concedo3</strong></span> <span class='ocrx_word' id='word_1_369' title='bbox 1063 2654 1232 2687; x_wconf 84' lang='lat' dir='ltr'><strong>fratribus</strong></span> <span class='ocrx_word' id='word_1_370' title='bbox 1256 2654 1328 2687; x_wconf 88' lang='lat' dir='ltr'><strong>tuis</strong></span> <span class='ocrx_word' id='word_1_371' title='bbox 1349 2654 1438 2686; x_wconf 84' lang='lat' dir='ltr'><strong>alias</strong></span> <span class='ocrx_word' id='word_1_372' title='bbox 1463 2653 1620 2686; x_wconf 84' lang='lat' dir='ltr'><strong>ditiones</strong></span> <span class='ocrx_word' id='word_1_373' title='bbox 1647 2652 1714 2686; x_wconf 86' lang='lat' dir='ltr'><strong>do-</strong></span> 
     </span>
     <span class='ocr_line' id='line_1_42' title="bbox 269 2700 1714 2745; baseline -0.001 -12"><span class='ocrx_word' id='word_1_374' title='bbox 269 2700 385 2741; x_wconf 85' lang='lat' dir='ltr'><strong>nabo,</strong></span> <span class='ocrx_word' id='word_1_375' title='bbox 427 2706 464 2732; x_wconf 87' lang='lat' dir='ltr'><strong>et</strong></span> <span class='ocrx_word' id='word_1_376' title='bbox 489 2701 619 2732; x_wconf 87' lang='lat' dir='ltr'><strong>erimus</strong></span> <span class='ocrx_word' id='word_1_377' title='bbox 649 2701 763 2733; x_wconf 85' lang='lat' dir='ltr'><strong>amici.</strong></span> <span class='ocrx_word' id='word_1_378' title='bbox 789 2701 919 2745; x_wconf 86' lang='lat' dir='ltr'><strong>quodsi</strong></span> <span class='ocrx_word' id='word_1_379' title='bbox 946 2702 1041 2734; x_wconf 86' lang='lat' dir='ltr'><strong>intra</strong></span> <span class='ocrx_word' id='word_1_380' title='bbox 1071 2701 1196 2734; x_wconf 85' lang='lat' dir='ltr'><strong>urbem</strong></span> <span class='ocrx_word' id='word_1_381' title='bbox 1216 2711 1272 2733; x_wconf 88' lang='lat' dir='ltr'><strong>me</strong></span> <span class='ocrx_word' id='word_1_382' title='bbox 1296 2701 1443 2744; x_wconf 83' lang='lat' dir='ltr'><strong>pacifice</strong></span> <span class='ocrx_word' id='word_1_383' title='bbox 1468 2711 1541 2732; x_wconf 90' lang='lat' dir='ltr'><strong>non</strong></span> <span class='ocrx_word' id='word_1_384' title='bbox 1566 2710 1714 2744; x_wconf 50' lang='lat' dir='ltr'><strong>aceepev</strong></span> 
     </span>
     <span class='ocr_line' id='line_1_43' title="bbox 272 2747 1712 2791; baseline -0.001 -12"><span class='ocrx_word' id='word_1_385' title='bbox 272 2747 344 2787; x_wconf 82' lang='lat' dir='ltr'><strong>ris,</strong></span> <span class='ocrx_word' id='word_1_386' title='bbox 373 2757 523 2791; x_wconf 88' lang='lat' dir='ltr'><strong>eamque</strong></span> <span class='ocrx_word' id='word_1_387' title='bbox 557 2747 593 2779; x_wconf 89' lang='lat' dir='ltr'><strong>vi</strong></span> <span class='ocrx_word' id='word_1_388' title='bbox 631 2754 869 2790; x_wconf 80' lang='lat' dir='ltr'><strong>expugnatam</strong></span> <span class='ocrx_word' id='word_1_389' title='bbox 906 2748 1084 2791; x_wconf 85' lang='lat' dir='ltr'><strong>ingressus</strong></span> <span class='ocrx_word' id='word_1_390' title='bbox 1121 2747 1243 2787; x_wconf 81' lang='lat' dir='ltr'><strong>fuero,</strong></span> <span class='ocrx_word' id='word_1_391' title='bbox 1274 2751 1310 2779; x_wconf 85' lang='lat' dir='ltr'><strong>te</strong></span> <span class='ocrx_word' id='word_1_392' title='bbox 1346 2752 1600 2791; x_wconf 84' lang='lat' dir='ltr'><strong>magnatesque</strong></span> <span class='ocrx_word' id='word_1_393' title='bbox 1631 2751 1712 2778; x_wconf 78' lang='lat' dir='ltr'><strong>tuos</strong></span> 
     </span>
     <span class='ocr_line' id='line_1_44' title="bbox 272 2792 1713 2839; baseline -0.001 -13"><span class='ocrx_word' id='word_1_394' title='bbox 272 2803 397 2826; x_wconf 83' lang='lat' dir='ltr'><strong>omnes</strong></span> <span class='ocrx_word' id='word_1_395' title='bbox 426 2792 545 2837; x_wconf 80' lang='lat' dir='ltr'><strong>gladio</strong></span> <span class='ocrx_word' id='word_1_396' title='bbox 574 2793 800 2837; x_wconf 81' lang='lat' dir='ltr'><strong>confodiam3</strong></span> <span class='ocrx_word' id='word_1_397' title='bbox 833 2799 1062 2839; x_wconf 84' lang='lat' dir='ltr'><strong>ceteramque</strong></span> <span class='ocrx_word' id='word_1_398' title='bbox 1085 2792 1356 2827; x_wconf 81' lang='lat' dir='ltr'><strong>multitudinem</strong></span> <span class='ocrx_word' id='word_1_399' title='bbox 1383 2793 1491 2826; x_wconf 83' lang='lat' dir='ltr'><strong>militi</strong></span> <span class='ocrx_word' id='word_1_400' title='bbox 1514 2803 1606 2833; x_wconf 87' lang='lat' dir='ltr'><strong>meo,</strong></span> <span class='ocrx_word' id='word_1_401' title='bbox 1634 2803 1713 2824; x_wconf 86' lang='lat' dir='ltr'><strong>cum</strong></span> 
     </span>
    </p>
   </div>
  </div>
 </body>
</html>
