<?xml version="1.0" encoding="UTF-8"?>
<!DOCTYPE html PUBLIC "-//W3C//DTD XHTML 1.0 Transitional//EN"
    "http://www.w3.org/TR/xhtml1/DTD/xhtml1-transitional.dtd">
<html xmlns="http://www.w3.org/1999/xhtml" xml:lang="en" lang="en">
 <head>
  <title>
</title>
<meta http-equiv="Content-Type" content="text/html;charset=utf-8" />
  <meta name='ocr-system' content='tesseract 3.04.00' />
  <meta name='ocr-capabilities' content='ocr_page ocr_carea ocr_par ocr_line ocrx_word'/>
</head>
<body>
  <div class='ocr_page' id='page_1' title='image "./corpusscriptorum11niebuoft_0216.png"; bbox 0 0 1884 3216; ppageno 0'>
   <div class='ocr_carea' id='block_1_1' title="bbox 338 123 1448 196">
    <p class='ocr_par' dir='ltr' id='par_1_1' title="bbox 338 123 1448 196">
     <span class='ocr_line' id='line_1_1' title="bbox 338 123 1448 196; baseline 0.005 -20"><span class='ocrx_word' id='word_1_1' title='bbox 338 123 442 196; x_wconf 81' lang='lat'><strong>198</strong></span> <span class='ocrx_word' id='word_1_2' title='bbox 681 140 862 183; x_wconf 73' lang='lat' dir='ltr'><strong>numm</strong></span> <span class='ocrx_word' id='word_1_3' title='bbox 902 139 1188 181; x_wconf 75' lang='lat' dir='ltr'><strong>MlcuAEms</strong></span> <span class='ocrx_word' id='word_1_4' title='bbox 1223 139 1448 182; x_wconf 71' lang='lat' dir='ltr'><strong>NEPo&#39;ns</strong></span> 
     </span>
    </p>
   </div>
   <div class='ocr_carea' id='block_1_2' title="bbox 205 234 1843 1667">
    <p class='ocr_par' dir='ltr' id='par_1_2' title="bbox 205 234 1843 1667">
     <span class='ocr_line' id='line_1_2' title="bbox 329 234 1770 299; baseline 0 -17"><span class='ocrx_word' id='word_1_5' title='bbox 329 241 533 295; x_wconf 80' lang='grc' dir='ltr'><em>δρόνικον.</em></span> <span class='ocrx_word' id='word_1_6' title='bbox 588 239 663 283; x_wconf 70' lang='grc' dir='ltr'><em>καὶ</em></span> <span class='ocrx_word' id='word_1_7' title='bbox 686 239 759 282; x_wconf 83' lang='grc' dir='ltr'><strong>τὸν</strong></span> <span class='ocrx_word' id='word_1_8' title='bbox 784 240 876 281; x_wconf 77' lang='grc' dir='ltr'><em>νέον</em></span> <span class='ocrx_word' id='word_1_9' title='bbox 897 238 1052 280; x_wconf 76' lang='grc' dir='ltr'><em>δοῧκαν</em></span> <span class='ocrx_word' id='word_1_10' title='bbox 1085 234 1404 293; x_wconf 73' lang='grc' dir='ltr'><em>εὖφημήσαντες</em></span> <span class='ocrx_word' id='word_1_11' title='bbox 1429 236 1707 299; x_wconf 64' lang='grc' dir='ltr'><em>ὑπέστρεψαν·</em></span> <span class='ocrx_word' id='word_1_12' title='bbox 1723 239 1770 282; x_wconf 74' lang='grc' dir='ltr'><em>αἶ</em></span> 
     </span>
     <span class='ocr_line' id='line_1_3' title="bbox 328 296 1770 361; baseline 0 -15"><span class='ocrx_word' id='word_1_13' title='bbox 328 304 516 360; x_wconf 82' lang='grc' dir='ltr'><strong><em>τριήρεις</em></strong></span> <span class='ocrx_word' id='word_1_14' title='bbox 556 307 602 348; x_wconf 81' lang='grc' dir='ltr'><strong>ἐν</strong></span> <span class='ocrx_word' id='word_1_15' title='bbox 636 306 824 361; x_wconf 77' lang='grc' dir='ltr'><em>Βενετίᾳ.</em></span> <span class='ocrx_word' id='word_1_16' title='bbox 883 301 956 343; x_wconf 83' lang='grc' dir='ltr'><em>καί</em></span> <span class='ocrx_word' id='word_1_17' title='bbox 981 296 1030 356; x_wconf 81' lang='grc' dir='ltr'><strong>ἦν</strong></span> <span class='ocrx_word' id='word_1_18' title='bbox 1060 303 1163 344; x_wconf 75' lang='grc' dir='ltr'><strong>ἰδεῖν</strong></span> <span class='ocrx_word' id='word_1_19' title='bbox 1202 300 1335 344; x_wconf 76' lang='grc' dir='ltr'><em>ἔκτοτε</em></span> <span class='ocrx_word' id='word_1_20' title='bbox 1364 304 1523 355; x_wconf 78' lang='grc' dir='ltr'><em>πλῆθος</em></span> <span class='ocrx_word' id='word_1_21' title='bbox 1548 304 1770 357; x_wconf 68' lang='grc' dir='ltr'><em>πολέμῶν,</em></span> 
     </span>
     <span class='ocr_line' id='line_1_4' title="bbox 331 365 1770 424; baseline -0.001 -12"><span class='ocrx_word' id='word_1_22' title='bbox 331 371 516 424; x_wconf 79' lang='grc' dir='ltr'><em>λέγοντες</em></span> <span class='ocrx_word' id='word_1_23' title='bbox 545 369 585 412; x_wconf 78' lang='grc' dir='ltr'><em>οἱ</em></span> <span class='ocrx_word' id='word_1_24' title='bbox 618 372 793 424; x_wconf 80' lang='grc' dir='ltr'><em>Τοῦρκοι</em></span> <span class='ocrx_word' id='word_1_25' title='bbox 818 367 874 422; x_wconf 79' lang='grc' dir='ltr'><strong>,,ἧ</strong></span> <span class='ocrx_word' id='word_1_26' title='bbox 904 366 1023 415; x_wconf 83' lang='grc' dir='ltr'><strong><em>πόλις</em></strong></span> <span class='ocrx_word' id='word_1_27' title='bbox 1050 384 1157 422; x_wconf 83' lang='grc' dir='ltr'><em>αυτη</em></span> <span class='ocrx_word' id='word_1_28' title='bbox 1183 367 1365 422; x_wconf 77' lang='grc' dir='ltr'><em>ἡμετέρα</em></span> <span class='ocrx_word' id='word_1_29' title='bbox 1394 365 1600 423; x_wconf 76' lang='grc' dir='ltr'><em>ὑπάρχει·</em></span> <span class='ocrx_word' id='word_1_30' title='bbox 1624 368 1670 410; x_wconf 76' lang='grc' dir='ltr'><em>εἰ</em></span> <span class='ocrx_word' id='word_1_31' title='bbox 1688 383 1770 422; x_wconf 70' lang='grc' dir='ltr'><strong>γαρ</strong></span> 
     </span>
     <span class='ocr_line' id='line_1_5' title="bbox 288 429 1773 515; baseline -0.001 -38"><span class='ocrx_word' id='word_1_32' title='bbox 288 435 452 490; x_wconf 79' lang='grc' dir='ltr'><em>Βῆμεΐς</em></span> <span class='ocrx_word' id='word_1_33' title='bbox 475 433 633 515; x_wconf 45' lang='grc' dir='ltr'><em>ταύτιην</em></span> <span class='ocrx_word' id='word_1_34' title='bbox 665 434 925 476; x_wconf 76' lang='grc' dir='ltr'><em>ασθενοῦσαν</em></span> <span class='ocrx_word' id='word_1_35' title='bbox 963 448 1037 474; x_wconf 82' lang='grc' dir='ltr'><em>ουκ</em></span> <span class='ocrx_word' id='word_1_36' title='bbox 1066 432 1363 485; x_wconf 74' lang='grc' dir='ltr'><em>ἅπεὸειξαμεν,</em></span> <span class='ocrx_word' id='word_1_37' title='bbox 1394 432 1469 474; x_wconf 78' lang='grc' dir='ltr'><em>οῦκ</em></span> <span class='ocrx_word' id='word_1_38' title='bbox 1497 429 1550 474; x_wconf 73' lang='grc' dir='ltr'><strong>ἂν</strong></span> <span class='ocrx_word' id='word_1_39' title='bbox 1574 433 1634 482; x_wconf 76' lang='grc' dir='ltr'><em>εἷς</em></span> <span class='ocrx_word' id='word_1_40' title='bbox 1658 429 1773 486; x_wconf 60' lang='grc' dir='ltr'><strong>ὑμᾶς</strong></span> 
     </span>
     <span class='ocr_line' id='line_1_6' title="bbox 332 496 1810 556; baseline -0.001 -14"><span class='ocrx_word' id='word_1_41' title='bbox 332 501 584 546; x_wconf 76' lang='grc' dir='ltr'><strong>οἷπε’κλινεν.’Ι</strong></span> <span class='ocrx_word' id='word_1_42' title='bbox 640 502 685 542; x_wconf 81' lang='grc' dir='ltr'><strong>ἐν</strong></span> <span class='ocrx_word' id='word_1_43' title='bbox 713 497 793 553; x_wconf 77' lang='grc' dir='ltr'><strong>γὰρ</strong></span> <span class='ocrx_word' id='word_1_44' title='bbox 827 496 955 554; x_wconf 72' lang='lat' dir='ltr'><strong>unitur</strong></span> <span class='ocrx_word' id='word_1_45' title='bbox 979 499 1036 554; x_wconf 82' lang='grc' dir='ltr'><em>τιῦ</em></span> <span class='ocrx_word' id='word_1_46' title='bbox 1063 497 1297 553; x_wconf 76' lang='grc' dir='ltr'><em>φρονήματι</em></span> <span class='ocrx_word' id='word_1_47' title='bbox 1326 498 1508 556; x_wconf 76' lang='grc' dir='ltr'><em>καρτερὰ</em></span> <span class='ocrx_word' id='word_1_48' title='bbox 1539 496 1657 553; x_wconf 75' lang='grc' dir='ltr'><strong><em>μάχη</em></strong></span> <span class='ocrx_word' id='word_1_49' title='bbox 1683 499 1810 552; x_wconf 60' lang='grc' dir='ltr'><strong><em>«ὴὲ-5</em></strong></span> 
     </span>
     <span class='ocr_line' id='line_1_7' title="bbox 330 561 1773 619; baseline -0.001 -12"><span class='ocrx_word' id='word_1_50' title='bbox 330 580 420 607; x_wconf 80' lang='grc' dir='ltr'><em>νετο</em></span> <span class='ocrx_word' id='word_1_51' title='bbox 437 598 449 619; x_wconf 84' lang='grc'><em>,</em></span> <span class='ocrx_word' id='word_1_52' title='bbox 476 568 550 607; x_wconf 81' lang='grc' dir='ltr'><strong><em>καί</em></strong></span> <span class='ocrx_word' id='word_1_53' title='bbox 574 565 831 619; x_wconf 82' lang='grc' dir='ltr'><em>ὖπερίσχυον</em></span> <span class='ocrx_word' id='word_1_54' title='bbox 863 561 902 603; x_wconf 82' lang='grc' dir='ltr'><em>οἱ</em></span> <span class='ocrx_word' id='word_1_55' title='bbox 927 563 1136 617; x_wconf 75' lang='grc' dir='ltr'><em>’Τοῦρκοι,</em></span> <span class='ocrx_word' id='word_1_56' title='bbox 1163 563 1386 615; x_wconf 83' lang='grc' dir='ltr'><em>ε’λίμωττον</em></span> <span class='ocrx_word' id='word_1_57' title='bbox 1416 564 1464 606; x_wconf 79' lang='grc' dir='ltr'><strong>δὲ</strong></span> <span class='ocrx_word' id='word_1_58' title='bbox 1494 562 1535 605; x_wconf 79' lang='grc' dir='ltr'><em>οἱ</em></span> <span class='ocrx_word' id='word_1_59' title='bbox 1561 563 1773 606; x_wconf 72' lang='grc' dir='ltr'><em>Θεσσαλο-</em></span> 
     </span>
     <span class='ocr_line' id='line_1_8' title="bbox 331 625 1773 682; baseline -0.001 -11"><span class='ocrx_word' id='word_1_60' title='bbox 331 635 471 679; x_wconf 80' lang='grc' dir='ltr'><em>νικεῖς.</em></span> <span class='ocrx_word' id='word_1_61' title='bbox 539 629 579 671; x_wconf 87' lang='grc' dir='ltr'><em>οἱ</em></span> <span class='ocrx_word' id='word_1_62' title='bbox 607 630 654 670; x_wconf 80' lang='grc' dir='ltr'><strong>δὲ</strong></span> <span class='ocrx_word' id='word_1_63' title='bbox 682 631 865 670; x_wconf 81' lang='grc' dir='ltr'><em>Λατῖνοι</em></span> <span class='ocrx_word' id='word_1_64' title='bbox 894 626 1148 682; x_wconf 75' lang='grc' dir='ltr'><em>φοβούμενοι</em></span> <span class='ocrx_word' id='word_1_65' title='bbox 1185 625 1244 682; x_wconf 87' lang='grc' dir='ltr'><strong>μή</strong></span> <span class='ocrx_word' id='word_1_66' title='bbox 1273 644 1360 677; x_wconf 86' lang='grc' dir='ltr'><strong>πως</strong></span> <span class='ocrx_word' id='word_1_67' title='bbox 1391 627 1430 669; x_wconf 79' lang='grc' dir='ltr'><em>οἱ</em></span> <span class='ocrx_word' id='word_1_68' title='bbox 1451 628 1654 681; x_wconf 77' lang='grc' dir='ltr'><em>Ῥωμαῖοι</em></span> <span class='ocrx_word' id='word_1_69' title='bbox 1680 642 1773 670; x_wconf 75' lang='grc' dir='ltr'><em>στο-</em></span> 
     </span>
     <span class='ocr_line' id='line_1_9' title="bbox 330 687 1773 751; baseline -0.002 -14"><span class='ocrx_word' id='word_1_70' title='bbox 330 697 642 751; x_wconf 77' lang='grc' dir='ltr'><em>νοχωρηθὲντες</em></span> <span class='ocrx_word' id='word_1_71' title='bbox 668 693 915 747; x_wconf 85' lang='grc' dir='ltr'>ποιήσουσιν</span> <span class='ocrx_word' id='word_1_72' title='bbox 943 687 1143 747; x_wconf 74' lang='grc' dir='ltr'><em>ἄνταρσιν</em></span> <span class='ocrx_word' id='word_1_73' title='bbox 1168 695 1242 734; x_wconf 78' lang='grc' dir='ltr'><em>καί</em></span> <span class='ocrx_word' id='word_1_74' title='bbox 1270 692 1482 744; x_wconf 80' lang='grc' dir='ltr'><em>εἰσάξουσι</em></span> <span class='ocrx_word' id='word_1_75' title='bbox 1509 691 1607 744; x_wconf 77' lang='grc' dir='ltr'><strong>τούς</strong></span> <span class='ocrx_word' id='word_1_76' title='bbox 1639 689 1773 747; x_wconf 76' lang='grc' dir='ltr'><em>Τούρ-</em></span> 
     </span>
     <span class='ocr_line' id='line_1_10' title="bbox 332 754 1775 814; baseline -0.001 -13"><span class='ocrx_word' id='word_1_77' title='bbox 332 776 430 809; x_wconf 89' lang='grc' dir='ltr'><em>κους</em></span> <span class='ocrx_word' id='word_1_78' title='bbox 451 793 462 811; x_wconf 83' lang='grc'><em>,</em></span> <span class='ocrx_word' id='word_1_79' title='bbox 497 759 614 808; x_wconf 57' lang='grc' dir='ltr'><strong>τούςν</strong></span> <span class='ocrx_word' id='word_1_80' title='bbox 636 759 683 799; x_wconf 84' lang='grc' dir='ltr'><strong>δὲ</strong></span> <span class='ocrx_word' id='word_1_81' title='bbox 709 756 961 807; x_wconf 78' lang='grc' dir='ltr'><em>Βενετικούς</em></span> <span class='ocrx_word' id='word_1_82' title='bbox 992 757 1213 810; x_wconf 77' lang='grc' dir='ltr'><em>διώξουσιν</em></span> <span class='ocrx_word' id='word_1_83' title='bbox 1248 754 1318 814; x_wconf 82' lang='grc' dir='ltr'><strong>(ἦν</strong></span> <span class='ocrx_word' id='word_1_84' title='bbox 1343 757 1423 813; x_wconf 75' lang='grc' dir='ltr'><strong>γὰρ</strong></span> <span class='ocrx_word' id='word_1_85' title='bbox 1453 757 1528 800; x_wconf 75' lang='grc' dir='ltr'><em>καὶ</em></span> <span class='ocrx_word' id='word_1_86' title='bbox 1551 756 1775 813; x_wconf 76' lang='grc' dir='ltr'><em>προλαβών</em></span> 
     </span>
     <span class='ocr_line' id='line_1_11' title="bbox 331 819 1839 880; baseline 0.001 -15"><span class='ocrx_word' id='word_1_87' title='bbox 331 824 358 878; x_wconf 79' lang='grc' dir='ltr'><em>ἢ</em></span> <span class='ocrx_word' id='word_1_88' title='bbox 386 823 505 873; x_wconf 83' lang='grc' dir='ltr'><em>πόλις</em></span> <span class='ocrx_word' id='word_1_89' title='bbox 535 827 616 866; x_wconf 77' lang='grc' dir='ltr'><strong>τῶν</strong></span> <span class='ocrx_word' id='word_1_90' title='bbox 638 824 885 880; x_wconf 81' lang='grc' dir='ltr'><em>Τούρκων),</em></span> <span class='ocrx_word' id='word_1_91' title='bbox 910 819 1087 878; x_wconf 78' lang='grc' dir='ltr'><em>ἤρξαντο</em></span> <span class='ocrx_word' id='word_1_92' title='bbox 1114 822 1215 871; x_wconf 76' lang='grc' dir='ltr'><strong>τούς</strong></span> <span class='ocrx_word' id='word_1_93' title='bbox 1244 824 1329 865; x_wconf 75' lang='grc' dir='ltr'><em>ταῖν</em></span> <span class='ocrx_word' id='word_1_94' title='bbox 1356 824 1536 878; x_wconf 71' lang='grc' dir='ltr'><em>εὐγενῶν</em></span> <span class='ocrx_word' id='word_1_95' title='bbox 1555 824 1775 876; x_wconf 73' lang='grc' dir='ltr'><em>Ῥωμαίων</em></span> <span class='ocrx_word' id='word_1_96' title='bbox 1792 843 1839 875; x_wconf 79' lang='lat'><strong>10</strong></span> 
     </span>
     <span class='ocr_line' id='line_1_12' title="bbox 331 884 1776 945; baseline 0.001 -14"><span class='ocrx_word' id='word_1_97' title='bbox 331 890 470 940; x_wconf 72' lang='grc' dir='ltr'><em>οἴκους</em></span> <span class='ocrx_word' id='word_1_98' title='bbox 496 891 816 942; x_wconf 84' lang='grc' dir='ltr'><em>μεταστέλλειν,</em></span> <span class='ocrx_word' id='word_1_99' title='bbox 847 888 944 938; x_wconf 82' lang='grc' dir='ltr'><strong>τούς</strong></span> <span class='ocrx_word' id='word_1_100' title='bbox 968 891 1047 942; x_wconf 83' lang='grc' dir='ltr'><strong>μὲν</strong></span> <span class='ocrx_word' id='word_1_101' title='bbox 1074 890 1134 938; x_wconf 85' lang='grc' dir='ltr'><em>εἰς</em></span> <span class='ocrx_word' id='word_1_102' title='bbox 1151 884 1363 943; x_wconf 72' lang='grc' dir='ltr'><em>Εὔβοιαν,</em></span> <span class='ocrx_word' id='word_1_103' title='bbox 1391 887 1490 939; x_wconf 73' lang='grc' dir='ltr'><strong>τούς</strong></span> <span class='ocrx_word' id='word_1_104' title='bbox 1517 890 1565 932; x_wconf 77' lang='grc' dir='ltr'><strong>δὲ</strong></span> <span class='ocrx_word' id='word_1_105' title='bbox 1588 891 1636 932; x_wconf 68' lang='grc' dir='ltr'><strong>ἐν</strong></span> <span class='ocrx_word' id='word_1_106' title='bbox 1652 887 1776 945; x_wconf 81' lang='grc' dir='ltr'><em>Κρή-</em></span> 
     </span>
     <span class='ocr_line' id='line_1_13' title="bbox 330 950 1774 1012; baseline -0.001 -15"><span class='ocrx_word' id='word_1_107' title='bbox 330 972 406 1012; x_wconf 83' lang='grc' dir='ltr'><strong>τῃ,</strong></span> <span class='ocrx_word' id='word_1_108' title='bbox 440 950 591 1004; x_wconf 70' lang='grc' dir='ltr'><em>ἄλλους</em></span> <span class='ocrx_word' id='word_1_109' title='bbox 618 957 663 997; x_wconf 82' lang='grc' dir='ltr'><strong>ἐν</strong></span> <span class='ocrx_word' id='word_1_110' title='bbox 688 957 878 1012; x_wconf 77' lang='grc' dir='ltr'><em>Βενετίᾳ.</em></span> <span class='ocrx_word' id='word_1_111' title='bbox 932 952 956 1010; x_wconf 79' lang='grc' dir='ltr'><em>ἦ</em></span> <span class='ocrx_word' id='word_1_112' title='bbox 984 956 1166 1011; x_wconf 71' lang='grc' dir='ltr'><em>ᾀδομένη</em></span> <span class='ocrx_word' id='word_1_113' title='bbox 1194 950 1270 996; x_wconf 75' lang='grc' dir='ltr'><em>οὖν</em></span> <span class='ocrx_word' id='word_1_114' title='bbox 1299 955 1549 1004; x_wconf 76' lang='grc' dir='ltr'><em>ε’πίπλαστος</em></span> <span class='ocrx_word' id='word_1_115' title='bbox 1572 953 1742 1011; x_wconf 82' lang='grc' dir='ltr'><em>α’φορμή</em></span> <span class='ocrx_word' id='word_1_116' title='bbox 1761 987 1774 1006; x_wconf 90' lang='grc'>,</span> 
     </span>
     <span class='ocr_line' id='line_1_14' title="bbox 331 1015 1778 1075; baseline 0 -13"><span class='ocrx_word' id='word_1_117' title='bbox 331 1017 394 1062; x_wconf 80' lang='grc' dir='ltr'><em>ὅτι</em></span> <span class='ocrx_word' id='word_1_118' title='bbox 429 1019 481 1061; x_wconf 82' lang='grc' dir='ltr'><strong>τὰ</strong></span> <span class='ocrx_word' id='word_1_119' title='bbox 508 1019 615 1074; x_wconf 84' lang='grc' dir='ltr'><em>πρὸς</em></span> <span class='ocrx_word' id='word_1_120' title='bbox 657 1022 807 1075; x_wconf 82' lang='grc' dir='ltr'><em>χρείαν</em></span> <span class='ocrx_word' id='word_1_121' title='bbox 847 1020 933 1062; x_wconf 79' lang='grc' dir='ltr'><em>εἰσί</em></span> <span class='ocrx_word' id='word_1_122' title='bbox 966 1020 1122 1062; x_wconf 78' lang='grc' dir='ltr'><em>σπάνια</em></span> <span class='ocrx_word' id='word_1_123' title='bbox 1140 1052 1151 1070; x_wconf 92' lang='grc'><em>,</em></span> <span class='ocrx_word' id='word_1_124' title='bbox 1196 1016 1284 1063; x_wconf 82' lang='grc' dir='ltr'><em>οἷον</em></span> <span class='ocrx_word' id='word_1_125' title='bbox 1310 1025 1423 1068; x_wconf 79' lang='grc' dir='ltr'><em>σῖτος</em></span> <span class='ocrx_word' id='word_1_126' title='bbox 1449 1015 1778 1075; x_wconf 65' lang='grc' dir='ltr'><em>κριθαὶ-ὄσπρια</em></span> 
     </span>
     <span class='ocr_line' id='line_1_15' title="bbox 332 1081 1779 1142; baseline 0.002 -16"><span class='ocrx_word' id='word_1_127' title='bbox 332 1086 434 1140; x_wconf 78' lang='grc' dir='ltr'><em>κρέη</em></span> <span class='ocrx_word' id='word_1_128' title='bbox 483 1088 556 1127; x_wconf 77' lang='grc' dir='ltr'><em>καί</em></span> <span class='ocrx_word' id='word_1_129' title='bbox 587 1081 689 1128; x_wconf 73' lang='grc' dir='ltr'><em>ἄλλο</em></span> <span class='ocrx_word' id='word_1_130' title='bbox 727 1085 772 1128; x_wconf 86' lang='grc' dir='ltr'><em>εἴ</em></span> <span class='ocrx_word' id='word_1_131' title='bbox 803 1102 846 1127; x_wconf 88' lang='grc' dir='ltr'><strong>τι</strong></span> <span class='ocrx_word' id='word_1_132' title='bbox 884 1083 1118 1142; x_wconf 83' lang='grc' dir='ltr'><em>τρόφιμον·</em></span> <span class='ocrx_word' id='word_1_133' title='bbox 1189 1084 1260 1127; x_wconf 77' lang='grc' dir='ltr'><em>διὰ</em></span> <span class='ocrx_word' id='word_1_134' title='bbox 1293 1084 1339 1127; x_wconf 85' lang='grc' dir='ltr'><strong>τὸ</strong></span> <span class='ocrx_word' id='word_1_135' title='bbox 1368 1086 1581 1141; x_wconf 73' lang='grc' dir='ltr'><em>ἅραιαῗσαι</em></span> <span class='ocrx_word' id='word_1_136' title='bbox 1607 1081 1682 1129; x_wconf 69' lang='grc' dir='ltr'><em>οὖν</em></span> <span class='ocrx_word' id='word_1_137' title='bbox 1706 1083 1779 1137; x_wconf 72' lang='grc' dir='ltr'><strong>τὰς</strong></span> 
     </span>
     <span class='ocr_line' id='line_1_16' title="bbox 333 1150 1842 1208; baseline 0.002 -16"><span class='ocrx_word' id='word_1_138' title='bbox 333 1153 490 1202; x_wconf 84' lang='grc' dir='ltr'><em>οἰκίας,</em></span> <span class='ocrx_word' id='word_1_139' title='bbox 519 1150 888 1207; x_wconf 80' lang='grc' dir='ltr'><em>μετοικησάτωσαν</em></span> <span class='ocrx_word' id='word_1_140' title='bbox 917 1151 956 1194; x_wconf 82' lang='grc' dir='ltr'><em>οἷ</em></span> <span class='ocrx_word' id='word_1_141' title='bbox 982 1152 1237 1207; x_wconf 77' lang='grc' dir='ltr'><em>προύχοντες</em></span> <span class='ocrx_word' id='word_1_142' title='bbox 1254 1154 1372 1193; x_wconf 73' lang='grc' dir='ltr'><em>ἕνεκα</em></span> <span class='ocrx_word' id='word_1_143' title='bbox 1400 1153 1474 1206; x_wconf 81' lang='grc' dir='ltr'><strong>τῆς</strong></span> <span class='ocrx_word' id='word_1_144' title='bbox 1499 1151 1780 1208; x_wconf 62' lang='grc' dir='ltr'><em>στενοχωριῖις</em></span> <span class='ocrx_word' id='word_1_145' title='bbox 1795 1153 1842 1195; x_wconf 76' lang='lat'><strong>15</strong></span> 
     </span>
     <span class='ocr_line' id='line_1_17' title="bbox 205 1216 1779 1272; baseline 0 -13"><span class='ocrx_word' id='word_1_146' title='bbox 205 1228 241 1261; x_wconf 82' lang='grc' dir='ltr'><strong>Ρ.</strong></span> <span class='ocrx_word' id='word_1_147' title='bbox 260 1217 499 1272; x_wconf 82' lang='grc' dir='ltr'><em>ιιιταύτης,</em></span> <span class='ocrx_word' id='word_1_148' title='bbox 533 1216 607 1259; x_wconf 81' lang='grc' dir='ltr'><strong><em>καί</em></strong></span> <span class='ocrx_word' id='word_1_149' title='bbox 645 1219 705 1266; x_wconf 84' lang='grc' dir='ltr'><em>εἰς</em></span> <span class='ocrx_word' id='word_1_150' title='bbox 735 1216 783 1258; x_wconf 80' lang='grc' dir='ltr'><strong>τὸ</strong></span> <span class='ocrx_word' id='word_1_151' title='bbox 816 1219 1036 1270; x_wconf 83' lang='grc' dir='ltr'><em>μετέπειτα</em></span> <span class='ocrx_word' id='word_1_152' title='bbox 1065 1219 1172 1258; x_wconf 77' lang='grc' dir='ltr'><em>θεοῦ</em></span> <span class='ocrx_word' id='word_1_153' title='bbox 1198 1218 1456 1272; x_wconf 76' lang='grc' dir='ltr'><em>α’ρωγοῦντος</em></span> <span class='ocrx_word' id='word_1_154' title='bbox 1485 1217 1779 1260; x_wconf 57' lang='lat' dir='ltr'><strong>§navandum-</strong></span> 
     </span>
     <span class='ocr_line' id='line_1_18' title="bbox 333 1276 1780 1336; baseline 0 -11"><span class='ocrx_word' id='word_1_155' title='bbox 333 1298 414 1325; x_wconf 85' lang='grc' dir='ltr'><em>ται.</em></span> <span class='ocrx_word' id='word_1_156' title='bbox 471 1279 701 1336; x_wconf 77' lang='grc' dir='ltr'><em>μετήγαγον</em></span> <span class='ocrx_word' id='word_1_157' title='bbox 740 1278 817 1324; x_wconf 79' lang='grc' dir='ltr'><em>οὖν</em></span> <span class='ocrx_word' id='word_1_158' title='bbox 849 1282 1065 1331; x_wconf 80' lang='grc' dir='ltr'><em>πλείστους</em></span> <span class='ocrx_word' id='word_1_159' title='bbox 1107 1276 1190 1323; x_wconf 77' lang='grc' dir='ltr'><em>ὦδε</em></span> <span class='ocrx_word' id='word_1_160' title='bbox 1216 1282 1398 1334; x_wconf 79' lang='grc' dir='ltr'><em>κάκεῖσε,</em></span> <span class='ocrx_word' id='word_1_161' title='bbox 1428 1281 1502 1324; x_wconf 77' lang='grc' dir='ltr'><em>καὶ</em></span> <span class='ocrx_word' id='word_1_162' title='bbox 1526 1280 1706 1332; x_wconf 76' lang='grc' dir='ltr'><em>πολλοὺς</em></span> <span class='ocrx_word' id='word_1_163' title='bbox 1734 1284 1780 1325; x_wconf 84' lang='grc' dir='ltr'><strong>ἑν</strong></span> 
     </span>
     <span class='ocr_line' id='line_1_19' title="bbox 332 1345 1778 1405; baseline 0 -15"><span class='ocrx_word' id='word_1_164' title='bbox 332 1350 388 1405; x_wconf 78' lang='grc' dir='ltr'><strong>τῷ</strong></span> <span class='ocrx_word' id='word_1_165' title='bbox 415 1350 538 1405; x_wconf 75' lang='grc' dir='ltr'><em>βυθῷ</em></span> <span class='ocrx_word' id='word_1_166' title='bbox 580 1345 791 1402; x_wconf 78' lang='grc' dir='ltr'><em>ἔρριψαν,</em></span> <span class='ocrx_word' id='word_1_167' title='bbox 832 1345 983 1398; x_wconf 76' lang='grc' dir='ltr'><em>ἄλλους</em></span> <span class='ocrx_word' id='word_1_168' title='bbox 1008 1348 1063 1398; x_wconf 77' lang='grc' dir='ltr'><strong>ὥς</strong></span> <span class='ocrx_word' id='word_1_169' title='bbox 1095 1347 1292 1396; x_wconf 81' lang='grc' dir='ltr'><em>α’πίστους</em></span> <span class='ocrx_word' id='word_1_170' title='bbox 1318 1345 1514 1398; x_wconf 77' lang='grc' dir='ltr'><em>ἐκόλαζον</em></span> <span class='ocrx_word' id='word_1_171' title='bbox 1535 1364 1545 1374; x_wconf 82' lang='grc'><strong>’</strong></span> <span class='ocrx_word' id='word_1_172' title='bbox 1604 1345 1706 1399; x_wconf 75' lang='grc' dir='ltr'><strong>τούς</strong></span> <span class='ocrx_word' id='word_1_173' title='bbox 1731 1349 1778 1390; x_wconf 77' lang='grc' dir='ltr'><strong>δὲ</strong></span> 
     </span>
     <span class='ocr_line' id='line_1_20' title="bbox 336 1410 1775 1468; baseline -0.001 -14"><span class='ocrx_word' id='word_1_174' title='bbox 336 1414 719 1468; x_wconf 66' lang='grc' dir='ltr'><em>ἐναποληφθέντας</em></span> <span class='ocrx_word' id='word_1_175' title='bbox 746 1414 792 1455; x_wconf 77' lang='grc' dir='ltr'><strong>ἐν</strong></span> <span class='ocrx_word' id='word_1_176' title='bbox 818 1411 995 1467; x_wconf 89' lang='grc' dir='ltr'><em>μυρίαις</em></span> <span class='ocrx_word' id='word_1_177' title='bbox 1023 1413 1258 1466; x_wconf 77' lang='grc' dir='ltr'><em>ἀσελγείαις</em></span> <span class='ocrx_word' id='word_1_178' title='bbox 1278 1410 1465 1455; x_wconf 73' lang='grc' dir='ltr'><em>ἐκάκουν.</em></span> <span class='ocrx_word' id='word_1_179' title='bbox 1520 1410 1625 1464; x_wconf 76' lang='grc' dir='ltr'><em>μετὰ</em></span> <span class='ocrx_word' id='word_1_180' title='bbox 1655 1412 1703 1454; x_wconf 78' lang='grc' dir='ltr'><strong>δὲ</strong></span> <span class='ocrx_word' id='word_1_181' title='bbox 1729 1410 1775 1454; x_wconf 74' lang='grc' dir='ltr'><strong>τὰ</strong></span> 
     </span>
     <span class='ocr_line' id='line_1_21' title="bbox 333 1473 1843 1533; baseline 0.001 -15"><span class='ocrx_word' id='word_1_182' title='bbox 333 1478 601 1530; x_wconf 70' lang='grc' dir='ltr'><em>ὑποστρέψαι</em></span> <span class='ocrx_word' id='word_1_183' title='bbox 641 1476 712 1520; x_wconf 81' lang='grc' dir='ltr'><strong>τὸν</strong></span> <span class='ocrx_word' id='word_1_184' title='bbox 739 1477 910 1533; x_wconf 83' lang='grc' dir='ltr'><em>Μωρὰτ</em></span> <span class='ocrx_word' id='word_1_185' title='bbox 936 1480 982 1519; x_wconf 80' lang='grc' dir='ltr'><strong>ἐκ</strong></span> <span class='ocrx_word' id='word_1_186' title='bbox 1030 1480 1103 1532; x_wconf 75' lang='grc' dir='ltr'><strong>τῆς</strong></span> <span class='ocrx_word' id='word_1_187' title='bbox 1127 1477 1274 1526; x_wconf 78' lang='grc' dir='ltr'><em>Ἀσίας</em></span> <span class='ocrx_word' id='word_1_188' title='bbox 1303 1477 1362 1526; x_wconf 81' lang='grc' dir='ltr'><em>εἰς</em></span> <span class='ocrx_word' id='word_1_189' title='bbox 1395 1476 1565 1533; x_wconf 75' lang='grc' dir='ltr'><em>Θρᾴκην</em></span> <span class='ocrx_word' id='word_1_190' title='bbox 1591 1473 1779 1519; x_wconf 75' lang='grc' dir='ltr'><em>ἔστειλαν</em></span> <span class='ocrx_word' id='word_1_191' title='bbox 1791 1494 1843 1529; x_wconf 84' lang='lat' dir='ltr'><strong>2o</strong></span> 
     </span>
     <span class='ocr_line' id='line_1_22' title="bbox 335 1540 1776 1600; baseline 0.001 -16"><span class='ocrx_word' id='word_1_192' title='bbox 335 1543 373 1585; x_wconf 83' lang='grc' dir='ltr'><em>οὶ</em></span> <span class='ocrx_word' id='word_1_193' title='bbox 401 1543 615 1586; x_wconf 58' lang='lat' dir='ltr'><strong>Ravennae*</strong></span> <span class='ocrx_word' id='word_1_194' title='bbox 639 1540 983 1600; x_wconf 82' lang='grc' dir='ltr'><em>οἷποκρισιαρίους</em></span> <span class='ocrx_word' id='word_1_195' title='bbox 1010 1543 1116 1598; x_wconf 84' lang='grc' dir='ltr'><em>πρὸς</em></span> <span class='ocrx_word' id='word_1_196' title='bbox 1144 1542 1275 1585; x_wconf 76' lang='grc' dir='ltr'><em>αὐτὸν</em></span> <span class='ocrx_word' id='word_1_197' title='bbox 1309 1543 1517 1590; x_wconf 83' lang='grc' dir='ltr'><em>αἰτοῦντες</em></span> <span class='ocrx_word' id='word_1_198' title='bbox 1544 1540 1724 1597; x_wconf 78' lang='grc' dir='ltr'><em>εἰρήνην.</em></span> <span class='ocrx_word' id='word_1_199' title='bbox 1750 1540 1776 1585; x_wconf 78' lang='grc' dir='ltr'><em>ὅ</em></span> 
     </span>
     <span class='ocr_line' id='line_1_23' title="bbox 336 1604 1779 1667; baseline -0.001 -17"><span class='ocrx_word' id='word_1_200' title='bbox 336 1611 384 1652; x_wconf 78' lang='grc' dir='ltr'><strong>δὲ</strong></span> <span class='ocrx_word' id='word_1_201' title='bbox 414 1611 491 1650; x_wconf 79' lang='grc' dir='ltr'><em>οιῖκ</em></span> <span class='ocrx_word' id='word_1_202' title='bbox 519 1609 735 1667; x_wconf 85' lang='grc' dir='ltr'><em>α’πὸκρισιν</em></span> <span class='ocrx_word' id='word_1_203' title='bbox 761 1610 973 1665; x_wconf 77' lang='grc' dir='ltr'><em>παρέσχεν</em></span> <span class='ocrx_word' id='word_1_204' title='bbox 1003 1611 1167 1662; x_wconf 81' lang='grc' dir='ltr'><em>αιῖτοῖς,</em></span> <span class='ocrx_word' id='word_1_205' title='bbox 1199 1608 1305 1651; x_wconf 58' lang='lat' dir='ltr'><strong>duci</strong></span> <span class='ocrx_word' id='word_1_206' title='bbox 1336 1606 1458 1662; x_wconf 84' lang='grc' dir='ltr'><em>μόνον</em></span> <span class='ocrx_word' id='word_1_207' title='bbox 1487 1604 1554 1653; x_wconf 77' lang='grc' dir='ltr'><em>ὅτι</em></span> <span class='ocrx_word' id='word_1_208' title='bbox 1580 1607 1634 1663; x_wconf 80' lang='grc' dir='ltr'><strong>,,ἦ</strong></span> <span class='ocrx_word' id='word_1_209' title='bbox 1662 1605 1779 1657; x_wconf 80' lang='grc' dir='ltr'><em>πόλις</em></span> 
     </span>
    </p>
   </div>
   <div class='ocr_carea' id='block_1_3' title="bbox 428 1732 1168 1778">
    <p class='ocr_par' dir='ltr' id='par_1_3' title="bbox 428 1732 1168 1778">
     <span class='ocr_line' id='line_1_24' title="bbox 428 1732 1168 1778; baseline -0.007 -10"><span class='ocrx_word' id='word_1_210' title='bbox 428 1745 459 1768; x_wconf 76' lang='lat'><strong>2.</strong></span> <span class='ocrx_word' id='word_1_211' title='bbox 487 1734 640 1778; x_wconf 74' lang='grc' dir='ltr'><em>Βενετίςι</em></span> <span class='ocrx_word' id='word_1_212' title='bbox 662 1732 793 1767; x_wconf 70' lang='lat' dir='ltr'><strong>Italus:</strong></span> <span class='ocrx_word' id='word_1_213' title='bbox 817 1732 851 1766; x_wconf 91' lang='lat' dir='ltr'><strong>P.</strong></span> <span class='ocrx_word' id='word_1_214' title='bbox 878 1732 975 1766; x_wconf 85' lang='lat' dir='ltr'><strong>euim</strong></span> <span class='ocrx_word' id='word_1_215' title='bbox 996 1733 1168 1776; x_wconf 69' lang='grc' dir='ltr'><em>Βοιωτίᾳ.</em></span> 
     </span>
    </p>
   </div>
   <div class='ocr_carea' id='block_1_4' title="bbox 284 1824 1781 2755">
    <p class='ocr_par' dir='ltr' id='par_1_4' title="bbox 284 1824 1781 2755">
     <span class='ocr_line' id='line_1_25' title="bbox 337 1824 1778 1870; baseline -0.001 -11"><span class='ocrx_word' id='word_1_216' title='bbox 337 1832 374 1859; x_wconf 79' lang='lat' dir='ltr'><strong>et</strong></span> <span class='ocrx_word' id='word_1_217' title='bbox 396 1826 529 1859; x_wconf 80' lang='lat' dir='ltr'><strong>tradito</strong></span> <span class='ocrx_word' id='word_1_218' title='bbox 566 1827 600 1859; x_wconf 89' lang='lat' dir='ltr'><strong>ei</strong></span> <span class='ocrx_word' id='word_1_219' title='bbox 631 1824 730 1858; x_wconf 87' lang='lat' dir='ltr'><strong>urbis</strong></span> <span class='ocrx_word' id='word_1_220' title='bbox 762 1825 933 1868; x_wconf 81' lang='lat' dir='ltr'><strong>regimine</strong></span> <span class='ocrx_word' id='word_1_221' title='bbox 970 1824 1156 1870; x_wconf 86' lang='lat' dir='ltr'><strong>despotam</strong></span> <span class='ocrx_word' id='word_1_222' title='bbox 1179 1825 1423 1859; x_wconf 84' lang='lat' dir='ltr'><strong>Andronicum</strong></span> <span class='ocrx_word' id='word_1_223' title='bbox 1462 1830 1662 1870; x_wconf 82' lang='lat' dir='ltr'><strong>exportant.</strong></span> <span class='ocrx_word' id='word_1_224' title='bbox 1685 1837 1778 1859; x_wconf 83' lang='lat' dir='ltr'><strong>novo</strong></span> 
     </span>
     <span class='ocr_line' id='line_1_26' title="bbox 337 1872 1779 1917; baseline 0.001 -13"><span class='ocrx_word' id='word_1_225' title='bbox 337 1873 469 1905; x_wconf 85' lang='lat' dir='ltr'><strong>deinde</strong></span> <span class='ocrx_word' id='word_1_226' title='bbox 493 1872 577 1904; x_wconf 87' lang='lat' dir='ltr'><strong>duci</strong></span> <span class='ocrx_word' id='word_1_227' title='bbox 601 1872 719 1904; x_wconf 81' lang='lat' dir='ltr'><strong>fausta</strong></span> <span class='ocrx_word' id='word_1_228' title='bbox 742 1872 893 1904; x_wconf 86' lang='lat' dir='ltr'><strong>ominati</strong></span> <span class='ocrx_word' id='word_1_229' title='bbox 917 1873 956 1905; x_wconf 90' lang='lat' dir='ltr'><strong>in</strong></span> <span class='ocrx_word' id='word_1_230' title='bbox 970 1872 1157 1905; x_wconf 74' lang='lat' dir='ltr'><strong>Boeotiam</strong></span> <span class='ocrx_word' id='word_1_231' title='bbox 1176 1872 1382 1904; x_wconf 78' lang='lat' dir='ltr'><strong>triremibus</strong></span> <span class='ocrx_word' id='word_1_232' title='bbox 1407 1873 1669 1917; x_wconf 68' lang='lat' dir='ltr'><strong>renavigat-unt.</strong></span> <span class='ocrx_word' id='word_1_233' title='bbox 1693 1872 1779 1905; x_wconf 87' lang='lat' dir='ltr'><strong>binc</strong></span> 
     </span>
     <span class='ocr_line' id='line_1_27' title="bbox 335 1918 1779 1972; baseline 0.001 -21"><span class='ocrx_word' id='word_1_234' title='bbox 335 1918 515 1951; x_wconf 85' lang='lat' dir='ltr'><strong>bellorum</strong></span> <span class='ocrx_word' id='word_1_235' title='bbox 541 1929 815 1972; x_wconf 81' lang='lat' dir='ltr'><strong>pugnarumque</strong></span> <span class='ocrx_word' id='word_1_236' title='bbox 851 1919 959 1962; x_wconf 83' lang='lat' dir='ltr'><strong>origo.</strong></span> <span class='ocrx_word' id='word_1_237' title='bbox 985 1918 1157 1952; x_wconf 86' lang='lat' dir='ltr'><strong>dicebant</strong></span> <span class='ocrx_word' id='word_1_238' title='bbox 1190 1919 1285 1951; x_wconf 90' lang='lat' dir='ltr'><strong>enim</strong></span> <span class='ocrx_word' id='word_1_239' title='bbox 1313 1919 1440 1951; x_wconf 87' lang='lat' dir='ltr'><strong>Turci:</strong></span> <span class='ocrx_word' id='word_1_240' title='bbox 1464 1919 1572 1957; x_wconf 83' lang='lat' dir='ltr'><strong>„urbs</strong></span> <span class='ocrx_word' id='word_1_241' title='bbox 1598 1919 1687 1952; x_wconf 87' lang='lat' dir='ltr'><strong>haec</strong></span> <span class='ocrx_word' id='word_1_242' title='bbox 1711 1931 1779 1952; x_wconf 88' lang='lat' dir='ltr'><strong>no-</strong></span> 
     </span>
     <span class='ocr_line' id='line_1_28' title="bbox 336 1959 1779 2010; baseline 0 -12"><span class='ocrx_word' id='word_1_243' title='bbox 336 1971 408 1998; x_wconf 82' lang='lat' dir='ltr'><strong>stra</strong></span> <span class='ocrx_word' id='word_1_244' title='bbox 440 1970 504 1998; x_wconf 85' lang='lat' dir='ltr'><strong>est.</strong></span> <span class='ocrx_word' id='word_1_245' title='bbox 542 1976 625 1998; x_wconf 83' lang='lat' dir='ltr'><strong>nam</strong></span> <span class='ocrx_word' id='word_1_246' title='bbox 659 1965 729 1997; x_wconf 87' lang='lat' dir='ltr'><strong>nisi</strong></span> <span class='ocrx_word' id='word_1_247' title='bbox 765 1976 830 1998; x_wconf 89' lang='lat' dir='ltr'><strong>nos</strong></span> <span class='ocrx_word' id='word_1_248' title='bbox 866 1965 943 1998; x_wconf 89' lang='lat' dir='ltr'><strong>eius</strong></span> <span class='ocrx_word' id='word_1_249' title='bbox 977 1965 1070 1998; x_wconf 87' lang='lat' dir='ltr'><strong>vires</strong></span> <span class='ocrx_word' id='word_1_250' title='bbox 1106 1961 1353 2009; x_wconf 84' lang='lat' dir='ltr'><strong>fregissemus,</strong></span> <span class='ocrx_word' id='word_1_251' title='bbox 1387 1977 1571 2010; x_wconf 84' lang='lat' dir='ltr'><strong>nunquam</strong></span> <span class='ocrx_word' id='word_1_252' title='bbox 1608 1977 1649 1998; x_wconf 87' lang='lat' dir='ltr'><strong>se</strong></span> <span class='ocrx_word' id='word_1_253' title='bbox 1675 1959 1779 1998; x_wconf 85' lang='lat' dir='ltr'><strong>vobis</strong></span> 
     </span>
     <span class='ocr_line' id='line_1_29' title="bbox 336 2011 1781 2057; baseline 0.001 -13"><span class='ocrx_word' id='word_1_254' title='bbox 336 2012 591 2056; x_wconf 51' lang='lat' dir='ltr'><strong>permisissetn‘</strong></span> <span class='ocrx_word' id='word_1_255' title='bbox 614 2011 682 2044; x_wconf 84' lang='lat' dir='ltr'><strong>hae</strong></span> <span class='ocrx_word' id='word_1_256' title='bbox 720 2011 815 2043; x_wconf 89' lang='lat' dir='ltr'><strong>enim</strong></span> <span class='ocrx_word' id='word_1_257' title='bbox 849 2017 970 2045; x_wconf 90' lang='lat' dir='ltr'><strong>mente</strong></span> <span class='ocrx_word' id='word_1_258' title='bbox 990 2012 1098 2045; x_wconf 90' lang='lat' dir='ltr'><strong>Turci</strong></span> <span class='ocrx_word' id='word_1_259' title='bbox 1135 2012 1272 2045; x_wconf 86' lang='lat' dir='ltr'><strong>bellum</strong></span> <span class='ocrx_word' id='word_1_260' title='bbox 1298 2012 1426 2044; x_wconf 83' lang='lat' dir='ltr'><strong>acriter</strong></span> <span class='ocrx_word' id='word_1_261' title='bbox 1450 2018 1649 2055; x_wconf 80' lang='lat' dir='ltr'><strong>gesserant,</strong></span> <span class='ocrx_word' id='word_1_262' title='bbox 1674 2023 1781 2057; x_wconf 79' lang='lat' dir='ltr'><strong>supe-</strong></span> 
     </span>
     <span class='ocr_line' id='line_1_30' title="bbox 338 2058 1779 2103; baseline 0 -13"><span class='ocrx_word' id='word_1_263' title='bbox 338 2059 523 2103; x_wconf 89' lang='lat' dir='ltr'><strong>rioresque</strong></span> <span class='ocrx_word' id='word_1_264' title='bbox 557 2059 769 2098; x_wconf 80' lang='lat' dir='ltr'><strong>extiterant,</strong></span> <span class='ocrx_word' id='word_1_265' title='bbox 806 2058 899 2091; x_wconf 83' lang='lat' dir='ltr'><strong>fame</strong></span> <span class='ocrx_word' id='word_1_266' title='bbox 934 2059 1072 2091; x_wconf 85' lang='lat' dir='ltr'><strong>afflictis</strong></span> <span class='ocrx_word' id='word_1_267' title='bbox 1109 2058 1502 2091; x_wconf 81' lang='lat' dir='ltr'><strong>Thessalonicensibus.</strong></span> <span class='ocrx_word' id='word_1_268' title='bbox 1554 2059 1672 2092; x_wconf 85' lang='lat' dir='ltr'><strong>Latini</strong></span> <span class='ocrx_word' id='word_1_269' title='bbox 1695 2069 1779 2091; x_wconf 87' lang='lat' dir='ltr'><strong>vero</strong></span> 
     </span>
     <span class='ocr_line' id='line_1_31' title="bbox 336 2105 1779 2149; baseline 0 -12"><span class='ocrx_word' id='word_1_270' title='bbox 336 2105 443 2137; x_wconf 81' lang='lat' dir='ltr'><strong>veriti</strong></span> <span class='ocrx_word' id='word_1_271' title='bbox 459 2130 468 2145; x_wconf 88' lang='lat'><strong>,</strong></span> <span class='ocrx_word' id='word_1_272' title='bbox 494 2116 539 2136; x_wconf 91' lang='lat' dir='ltr'><strong>ne</strong></span> <span class='ocrx_word' id='word_1_273' title='bbox 566 2105 659 2137; x_wconf 89' lang='lat' dir='ltr'><strong>forte</strong></span> <span class='ocrx_word' id='word_1_274' title='bbox 682 2105 828 2138; x_wconf 83' lang='lat' dir='ltr'><strong>Romaei</strong></span> <span class='ocrx_word' id='word_1_275' title='bbox 855 2105 901 2138; x_wconf 86' lang='lat' dir='ltr'><strong>ad</strong></span> <span class='ocrx_word' id='word_1_276' title='bbox 926 2106 1106 2149; x_wconf 81' lang='lat' dir='ltr'><strong>angustias</strong></span> <span class='ocrx_word' id='word_1_277' title='bbox 1134 2105 1269 2138; x_wconf 85' lang='lat' dir='ltr'><strong>redacti</strong></span> <span class='ocrx_word' id='word_1_278' title='bbox 1291 2105 1521 2146; x_wconf 84' lang='lat' dir='ltr'><strong>rebellarent,</strong></span> <span class='ocrx_word' id='word_1_279' title='bbox 1546 2105 1779 2149; x_wconf 76' lang='lat' dir='ltr'><strong>Turcosque,</strong></span> 
     </span>
     <span class='ocr_line' id='line_1_32' title="bbox 339 2150 1780 2196; baseline 0.001 -14"><span class='ocrx_word' id='word_1_280' title='bbox 339 2151 378 2182; x_wconf 83' lang='lat' dir='ltr'><strong>in</strong></span> <span class='ocrx_word' id='word_1_281' title='bbox 402 2161 554 2195; x_wconf 87' lang='lat' dir='ltr'><strong>quorum</strong></span> <span class='ocrx_word' id='word_1_282' title='bbox 581 2151 721 2184; x_wconf 76' lang='lat' dir='ltr'><strong>ditione</strong></span> <span class='ocrx_word' id='word_1_283' title='bbox 746 2157 852 2184; x_wconf 79' lang='lat' dir='ltr'><strong>antea</strong></span> <span class='ocrx_word' id='word_1_284' title='bbox 879 2152 1043 2192; x_wconf 89' lang='lat' dir='ltr'><strong>fuerant,</strong></span> <span class='ocrx_word' id='word_1_285' title='bbox 1080 2152 1237 2196; x_wconf 87' lang='lat' dir='ltr'><strong>expulsis</strong></span> <span class='ocrx_word' id='word_1_286' title='bbox 1267 2152 1410 2185; x_wconf 84' lang='lat' dir='ltr'><strong>Venetis</strong></span> <span class='ocrx_word' id='word_1_287' title='bbox 1435 2152 1474 2184; x_wconf 89' lang='lat' dir='ltr'><strong>in</strong></span> <span class='ocrx_word' id='word_1_288' title='bbox 1497 2151 1623 2184; x_wconf 88' lang='lat' dir='ltr'><strong>urbem</strong></span> <span class='ocrx_word' id='word_1_289' title='bbox 1649 2150 1780 2184; x_wconf 81' lang='lat' dir='ltr'><strong>admit-</strong></span> 
     </span>
     <span class='ocr_line' id='line_1_33' title="bbox 339 2197 1779 2242; baseline 0.001 -13"><span class='ocrx_word' id='word_1_290' title='bbox 339 2203 475 2236; x_wconf 83' lang='lat' dir='ltr'><strong>terent,</strong></span> <span class='ocrx_word' id='word_1_291' title='bbox 514 2197 693 2231; x_wconf 88' lang='lat' dir='ltr'><strong>nobilium</strong></span> <span class='ocrx_word' id='word_1_292' title='bbox 718 2199 950 2231; x_wconf 80' lang='lat' dir='ltr'><strong>Ronmeorum</strong></span> <span class='ocrx_word' id='word_1_293' title='bbox 986 2199 1139 2231; x_wconf 84' lang='lat' dir='ltr'><strong>familias</strong></span> <span class='ocrx_word' id='word_1_294' title='bbox 1183 2199 1254 2231; x_wconf 89' lang='lat' dir='ltr'><strong>alio</strong></span> <span class='ocrx_word' id='word_1_295' title='bbox 1293 2198 1534 2231; x_wconf 82' lang='lat' dir='ltr'><strong>transmittere</strong></span> <span class='ocrx_word' id='word_1_296' title='bbox 1567 2203 1779 2242; x_wconf 88' lang='lat' dir='ltr'><strong>coeperunt,</strong></span> 
     </span>
     <span class='ocr_line' id='line_1_34' title="bbox 338 2243 1779 2287; baseline 0.001 -13"><span class='ocrx_word' id='word_1_297' title='bbox 338 2243 395 2275; x_wconf 86' lang='lat' dir='ltr'><strong>his</strong></span> <span class='ocrx_word' id='word_1_298' title='bbox 420 2243 567 2287; x_wconf 88' lang='lat' dir='ltr'><strong>quidem</strong></span> <span class='ocrx_word' id='word_1_299' title='bbox 604 2245 643 2277; x_wconf 90' lang='lat' dir='ltr'><strong>in</strong></span> <span class='ocrx_word' id='word_1_300' title='bbox 676 2245 877 2285; x_wconf 84' lang='lat' dir='ltr'><strong>Euboeam,</strong></span> <span class='ocrx_word' id='word_1_301' title='bbox 914 2246 987 2278; x_wconf 83' lang='lat' dir='ltr'><strong>illis</strong></span> <span class='ocrx_word' id='word_1_302' title='bbox 1022 2246 1060 2277; x_wconf 90' lang='lat' dir='ltr'><strong>in</strong></span> <span class='ocrx_word' id='word_1_303' title='bbox 1085 2245 1246 2284; x_wconf 80' lang='lat' dir='ltr'><strong>Cretam,</strong></span> <span class='ocrx_word' id='word_1_304' title='bbox 1285 2245 1365 2277; x_wconf 86' lang='lat' dir='ltr'><strong>aliis</strong></span> <span class='ocrx_word' id='word_1_305' title='bbox 1388 2244 1560 2277; x_wconf 85' lang='lat' dir='ltr'><strong>Venetias</strong></span> <span class='ocrx_word' id='word_1_306' title='bbox 1583 2245 1779 2277; x_wconf 83' lang='lat' dir='ltr'><strong>translatis.</strong></span> 
     </span>
     <span class='ocr_line' id='line_1_35' title="bbox 338 2290 1779 2336; baseline 0.001 -16"><span class='ocrx_word' id='word_1_307' title='bbox 338 2295 530 2322; x_wconf 83' lang='lat' dir='ltr'><strong>causantur</strong></span> <span class='ocrx_word' id='word_1_308' title='bbox 556 2296 697 2332; x_wconf 86' lang='lat' dir='ltr'><strong>autem,</strong></span> <span class='ocrx_word' id='word_1_309' title='bbox 731 2297 771 2324; x_wconf 90' lang='lat' dir='ltr'><strong>ut</strong></span> <span class='ocrx_word' id='word_1_310' title='bbox 804 2292 878 2323; x_wconf 87' lang='lat' dir='ltr'><strong>fere</strong></span> <span class='ocrx_word' id='word_1_311' title='bbox 919 2293 982 2332; x_wconf 79' lang='lat' dir='ltr'><strong>fit,</strong></span> <span class='ocrx_word' id='word_1_312' title='bbox 1009 2292 1194 2336; x_wconf 81' lang='lat' dir='ltr'><strong>penuriam</strong></span> <span class='ocrx_word' id='word_1_313' title='bbox 1227 2298 1343 2323; x_wconf 86' lang='lat' dir='ltr'><strong>rerum</strong></span> <span class='ocrx_word' id='word_1_314' title='bbox 1370 2291 1650 2323; x_wconf 81' lang='lat' dir='ltr'><strong>necessariarum</strong></span> <span class='ocrx_word' id='word_1_315' title='bbox 1671 2317 1679 2331; x_wconf 88' lang='lat'><strong>,</strong></span> <span class='ocrx_word' id='word_1_316' title='bbox 1704 2290 1779 2323; x_wconf 71' lang='lat' dir='ltr'><strong>iru-</strong></span> 
     </span>
     <span class='ocr_line' id='line_1_36' title="bbox 337 2335 1779 2381; baseline 0.002 -14"><span class='ocrx_word' id='word_1_317' title='bbox 337 2336 475 2376; x_wconf 85' lang='lat' dir='ltr'><strong>menti,</strong></span> <span class='ocrx_word' id='word_1_318' title='bbox 511 2335 657 2378; x_wconf 86' lang='lat' dir='ltr'><strong>hordei,</strong></span> <span class='ocrx_word' id='word_1_319' title='bbox 692 2338 933 2381; x_wconf 84' lang='lat' dir='ltr'><strong>leguminum,</strong></span> <span class='ocrx_word' id='word_1_320' title='bbox 981 2338 1140 2371; x_wconf 88' lang='lat' dir='ltr'><strong>carnium</strong></span> <span class='ocrx_word' id='word_1_321' title='bbox 1183 2343 1381 2370; x_wconf 86' lang='lat' dir='ltr'><strong>ceterorum</strong></span> <span class='ocrx_word' id='word_1_322' title='bbox 1426 2337 1696 2370; x_wconf 80' lang='lat' dir='ltr'><strong>alimentorum:</strong></span> <span class='ocrx_word' id='word_1_323' title='bbox 1738 2343 1779 2370; x_wconf 86' lang='lat' dir='ltr'><strong>ut</strong></span> 
     </span>
     <span class='ocr_line' id='line_1_37' title="bbox 284 2382 1777 2438; baseline 0.001 -23"><span class='ocrx_word' id='word_1_324' title='bbox 284 2414 287 2415; x_wconf 13' lang='grc' dir='ltr'><em>γ</em></span> <span class='ocrx_word' id='word_1_325' title='bbox 337 2382 457 2435; x_wconf 44' lang='lat' dir='ltr'><strong>igitur·</strong></span> <span class='ocrx_word' id='word_1_326' title='bbox 470 2384 657 2426; x_wconf 85' lang='lat' dir='ltr'><strong>pauciores</strong></span> <span class='ocrx_word' id='word_1_327' title='bbox 695 2385 920 2438; x_wconf 68' lang='lat' dir='ltr'><strong>rarior-esque</strong></span> <span class='ocrx_word' id='word_1_328' title='bbox 955 2385 1112 2417; x_wconf 84' lang='lat' dir='ltr'><strong>familiae</strong></span> <span class='ocrx_word' id='word_1_329' title='bbox 1138 2385 1175 2416; x_wconf 86' lang='lat' dir='ltr'><strong>in</strong></span> <span class='ocrx_word' id='word_1_330' title='bbox 1199 2384 1288 2416; x_wconf 89' lang='lat' dir='ltr'><strong>urbe</strong></span> <span class='ocrx_word' id='word_1_331' title='bbox 1315 2389 1560 2425; x_wconf 83' lang='lat' dir='ltr'><strong>remanerent,</strong></span> <span class='ocrx_word' id='word_1_332' title='bbox 1586 2386 1675 2428; x_wconf 89' lang='lat' dir='ltr'><strong>opus</strong></span> <span class='ocrx_word' id='word_1_333' title='bbox 1701 2395 1777 2416; x_wconf 83' lang='lat' dir='ltr'><strong>esse</strong></span> 
     </span>
     <span class='ocr_line' id='line_1_38' title="bbox 336 2428 1778 2477; baseline 0.002 -18"><span class='ocrx_word' id='word_1_334' title='bbox 336 2434 379 2460; x_wconf 88' lang='lat' dir='ltr'><strong>ut</strong></span> <span class='ocrx_word' id='word_1_335' title='bbox 404 2428 576 2472; x_wconf 87' lang='lat' dir='ltr'><strong>primores</strong></span> <span class='ocrx_word' id='word_1_336' title='bbox 611 2431 683 2462; x_wconf 84' lang='lat' dir='ltr'><strong>alio</strong></span> <span class='ocrx_word' id='word_1_337' title='bbox 725 2431 941 2474; x_wconf 85' lang='lat' dir='ltr'><strong>migrarent,</strong></span> <span class='ocrx_word' id='word_1_338' title='bbox 967 2431 1005 2464; x_wconf 89' lang='lat' dir='ltr'><strong>in</strong></span> <span class='ocrx_word' id='word_1_339' title='bbox 1039 2431 1190 2477; x_wconf 83' lang='lat' dir='ltr'><strong>patriam</strong></span> <span class='ocrx_word' id='word_1_340' title='bbox 1217 2430 1285 2463; x_wconf 87' lang='lat' dir='ltr'><strong>deo</strong></span> <span class='ocrx_word' id='word_1_341' title='bbox 1312 2430 1505 2463; x_wconf 76' lang='lat' dir='ltr'><strong>adiuvante</strong></span> <span class='ocrx_word' id='word_1_342' title='bbox 1529 2436 1655 2475; x_wconf 89' lang='lat' dir='ltr'><strong>postea</strong></span> <span class='ocrx_word' id='word_1_343' title='bbox 1682 2429 1778 2462; x_wconf 88' lang='lat' dir='ltr'><strong>redi-</strong></span> 
     </span>
     <span class='ocr_line' id='line_1_39' title="bbox 336 2475 1776 2520; baseline 0.001 -14"><span class='ocrx_word' id='word_1_344' title='bbox 336 2475 409 2507; x_wconf 75' lang='lat' dir='ltr'><strong>turi</strong></span> <span class='ocrx_word' id='word_1_345' title='bbox 435 2499 443 2506; x_wconf 91' lang='lat'>.</span> <span class='ocrx_word' id='word_1_346' title='bbox 480 2476 644 2518; x_wconf 87' lang='lat' dir='ltr'><strong>plurimis</strong></span> <span class='ocrx_word' id='word_1_347' title='bbox 680 2477 790 2520; x_wconf 83' lang='lat' dir='ltr'><strong>igitur</strong></span> <span class='ocrx_word' id='word_1_348' title='bbox 822 2477 892 2510; x_wconf 88' lang='lat' dir='ltr'><strong>huc</strong></span> <span class='ocrx_word' id='word_1_349' title='bbox 926 2483 963 2510; x_wconf 89' lang='lat' dir='ltr'><strong>et</strong></span> <span class='ocrx_word' id='word_1_350' title='bbox 996 2479 1084 2511; x_wconf 88' lang='lat' dir='ltr'><strong>illuc</strong></span> <span class='ocrx_word' id='word_1_351' title='bbox 1115 2477 1309 2517; x_wconf 81' lang='lat' dir='ltr'><strong>traductis,</strong></span> <span class='ocrx_word' id='word_1_352' title='bbox 1347 2477 1471 2509; x_wconf 84' lang='lat' dir='ltr'><strong>multis</strong></span> <span class='ocrx_word' id='word_1_353' title='bbox 1514 2477 1553 2509; x_wconf 90' lang='lat' dir='ltr'><strong>in</strong></span> <span class='ocrx_word' id='word_1_354' title='bbox 1591 2477 1665 2519; x_wconf 86' lang='lat' dir='ltr'><strong>alto</strong></span> <span class='ocrx_word' id='word_1_355' title='bbox 1688 2476 1776 2509; x_wconf 81' lang='lat' dir='ltr'><strong>mari</strong></span> 
     </span>
     <span class='ocr_line' id='line_1_40' title="bbox 338 2519 1777 2568; baseline 0.002 -16"><span class='ocrx_word' id='word_1_356' title='bbox 338 2519 532 2562; x_wconf 85' lang='lat' dir='ltr'><strong>demersis,</strong></span> <span class='ocrx_word' id='word_1_357' title='bbox 573 2523 654 2555; x_wconf 84' lang='lat' dir='ltr'><strong>aliis</strong></span> <span class='ocrx_word' id='word_1_358' title='bbox 694 2523 872 2568; x_wconf 82' lang='lat' dir='ltr'><strong>supplicio</strong></span> <span class='ocrx_word' id='word_1_359' title='bbox 907 2525 1062 2565; x_wconf 82' lang='lat' dir='ltr'><strong>affectis,</strong></span> <span class='ocrx_word' id='word_1_360' title='bbox 1095 2530 1266 2568; x_wconf 83' lang='lat' dir='ltr'><strong>tanquam</strong></span> <span class='ocrx_word' id='word_1_361' title='bbox 1306 2522 1523 2567; x_wconf 85' lang='lat' dir='ltr'><strong>proditionis</strong></span> <span class='ocrx_word' id='word_1_362' title='bbox 1557 2524 1608 2556; x_wconf 85' lang='lat' dir='ltr'><strong>rei</strong></span> <span class='ocrx_word' id='word_1_363' title='bbox 1641 2523 1777 2568; x_wconf 85' lang='lat' dir='ltr'><strong>peracti</strong></span> 
     </span>
     <span class='ocr_line' id='line_1_41' title="bbox 337 2567 1777 2614; baseline 0.001 -15"><span class='ocrx_word' id='word_1_364' title='bbox 337 2567 513 2608; x_wconf 78' lang='lat' dir='ltr'><strong>fuissent,</strong></span> <span class='ocrx_word' id='word_1_365' title='bbox 546 2574 682 2601; x_wconf 85' lang='lat' dir='ltr'><strong>ceteros</strong></span> <span class='ocrx_word' id='word_1_366' title='bbox 730 2570 767 2602; x_wconf 89' lang='lat' dir='ltr'><strong>in</strong></span> <span class='ocrx_word' id='word_1_367' title='bbox 793 2571 883 2603; x_wconf 87' lang='lat' dir='ltr'><strong>urhe</strong></span> <span class='ocrx_word' id='word_1_368' title='bbox 914 2571 1076 2604; x_wconf 87' lang='lat' dir='ltr'><strong>residuos</strong></span> <span class='ocrx_word' id='word_1_369' title='bbox 1103 2570 1246 2614; x_wconf 78' lang='lat' dir='ltr'><strong>flagitiis</strong></span> <span class='ocrx_word' id='word_1_370' title='bbox 1283 2576 1319 2602; x_wconf 90' lang='lat' dir='ltr'><strong>et</strong></span> <span class='ocrx_word' id='word_1_371' title='bbox 1344 2570 1572 2602; x_wconf 84' lang='lat' dir='ltr'><strong>contumeliis</strong></span> <span class='ocrx_word' id='word_1_372' title='bbox 1595 2580 1777 2603; x_wconf 80' lang='lat' dir='ltr'><strong>vexavere.</strong></span> 
     </span>
     <span class='ocr_line' id='line_1_42' title="bbox 337 2613 1779 2660; baseline 0.002 -15"><span class='ocrx_word' id='word_1_373' title='bbox 337 2613 383 2645; x_wconf 79' lang='lat' dir='ltr'><strong>ad</strong></span> <span class='ocrx_word' id='word_1_374' title='bbox 397 2614 571 2647; x_wconf 70' lang='lat' dir='ltr'><strong>Mon-atem</strong></span> <span class='ocrx_word' id='word_1_375' title='bbox 595 2626 638 2647; x_wconf 84' lang='lat' dir='ltr'><strong>ex</strong></span> <span class='ocrx_word' id='word_1_376' title='bbox 651 2615 734 2647; x_wconf 83' lang='lat' dir='ltr'><strong>Asia</strong></span> <span class='ocrx_word' id='word_1_377' title='bbox 758 2617 795 2648; x_wconf 91' lang='lat' dir='ltr'><strong>in</strong></span> <span class='ocrx_word' id='word_1_378' title='bbox 812 2617 1002 2650; x_wconf 85' lang='lat' dir='ltr'><strong>Thraciam</strong></span> <span class='ocrx_word' id='word_1_379' title='bbox 1028 2617 1193 2650; x_wconf 85' lang='lat' dir='ltr'><strong>reducem</strong></span> <span class='ocrx_word' id='word_1_380' title='bbox 1215 2621 1373 2649; x_wconf 85' lang='lat' dir='ltr'><strong>oratores</strong></span> <span class='ocrx_word' id='word_1_381' title='bbox 1389 2616 1520 2649; x_wconf 89' lang='lat' dir='ltr'><strong>Veneti</strong></span> <span class='ocrx_word' id='word_1_382' title='bbox 1543 2616 1693 2649; x_wconf 86' lang='lat' dir='ltr'><strong>mittunt</strong></span> <span class='ocrx_word' id='word_1_383' title='bbox 1714 2627 1779 2660; x_wconf 79' lang='lat' dir='ltr'><strong>pa-</strong></span> 
     </span>
     <span class='ocr_line' id='line_1_43' title="bbox 336 2662 1777 2708; baseline 0.002 -17"><span class='ocrx_word' id='word_1_384' title='bbox 336 2671 411 2691; x_wconf 80' lang='lat' dir='ltr'><strong>cem</strong></span> <span class='ocrx_word' id='word_1_385' title='bbox 435 2666 611 2704; x_wconf 79' lang='lat' dir='ltr'><strong>petentes.</strong></span> <span class='ocrx_word' id='word_1_386' title='bbox 637 2662 737 2694; x_wconf 81' lang='lat' dir='ltr'><strong>aliud</strong></span> <span class='ocrx_word' id='word_1_387' title='bbox 762 2669 905 2704; x_wconf 81' lang='lat' dir='ltr'><strong>autem,</strong></span> <span class='ocrx_word' id='word_1_388' title='bbox 957 2669 1073 2696; x_wconf 80' lang='lat' dir='ltr'><strong>raeter</strong></span> <span class='ocrx_word' id='word_1_389' title='bbox 1099 2663 1218 2704; x_wconf 78' lang='lat' dir='ltr'><strong>istud,</strong></span> <span class='ocrx_word' id='word_1_390' title='bbox 1249 2674 1458 2708; x_wconf 82' lang='lat' dir='ltr'><strong>responsum</strong></span> <span class='ocrx_word' id='word_1_391' title='bbox 1482 2662 1527 2695; x_wconf 84' lang='lat' dir='ltr'><strong>ab</strong></span> <span class='ocrx_word' id='word_1_392' title='bbox 1553 2673 1596 2696; x_wconf 85' lang='lat' dir='ltr'><strong>eo</strong></span> <span class='ocrx_word' id='word_1_393' title='bbox 1621 2674 1694 2695; x_wconf 86' lang='lat' dir='ltr'><strong>non</strong></span> <span class='ocrx_word' id='word_1_394' title='bbox 1720 2668 1777 2695; x_wconf 80' lang='lat' dir='ltr'><strong>tu-</strong></span> 
     </span>
     <span class='ocr_line' id='line_1_44' title="bbox 336 2706 1776 2755; baseline 0.003 -17"><span class='ocrx_word' id='word_1_395' title='bbox 336 2706 473 2740; x_wconf 79' lang='lat' dir='ltr'><strong>lerunt:</strong></span> <span class='ocrx_word' id='word_1_396' title='bbox 502 2707 609 2744; x_wconf 75' lang='lat' dir='ltr'><strong>„urbs</strong></span> <span class='ocrx_word' id='word_1_397' title='bbox 635 2708 699 2740; x_wconf 88' lang='lat' dir='ltr'><strong>illa</strong></span> <span class='ocrx_word' id='word_1_398' title='bbox 722 2714 895 2753; x_wconf 81' lang='lat' dir='ltr'><strong>paternae</strong></span> <span class='ocrx_word' id='word_1_399' title='bbox 950 2711 1074 2745; x_wconf 81' lang='lat' dir='ltr'><strong>itionis</strong></span> <span class='ocrx_word' id='word_1_400' title='bbox 1099 2721 1199 2744; x_wconf 79' lang='lat' dir='ltr'><strong>meae</strong></span> <span class='ocrx_word' id='word_1_401' title='bbox 1225 2715 1298 2753; x_wconf 79' lang='lat' dir='ltr'><strong>est,</strong></span> <span class='ocrx_word' id='word_1_402' title='bbox 1335 2719 1493 2755; x_wconf 77' lang='lat' dir='ltr'><strong>avusque</strong></span> <span class='ocrx_word' id='word_1_403' title='bbox 1516 2719 1616 2743; x_wconf 77' lang='lat' dir='ltr'><strong>meus</strong></span> <span class='ocrx_word' id='word_1_404' title='bbox 1640 2708 1776 2743; x_wconf 77' lang='lat' dir='ltr'><strong>Baiazi·</strong></span> 
     </span>
    </p>
   </div>
  </div>
 </body>
</html>
