1890 3204
564 150 640 194 An
682 149 800 195 mr.
839 149 1226 194 xxxia-:norm
1503 135 1637 198 601

164 254 376 305 dinetus,
404 253 510 295 feria
540 267 564 295 2
593 254 668 308 τῆς
692 251 966 310 τυροφάγουτ
1000 254 1076 295 fuit
1104 255 1213 295 enim
1231 252 1316 293 hoc
1338 261 1447 294 anno
1462 254 1630 296 Pascha·

166 307 309 352 Martii
337 309 403 350 die
431 323 482 366 27
500 339 513 362 ,
543 310 660 374 e-yclo
688 311 831 351 Lunae
864 310 939 360 16,
966 309 1071 351 Solis
1099 324 1148 350 21
1166 341 1180 361 ,
1211 309 1361 351 litteris
1389 311 1421 350 C
1448 311 1512 363 133
1543 326 1621 352 un-

163 365 218 407 de'
246 364 464 406 Dominica
501 370 576 406 τόν
605 359 776 406 ἀσώτου
816 379 891 407 seu
917 365 1244 420 septuagesimae
1289 366 1499 406 concurrit
1525 381 1622 409 cum

162 421 347 472 Ianuarii
374 420 441 461 die
469 420 550 471 24,
579 427 619 460 et
644 422 863 461 Dominica
890 421 965 475 τῆς
993 419 1188 476 α’ποκρέω
1214 434 1309 461 cum
1340 421 1387 460 31
1424 421 1618 472 Ianuarii,

165 477 226 518 ita
252 483 301 517 ut
325 475 547 517 Februarii
567 475 653 516 dies
681 477 816 530 prima
848 476 970 517 fuerit
997 477 1103 518 feria
1131 476 1310 517 secunda
1337 475 1411 529 τῆς
1429 474 1622 531 τυροφά-

107 558 112 565 -
160 531 240 585 νόν
269 531 545 586 septimanae,
575 545 657 587 qua
678 533 824 573 Graeci
851 533 975 573 caseis
1007 533 1058 573 ad
1088 531 1349 574 Dominicam
1379 541 1621 588 sequentem

159 587 270 630 vesci
324 594 476 628 essunt.

215 651 238 691 Ἀ
314 674 327 686 .
357 641 452 694 215,
485 641 548 686 15.
617 637 640 681 ὅ
680 641 727 683 δὲ
759 640 960 696 βασιλεὺς
997 643 1153 694 πέμπει
1189 641 1386 696 πρέσβεις
1413 639 1520 697 πρὸς
1547 640 1623 684 τὸν

161 692 352 752 Iffivpdt]
371 696 615 738 ·‘Phranzes
652 698 722 738 lib.
754 713 793 739 2.
826 713 914 753 cap.
952 699 998 739 15
1036 705 1157 739 notat
1178 698 1360 738 Amiram
1388 699 1620 750 Moratem,

162 751 217 799 ad
286 767 383 793 uem
406 752 673 795 Andronicus
717 755 856 809 lagi-us
895 768 968 794 seu
997 755 1126 808 lagi-is
1153 755 1298 794 missus
1327 760 1413 806 aet,
1444 754 1622 796 voluisse

161 805 217 848 ab'
242 809 259 848 i
289 808 602 863 aprofectione
641 811 933 864 imperatorem
962 817 1164 850 avertere.
1195 809 1265 849 alii
1295 809 1438 849 dieunt
1466 810 1620 850 lohan-

162 876 258 904 nem
284 865 580 918 imperatorem
617 865 669 905 ad
697 868 902 906 Moratem
945 866 1102 906 misisse
1129 865 1308 906 Paulum
1337 865 1540 915 Amnem,
1558 872 1622 906 ‘ut

161 918 217 960 de
241 919 499 973 profectione
525 935 597 961 sua
634 935 729 961 eum
758 923 981 962 certiorem
1009 921 1176 961 faceret.
1234 921 1438 960 Moratem
1472 921 1624 961 disces-

159 988 255 1015 sum
282 975 546 1029 imperatoris
574 976 615 1015 in
644 976 804 1016 ltaliam
835 976 1080 1027 dissuasisse,
1107 977 1285 1017 veritum
1315 989 1366 1015 ne
1392 976 1506 1030 quod
1533 976 1623 1017 foe-

159 1029 238 1071 dus
260 1044 357 1070 cum
393 1031 548 1072 Latinis
590 1039 737 1072 contra
757 1033 913 1072 Turcos
946 1032 1085 1073 iniret.
1144 1032 1312 1071 Veziros
1337 1030 1462 1071 etiam
1493 1031 1623 1071 Asani

158 1083 305 1126 dixisse
329 1085 504 1126 tradunt
529 1087 686 1128 Sultani
715 1089 939 1128 amicitiam
979 1102 1105 1144 quam
1135 1087 1387 1127 Latinorum
1417 1086 1624 1128 utiliorem

158 1140 398 1197 imperatori
418 1141 521 1182 fore.
1400 1147 1409 1153 '

210 1234 211 1237 ,
270 1196 327 1238 Ρ.
357 1196 455 1248 216,
472 1211 521 1252 ⁴7.
576 1191 600 1236 ὅ
620 1191 876 1252 “Ηρακλειάς
894 1194 1134 1252 Ἀπώνιος]
1192 1197 1269 1237 Hic
1294 1197 1504 1238 Antonius
1533 1197 1619 1238 He-

158 1249 376 1305 raeleensis
413 1259 544 1293 metro
575 1251 674 1293 olita
689 1283 702 1305 ‚
739 1250 959 1308 postquain
999 1252 1164 1307 Cpolim
1194 1253 1342 1292 Graeci
1389 1255 1543 1293 reversi
1568 1253 1622 1294 de

158 1307 346 1361 eligendo
363 1267 603 1362 patriarcba
628 1315 805 1364 egerunt
824 1339 836 1358 ‚
867 1309 933 1349 vel
960 1308 1113 1348 invitus
1133 1308 1326 1349 electioni
1358 1309 1507 1359 adfuit,
1536 1323 1620 1348 non

160 1369 214 1403 ut>
236 1362 474 1418 suffragium
500 1364 627 1404 ferret
653 1364 832 1418 (negavit
865 1365 973 1405 enim
1007 1364 1051 1404 id
1079 1362 1272 1415 laturum)
1307 1365 1376 1404 sed
1405 1371 1451 1404 ut
1478 1378 1622 1404 coram
1633 1374 1676 1410 v.
1697 1384 1759 1423 ¹9²

160 1416 355 1459 universo
380 1418 494 1460 clero
519 1425 746 1474 peccatum,
777 1419 887 1475 quod
905 1420 1128 1460 admiserat
1154 1420 1448 1460 subscribendo
1479 1420 1624 1460 decre-

155 1473 484 1527 toFlorentino,
511 1475 774 1515 confiteretur
803 1490 852 1516 ac
879 1482 1168 1527 execraretur3
1198 1489 1324 1530 seque
1355 1475 1526 1530 dignum
1554 1476 1624 1515 cui

156 1543 327 1580 manus,
357 1543 440 1584 qua
467 1530 789 1585 subscripserat,
819 1530 1200 1585 praescinderetur‚
1228 1531 1476 1585 quibusdam
1505 1531 1623 1571 fami-

154 1585 312 1627 liariter
335 1598 472 1625 secum
501 1586 761 1627 versantibus
790 1600 835 1627 se
866 1587 996 1627 fassus
1027 1593 1099 1629 est.

268 1640 323 1683 Ρ..
355 1640 451 1689 216,
491 1642 552 1683 13.
608 1642 716 1689 τινὲς
755 1641 839 1682 τῶν
881 1640 1119 1694 ἀρχιερέων
1159 1640 1204 1681 ἒν
1245 1640 1306 1697 τῷ
1333 1636 1623 1695 ὑπογράφειν]

156 1695 242 1747 Qui
279 1710 327 1736 ex
367 1695 482 1737 clero
526 1697 739 1751 Cpolitano
786 1697 961 1737 concilio
991 1696 1235 1737 Florentino
1269 1697 1518 1746 adsuerunt,
1547 1710 1622 1735 ne-

155 1756 258 1804 gant
275 1780 288 1802 ‚
325 1752 490 1804 quando
516 1751 682 1792 decreto
711 1753 994 1807 subsignatum
1025 1759 1110 1803 est,
1150 1754 1327 1792 Graecos
1355 1750 1619 1803 σιτηρέσιον,

156 1805 200 1845 id
223 1813 286 1846 est
323 1806 482 1846 cibaria
518 1814 559 1847 et
599 1809 811 1861 pecunias,
844 1808 1024 1862 petiisse,
1055 1815 1127 1847 aut
1153 1808 1322 1847 Latinos
1350 1806 1621 1861 promisisse3

155 1862 271 1915 quod
300 1861 469 1902 Graecis
495 1869 632 1902 tamen
658 1864 699 1902 in
730 1865 906 1917 patriam
939 1863 1113 1903 reversis
1144 1862 1356 1902 obiectum
1385 1868 1464 1911 est,
1497 1861 1623 1914 ipsos-

153 1931 236 1970 que
263 1931 368 1957 auro
407 1917 602 1972 suffragia
644 1933 718 1958 sua
746 1918 990 1958 vendidisse.
1041 1917 1167 1958 iidem
1197 1918 1379 1958 fatentur
1407 1917 1623 1970 pecuniam

155 1973 362 2026 accepisse
387 1972 559 2027 aliquos,
590 1972 728 2027 plures
758 1981 894 2013 tamen
923 1988 1073 2014 eorum
1100 1973 1267 2014 decreto
1297 1987 1378 2012 non
1409 1971 1624 2025 subsigna-

154 2029 274 2068 visse.
314 2027 367 2068 de
402 2028 472 2069 illo
504 2029 750 2069 Florentino
788 2029 964 2069 concilio
993 2027 1209 2071 adeundus
1238 2028 1443 2069 Laonicus
1469 2026 1539 2067 lib.
1567 2027 1618 2077 6,

153 2083 366 2124 Phranzes
392 2084 467 2124 lib.
498 2099 521 2124 2
556 2099 648 2138 cap.
691 2085 737 2124 13
765 2092 805 2124 et
832 2099 946 2140 seqq.
978 2098 1105 2138 usque
1133 2085 1186 2124 ad
1222 2099 1280 2139 17.

268 2140 322 2182 P.
352 2154 446 2194 217,
486 2153 517 2181 1.
552 2141 649 2192 cap.
679 2140 744 2180 52.
815 2140 903 2179 Hoc
946 2142 1078 2194 capite
1106 2140 1242 2180 Ducas
1272 2141 1314 2179 in
1344 2137 1468 2179 rebus
1499 2138 1619 2178 Hun-

156 2194 308 2248 garicis
334 2210 480 2248 parum
508 2195 687 2249 peritum
714 2210 758 2235 se
787 2196 955 2250 prodit,
997 2209 1091 2235 cum
1121 2209 1171 2236 eo
1206 2203 1390 2248 tempore
1413 2194 1621 2248 Hungari-

157 2264 226 2289 am
255 2265 278 2290 a
317 2251 459 2304 regina
503 2251 771 2304 gubernatam
815 2259 855 2291 et
890 2252 1014 2291 laneo
1044 2250 1198 2291 scribit.
1234 2253 1290 2291 sic
1317 2257 1457 2290 autem
1485 2264 1528 2290 se
1559 2264 1623 2290 res

154 2305 290 2346 habet.
368 2306 567 2346 Albertus
605 2308 847 2346 Austriacus
889 2306 1139 2359 sigismundi
1170 2321 1324 2360 gener,
1355 2321 1449 2345 eum
1476 2319 1622 2346 socero

155 2361 349 2402 defuncto
377 2363 630 2402 successisset
658 2363 699 2401 in
738 2362 971 2414 Hungariae
998 2376 1140 2416 regno,
1169 2361 1338 2403 biennio
1365 2362 1448 2401 fere
1475 2375 1622 2416 regna-

154 2416 240 2465 vit,
275 2417 460 2471 obiitque
502 2431 611 2455 anno
660 2417 762 2472 1459
796 2417 991 2457 Octobris
1038 2417 1103 2457 die
1135 2431 1214 2472 27,
1245 2417 1488 2457 Elizabetha
1519 2431 1622 2456 con-

154 2472 250 2526 iuge
282 2479 531 2526 praegnante
561 2472 730 2521 relicta,
762 2487 868 2526 quae
896 2487 1004 2513 anno
1038 2471 1162 2525 1440,
1194 2473 1412 2514 Februarii
1442 2473 1508 2511 die
1536 2486 1618 2522 22,

154 2527 391 2567 Ladislaum
420 2528 688 2581 posthumum
712 2528 882 2581 peperit.
912 2529 1076 2582 nuptias
1103 2543 1268 2583 quoque
1301 2526 1620 2569 LadislaiPolo-

155 2582 197 2622 ni
216 2612 227 2631 ,
258 2583 362 2636 regis
390 2583 590 2622 Poloniae
619 2583 827 2623 Casimiris
857 2585 1021 2630 fratris,
1064 2592 1280 2637 aspernata
1298 2614 1309 2635 ‚
1338 2597 1445 2623 anno
1473 2583 1619 2624 eodem

154 2639 198 2678 in
227 2638 332 2678 festo
365 2639 623 2678 Pentecostcs
651 2639 779 2678 filium
801 2653 918 2678 suum
950 2640 1197 2679 infantulum
1218 2639 1450 2693 Hungariae
1479 2652 1619 2692 regem

154 2694 345 2732 coronari
388 2703 513 2733 curat.
554 2695 730 2733 seditiosi
772 2697 923 2734 interea
961 2695 1121 2749 aliquot
1159 2695 1392 2749 Hungariae
1430 2707 1617 2748 proceres

154 2746 385 2790 Ludis-launi
417 2748 625 2789 Polonum
653 2764 789 2803 regem
820 2750 974 2804 eligunt
1006 2758 1044 2790 et
1073 2751 1112 2790 in
1145 2751 1396 2805 Hungariam
1427 2755 1615 2792 evocant.
