1916 3210
333 167 446 241 498
803 178 986 223 nucu:
1031 175 1286 217 fflsromA

332 285 407 325 che
433 298 558 324 erano
595 281 732 323 rimasi
770 279 934 320 deserti.
1003 276 1074 316 Nel
1111 275 1356 315 monasterio
1387 273 1438 314 de
1465 268 1786 315 Pandocratom*

333 340 580 380 habitavano
609 336 919 383 conciaoorami,
948 332 1016 385 nel
1041 331 1285 370 monasterio
1315 331 1367 369 de
1381 329 1569 384 Mangani
1597 335 1768 369 stavano

332 396 487 434 Turchi
527 393 701 439 Calon-i,
738 390 886 444 perche
927 388 965 427 le
990 385 1090 431 altre
1121 386 1250 425 chiese
1279 391 1319 424 et
1347 383 1584 425 monasterii
1609 383 1768 424 habita·

333 464 439 490 vano
474 450 628 489 Tui-chi
656 461 731 487 con
759 447 795 484 le
819 458 890 483 sue
917 441 1111 495 mogliere
1139 448 1179 480 et
1209 439 1360 493 flglioli.
1416 441 1568 491 Queste
1597 439 1768 491 βοείῃ-18

334 504 455 558 quale
482 506 520 543 io
552 504 604 542 ho
630 504 775 554 scripto
800 499 907 551 dopo
942 497 981 536 la
1009 510 1123 550 presa
1147 495 1198 535 de
1224 494 1590 549 Constantinopoli,
1618 507 1704 534 non
1728 493 1770 534 le

332 559 387 598 ho
418 560 571 611 scripto
614 571 688 610 per
721 555 785 594 far
807 552 996 592 croniche
1036 558 1075 590 et
1103 551 1180 604 Per
1207 564 1375 590 narrare
1406 549 1442 590 le
1471 549 1665 599 victorie,
1693 562 1767 589 an-

332 614 423 654 drie
451 621 493 653 et
523 610 735 665 valentigie
779 607 983 662 del'impio
1023 614 1199 660 tyranno
1236 612 1277 646 et
1312 605 1523 658 perditore
1558 603 1666 645 della
1691 616 1769 644 nu-

331 677 415 707 stra
444 669 701 721 generatione
727 670 769 704 et
796 664 958 703 inimico
998 660 1254 701 inamicabile
1280 660 1346 700 del
1373 672 1496 700 nome
1522 659 1766 701 Christiano.

332 726 401 763 Ma
428 722 524 776 quel
556 721 630 760 che
678 734 744 760 me
772 718 824 758 ha
862 718 1030 757 inducto
1073 715 1125 755 ad
1154 716 1333 756 scrivere
1360 715 1390 755 li
1418 716 1515 757 sacti
1543 716 1596 757 de
1623 721 1770 770 questu

333 786 448 817 zente
482 776 654 816 barbara
683 783 722 815 et
750 772 938 813 adultera
955 803 967 822 ‚
1007 786 1124 811 senza
1154 769 1237 810 leze
1263 777 1305 811 et
1330 785 1444 821 senza
1475 771 1588 821 fede,
1620 771 1693 826 qui
1716 770 1770 811 de

332 839 441 872 sotto
472 831 667 874 narrari).
724 831 877 880 Questa
906 841 995 867 casa
1022 827 1072 866 dc
1093 827 1302 870 Ottomani
1330 833 1445 866 tanto
1475 825 1704 867 execrabile
1727 831 1771 866 ct

330 887 545 940 nephanda
566 900 645 926 non
675 885 839 924 haveria
869 884 1021 922 havuto
1050 881 1130 920 mai
1155 881 1306 934 podere
1327 895 1444 934 sopra
1462 880 1504 921 lo
1524 881 1699 936 imperio
1726 880 1771 920 di

331 942 501 992 Romei,
538 955 579 981 se
619 941 686 980 dal
713 952 886 992 superno
927 938 994 977 dio
1021 951 1103 976 non
1132 936 1160 975 li
1202 936 1304 976 fosse
1340 943 1448 976 stato
1476 950 1663 978 concesso
1691 950 1772 991 per

331 997 550 1050 punitione
591 995 686 1035 delli
714 996 841 1034 nostri
873 992 1039 1046 peccati.
1110 993 1179 1032 Ma
1206 1005 1300 1032 ecco
1331 991 1405 1030 che
1433 991 1472 1031 la
1497 991 1694 1032 sententia
1719 991 1771 1031 de

332 1053 401 1091 dio
427 1053 648 1105 adempita,
680 1049 881 1103 l'imperio
911 1049 960 1088 de
987 1047 1110 1088 Greci
1150 1047 1171 1086 e
1201 1054 1411 1097 mancam,
1441 1045 1481 1086 la
1508 1048 1691 1100 potentia
1718 1045 1771 1086 de

331 1115 475 1161 questa
502 1114 615 1145 zente
643 1106 805 1144 inimica
831 1105 882 1144 de
907 1103 976 1143 dio
996 1117 1078 1142 non
1109 1102 1211 1142 deve
1239 1104 1308 1155 pih
1336 1102 1501 1142 durare.
1529 1101 1698 1143 essendo
1727 1102 1771 1141 io

331 1162 509 1202 anchora
535 1176 683 1200 zevene
728 1161 900 1213 imparai
927 1159 980 1198 da
1006 1157 1139 1197 alcuni
1167 1158 1307 1197 vecchi
1338 1159 1483 1207 sancti,
1508 1171 1583 1210 per
1612 1159 1651 1197 le
1676 1157 1769 1196 loro

331 1218 450 1257 vert&
477 1217 606 1256 molto
633 1217 852 1262 honorati,
886 1215 960 1254 che
992 1213 1030 1252 la
1067 1213 1257 1266 tyrannia
1285 1212 1380 1252 delli
1409 1212 1679 1252 Ottomanide-
1696 1210 1771 1251 ha·

332 1271 402 1311 via
429 1286 452 1311 a
496 1273 614 1311 finire
643 1271 761 1324 dapoi
802 1270 876 1309 che
905 1270 1100 1321 l'imperio
1128 1269 1170 1306 di
1198 1268 1405 1321 Paleologi
1433 1267 1523 1307 serii
1551 1264 1772 1317 mancam,

331 1327 480 1381 perche
507 1326 622 1381 quasi
655 1326 704 1366 ad
735 1340 791 1364 un
819 1333 956 1379 tempo
984 1325 1317 1363 incominzarono
1348 1320 1521 1363 Michael
1548 1321 1771 1374 Peleologo

332 1396 406 1435 per
436 1381 584 1420 iniuria
623 1381 675 1420 ad
705 1381 901 1433 imperare
916 1404 931 1430 »⁴
958 1387 999 1419 et
1036 1379 1265 1418 Ottomano
1294 1393 1317 1417 a
1345 1391 1449 1431 poco
1477 1384 1616 1430 tempo
1643 1375 1716 1430 poi
1747 1389 1774 1415 a

333 1451 506 1476 corsezar
535 1436 572 1475 le
604 1444 711 1475 terre
742 1434 999 1488 del'imperio.
1056 1435 1111 1473 Et
1138 1426 1318 1485 cosYper
1346 1431 1605 1485 dispositione
1630 1430 1770 1471 divina

333 1491 516 1530 haveano
545 1506 567 1529 a
593 1490 711 1531 finire
739 1490 768 1529 li
795 1488 1001 1542 Paleologi
1030 1489 1072 1526 in
1097 1487 1225 1541 prima
1254 1487 1457 1539 l’imperio
1488 1492 1530 1525 el:
1556 1485 1607 1525 da
1637 1487 1710 1539 poi
1740 1484 1772 1524 li

335 1546 599 1586 Ottomanide
640 1546 679 1585 la
705 1546 863 1588 tirania.
936 1543 1093 1582 Perche
1120 1542 1295 1581 Michael
1322 1539 1538 1593 Paleologo
1561 1552 1637 1579 con
1670 1554 1772 1580 eon-

334 1600 458 1655 seglio
489 1600 583 1640 delli
623 1600 804 1654 generosi
831 1597 1034 1637 habiando
1079 1596 1324 1635 descacciato
1352 1594 1604 1648 dal’imperio
1631 1601 1672 1634 et
1700 1607 1771 1634 ex-

334 1663 475 1696 cecato
524 1655 666 1695 [oanni
698 1653 884 1704 Lascari,
923 1650 1074 1705 figliolo
1104 1651 1154 1689 de
1190 1650 1417 1689 Theodoro
1446 1649 1608 1688 Lascari
1641 1649 1772 1702 impe-

335 1711 518 1761 radore;
547 1710 585 1749 el
613 1709 731 1763 quale
750 1723 828 1748 con
855 1706 965 1746 mille
993 1704 1178 1745 sollemni
1195 1706 1433 1744 sacramenti
1460 1703 1646 1744 haveano
1673 1717 1772 1756 pro·-

333 1780 463 1806 messo
510 1764 760 1803 mantenerlo
803 1761 912 1802 nello
950 1760 1119 1813 imperio
1145 1766 1319 1812 paterno
1335 1788 1350 1806 ,
1378 1758 1418 1798 la
1446 1759 1694 1798 conscientia
1720 1759 1772 1798 de

334 1821 440 1861 tanti
474 1820 658 1872 speriurii
697 1826 736 1858 et
763 1818 813 1857 de
854 1822 970 1856 tante
994 1814 1150 1854 millara
1179 1813 1229 1853 de
1257 1813 1507 1852 exacratione
1539 1820 1577 1852 et
1602 1812 1773 1852 inmale-

335 1878 510 1916 dictione
545 1874 736 1927 stipulate
771 1886 889 1924 sopra
930 1870 970 1909 la
1006 1884 1079 1909 sua
1107 1876 1237 1916 testa,
1276 1868 1420 1908 heredi
1448 1868 1506 1907 soi
1535 1875 1575 1908 et
1603 1867 1772 1907 descen-

337 1930 479 1980 denti,
522 1929 550 1968 li
593 1930 767 1968 bruxava
805 1926 963 1966 l'anima
1004 1925 1050 1964 e'l
1079 1938 1200 1972 core,
1236 1923 1444 1975 pensando
1472 1922 1548 1962 che
1574 1923 1612 1961 la
1638 1922 1773 1962 divina

338 1985 489 2025 iustitia
525 1999 603 2023 non
643 1982 898 2036 permetteria
941 1980 1015 2019 che
1043 1981 1071 2018 li
1099 1981 1159 2018 soi
1186 1978 1323 2016 heredi
1351 1978 1634 2017 succedesseno
1663 1977 1705 2016 in
1733 1977 1773 2016 lo

337 2040 536 2093 imperio,
589 2039 625 2077 el
669 2036 787 2090 quale
831 2035 888 2074 lui
917 2034 1046 2073 havea
1087 2033 1259 2072 robbato
1280 2060 1291 2081 ‚
1325 2045 1367 2071 se
1394 2046 1478 2071 non
1508 2031 1718 2071 restituiva
1748 2045 1773 2070 a

337 2095 403 2134 chi
433 2095 586 2134 l'havea
616 2092 735 2131 tolto.
793 2090 849 2129 Et
877 2088 1044 2129 essendo
1071 2088 1109 2126 in
1143 2086 1274 2140 questi
1302 2086 1540 2125 amarissimi
1569 2085 1772 2140 penzieri,

254 2152 379 2197 319se
405 2147 605 2201 conseglib
631 2161 708 2186 con
737 2145 916 2198 aruspici
945 2150 985 2182 et
1013 2142 1278 2187 vaticinatori‚
1310 2141 1338 2179 li
1366 2139 1479 2194 quali
1497 2139 1770 2194 aruspicando

337 2219 407 2257 per
436 2204 631 2243 vaticinio
658 2201 833 2239 obscuro
860 2200 889 2238 li
916 2197 1069 2237 derono
1100 2204 1240 2250 questa
1270 2203 1459 2247 resposta.
1517 2197 1678 2246 Quante
1696 2194 1772 2234 let-

336 2267 425 2298 tere
451 2272 549 2297 sono
581 2258 622 2296 in
650 2256 687 2295 le
716 2255 891 2295 dictione
923 2253 998 2292 che
1026 2266 1106 2290 non
1137 2251 1393 2305 significano,
1421 2249 1452 2293 ἰ.
1489 2265 1524 2293 ε.
1555 2264 1639 2289 non
1667 2263 1769 2289 sono

336 2314 623 2366 significative,
656 2310 761 2350 tanti
794 2309 1026 2362 imperatori
1053 2306 1358 2359 si'guorezarano
1386 2304 1490 2344 della
1521 2312 1591 2344 tua
1616 2318 1774 2344 semen-

337 2383 397 2407 za.
457 2366 631 2418 Quando
673 2364 712 2404 le
757 2365 902 2404 lettere
946 2375 1211 2408 mancarano,
1251 2359 1449 2412 l’imperio
1476 2359 1528 2398 da
1556 2360 1594 2398 la
1627 2359 1705 2398 cite
1731 2365 1798 2402 etv

340 2422 447 2461 dalla
474 2429 545 2460 tua
584 2421 842 2473 generatione
881 2417 993 2457 serrh
1029 2416 1145 2458 tolto.
1211 2415 1289 2454 Noi
1335 2414 1526 2468 adunque
1557 2413 1633 2453 che
1660 2426 1773 2452 semo
1823 2445 1827 2450 .

338 2478 480 2516 zoveui
527 2476 732 2528 pei-venuti
773 2472 966 2513 al’ultimo
1001 2485 1121 2523 anno*
1138 2470 1188 2508 de
1214 2468 1412 2521 l'imperio
1429 2499 1441 2519 ,
1466 2468 1706 2521 ripensando
1734 2467 1772 2507 le

338 2530 531 2570 horribile
560 2531 750 2568 minaccie
780 2528 843 2567 del
871 2528 1010 2580 signor
1036 2526 1103 2564 dio
1131 2538 1248 2577 sopra
1277 2523 1315 2562 la
1331 2526 1589 2576 generatione
1621 2529 1773 2572 nostra,

342 2587 407 2625 nel
439 2598 579 2624 somno
614 2583 918 2622 fantastichemo
962 2579 1187 2635 spectando
1230 2579 1267 2618 la
1305 2585 1445 2617 nostra
1470 2578 1769 2629 redemptione,

342 2648 382 2679 et
411 2654 487 2679 con
529 2638 802 2677 ardentissimo
843 2635 1056 2689 desyderio
1099 2634 1336 2686 deprecemo'
1379 2633 1416 2672 la
1445 2632 1565 2672 bonth
1594 2632 1644 2671 de
1675 2631 1771 2679 dio,

342 2696 461 2748 dapoi
499 2693 572 2732 che
610 2707 683 2731 con
724 2691 874 2731 iustitia
916 2692 970 2730 ha
1009 2690 1166 2729 battuto
1201 2688 1297 2736 noi,
1335 2702 1413 2727 con
1449 2686 1488 2727 la
1519 2701 1590 2726 sua
1616 2685 1772 2726 miseri-

344 2749 488 2791 cordia
516 2747 755 2787 medicando
786 2761 836 2786 ne
866 2759 1021 2786 resane-

1906 3010 1916 3055 hm
