1910 3236
675 529 736 589 D
767 527 825 589 U
854 526 904 588 C
931 530 988 588 A
1015 527 1095 601 Ε,

322 653 761 702 MmHAELIs
803 653 1072 702 DUcAE
1111 651 1450 702 NEPOTIAS

518 765 832 814 HlsToluA
863 765 1253 814 BYzANTmA.

691 1034 838 1068 INDEX
874 1033 1093 1069 CAPITUM

253 1170 339 1216 Cap.
368 1181 397 1204 ι.
447 1168 736 1203 Generationum
767 1170 813 1203 ab
838 1168 978 1205 Adamo
1005 1169 1060 1204 ad
1081 1170 1220 1204 Christi
1245 1171 1484 1205 nativitatem
1508 1169 1631 1204 brevit

159 1219 367 1253 enarratio.
394 1227 577 1252 annorum
601 1216 812 1262 elapsurum
837 1230 860 1250 a
892 1217 1039 1251 Christo
1061 1216 1114 1252 ad
1138 1218 1379 1251 Constantini
1405 1216 1517 1250 initia
1533 1229 1629 1251 enu-

160 1265 327 1300 meratio·
356 1275 380 1297 a
409 1262 661 1297 Constantino
689 1262 742 1296 ad
769 1264 1045 1303 lastinianum,
1075 1277 1099 1298 a
1125 1264 1338 1298 Iustiniana
1365 1263 1418 1297 ad
1442 1263 1629 1297 Constan-

117 1311 125 1315 ’
157 1314 277 1346 tinam
301 1319 338 1345 et
359 1311 508 1350 Irenen,
538 1309 585 1342 ab
609 1309 667 1344 his
697 1309 750 1342 ad
771 1312 938 1355 Aletium
955 1311 1189 1345 Comnenum.
1217 1311 1339 1345 breuis
1363 1309 1535 1356 deinceps
1559 1311 1631 1342 im-

154 1365 370 1404 peratorum
409 1356 688 1403 Cpolitanorum
724 1360 952 1392 enumeratio
995 1357 1047 1391 ad
1078 1358 1202 1392 urbem
1244 1369 1268 1391 a
1292 1356 1439 1390 Latinis
1471 1364 1628 1402 captam.

158 1417 192 1439 α.
219 1406 484 1451 Imperatorum
522 1403 568 1436 ab
601 1403 690 1438 urbe
719 1416 743 1438 a
767 1404 915 1438 Latinis
939 1412 1048 1450 capta
1074 1406 1197 1439 series.
1245 1404 1409 1439 Michael
1433 1404 1632 1438 Palaeolo-

156 1462 286 1497 goram
307 1453 460 1498 primus.
507 1451 620 1485 Asiae
643 1451 826 1491 minoris,
853 1463 949 1498 quae
975 1452 1155 1485 Anatolia
1179 1450 1345 1492 dicitur,
1374 1459 1503 1484 status.
1532 1451 1629 1484 Tur-

157 1509 284 1533 eorum
308 1498 430 1544 reguli
451 1497 494 1532 in
515 1498 614 1531 Asia.
645 1497 898 1532 'Andronicus
931 1499 1076 1533 Senior.
1104 1498 1290 1532 Iohannes
1314 1498 1392 1531 eius
1409 1496 1533 1544 filius.
1559 1499 1632 1530 Ae-

157 1546 246 1590 gaei
266 1546 384 1580 maris
423 1545 571 1579 insulae
607 1544 652 1578 ab
675 1545 840 1579 externis
866 1553 1078 1592 occupatae.
1140 1548 1170 1580 3.
1198 1544 1382 1579 orchanis
1407 1542 1629 1578 Osmanidae

157 1603 285 1626 mores.
340 1592 507 1626 Morates
545 1593 627 1626 eius
658 1591 697 1638 f
737 1593 929 1638 imperium
964 1593 1118 1639 adeptus
1152 1592 1299 1626 Lazaro
1339 1589 1510 1636 despotae
1541 1592 1629 1624 Ser-

156 1638 247 1672 viae
280 1638 414 1673 bellum
437 1639 576 1685 insert,
602 1652 626 1673 a
658 1641 792 1673 iuvene
818 1640 948 1673 Servio
984 1638 1196 1683 occiditur-3
1231 1646 1314 1684 post
1351 1639 1454 1672 cuius
1480 1636 1628 1672 caedem

161 1686 277 1720 Turct
298 1685 481 1732 proelium
518 1687 671 1726 ineunt,
707 1686 857 1720 Servios
897 1685 1058 1721 caedunt
1089 1694 1123 1722 et
1147 1697 1285 1731 magna
1311 1683 1417 1719 clade
1446 1684 1629 1731 afficiunt.

157 1734 326 1767 Lazarus
348 1732 462 1765 vivus
489 1740 525 1768 et
549 1733 658 1766 multi
679 1733 894 1766 Serviorum
915 1745 1088 1779 proceres
1113 1733 1317 1778 capiuntur
1349 1740 1384 1764 et
1407 1732 1447 1764 in
1471 1732 1630 1766 Moratis

158 1779 334 1814 tentoriis
358 1777 651 1824 interficiuntur.
678 1791 702 1812 a
728 1780 869 1814 Veziris
899 1779 1030 1814 Jldrim
1054 1780 1222 1814 Baiaziti
1245 1778 1435 1824 imperium
1463 1777 1630 1824 defertur

159 1834 252 1860 natu
276 1825 416 1860 minori
428 1825 604 1872 filiorum
628 1827 798 1860 Mor-atis.
816 1826 978 1874 fratrem
1002 1834 1095 1860 natu
1121 1827 1295 1860 maiorem
1317 1824 1455 1871 fraude
1479 1837 1631 1871 oppres—

159 1885 236 1906 sum
265 1880 442 1907 excaecat
465 1873 665 1907 Baiazites.
737 1874 770 1916 4.
789 1874 981 1907 Baiazites
1006 1875 1149 1908 Serviis
1174 1873 1314 1907 tributa
1341 1874 1519 1917 imperat,
1546 1873 1627 1905 Ste-

158 1919 322 1965 phanum
338 1919 531 1966 Lazarij?
555 1919 628 1952 sibi
651 1920 811 1953 militare
839 1920 952 1958 iubet,
979 1922 1132 1967 eiusque
1158 1931 1321 1953 sororem
1347 1919 1510 1952 Mariam
1536 1930 1628 1951 uxo-

159 1977 236 1999 rem
258 1964 371 2000 ducit.
423 1966 664 2000 car-mianum
687 1966 875 2012 Phrygiae
906 1967 1072 2011 regulum
1096 1967 1243 2011 spoliat.
1292 1966 1439 1998 Ioniam
1465 1965 1626 1998 invadit.

162 2011 388 2047 Sar-chanem
427 2010 616 2046 deditione
655 2013 816 2057 accipit,
849 2019 885 2045 et
909 2013 1018 2047 Asiae
1056 2013 1204 2058 regulos
1235 2014 1276 2045 in
1311 2010 1478 2045 ordinem
1514 2013 1625 2056 cogit.

159 2058 458 2103 Philadelphiam
494 2067 676 2105 occupat,
709 2067 744 2093 et
772 2059 994 2103 Callipoleos
1032 2070 1152 2093 arcem
1179 2059 1378 2092 instaurat.
1451 2059 1483 2091 5.
1509 2060 1626 2092 Initia

159 2103 374 2140 discordiae
411 2107 512 2140 inter
541 2105 746 2141 Iohannem
781 2106 1078 2140 Cantacuzenum
1116 2113 1150 2139 et
1186 2106 1454 2150 imperatricem
1480 2108 1625 2139 Annam

159 2153 313 2200 eiusque
348 2153 461 2186 aulae
489 2162 674 2198 proceres.
739 2152 1020 2187 Cantacuzenus
1067 2153 1155 2186 urbe
1189 2150 1385 2194 discessit;
1433 2150 1520 2186 dolo
1544 2164 1625 2186 eum

108 2210 110 2213 ·
159 2197 434 2244 aggrediuntur
465 2199 699 2241 adversariis
735 2200 782 2234 ab
815 2200 946 2234 amicis
971 2207 1163 2238 monetur,
1200 2200 1268 2245 qui
1294 2196 1378 2232 ideo
1413 2200 1459 2232 ab
1491 2200 1624 2234 Alexio

159 2249 356 2291 Apocauco
378 2247 419 2279 in
437 2256 622 2280 carcerem
647 2246 911 2280 coniiciuntur.
938 2249 1168 2291 Apocaucum
1191 2244 1448 2292 interficiunt,
1475 2255 1510 2280 et
1535 2258 1626 2291 pro-

155 2300 287 2339 pterea
311 2304 435 2327 omnes
449 2291 538 2339 fere
563 2302 757 2328 necantur.
783 2293 947 2327 Michael
970 2293 1096 2326 Ducas
1120 2295 1287 2327 auctoris
1313 2303 1408 2325 avus
1433 2302 1622 2339 paternus.

158 2340 193 2373 6.
223 2340 506 2374 Cantacuzenus
542 2340 688 2374 calceos
708 2351 913 2385 purpureos
949 2339 1097 2380 induit,
1125 2340 1328 2386 imperator
1351 2340 1564 2380 salutatur,
1590 2348 1625 2373 et

145 2384 212 2420 -ad
236 2386 387 2420 Seruiae
402 2386 545 2421 Cralem
564 2386 692 2432 sugit,
722 2396 756 2419 et
783 2399 862 2421 eum
885 2398 926 2420 eo
940 2385 1079 2432 ¹foedas
1099 2387 1270 2432 percutit.
1321 2395 1353 2429 7.
1372 2389 1514 2421 Homur
1540 2388 1622 2420 Ati-

158 2433 220 2466 nis
240 2431 353 2479 filius
377 2434 536 2468 traiecto
559 2434 797 2479 Hellesponto
824 2435 864 2466 in
888 2433 1079 2479 Europam
1103 2434 1228 2474 venit,
1258 2431 1468 2478 Callipolim
1497 2434 1625 2479 appel·

159 2479 229 2518 lit,
255 2487 290 2512 et
313 2478 661 2522 Didymotoechum,
688 2481 753 2513 ubi
778 2481 1033 2515 Cantacuzeni
1063 2491 1160 2515 uxor·
1183 2480 1417 2520 substiterat,
1448 2480 1622 2526 proficis-

159 2526 267 2560 citur.
318 2526 434 2561 Tura·
455 2527 654 2562 Thraciam
679 2536 845 2562 vastant.
902 2528 1059 2570 Smyrna
1083 2527 1129 2561 ab
1152 2527 1339 2573 equitibus
1364 2527 1522 2560 militiae
1537 2527 1624 2561 Ilie-

159 2573 452 2616 rosolymitanae
476 2582 596 2619 capta.
619 2587 698 2609 eam
711 2574 863 2620 flustra
882 2585 1099 2619 recuperare
1123 2582 1242 2608 tentat
1268 2573 1406 2607 Homur
1428 2581 1463 2607 et
1490 2575 1531 2607 in
1556 2586 1624 2619 op-

155 2619 390 2665 pugnatione
421 2621 611 2655 occumbit.
689 2622 720 2655 8.
745 2622 1028 2656 Cantacuzenus
1060 2621 1100 2654 in
1128 2620 1326 2655 Thracium
1359 2618 1464 2654 redit.
1513 2621 1623 2655 Anna

161 2666 381 2712 imperatrix
409 2667 555 2701 auxilia
580 2667 626 2702 ab
647 2667 814 2702 Orchane
835 2669 930 2712 petit
953 2676 989 2701 et
1015 2668 1195 2714 impetrat.
1225 2667 1337 2702 Tur-ci
1363 2666 1511 2712 imperii
1533 2679 1623 2712 pro·

161 2713 311 2746 vincias
332 2714 563 2758 populantur
583 2724 619 2749 et
643 2717 810 2760 captivos
834 2713 1031 2748 abducunt.
1089 2726 1122 2759 9.
1152 2713 1431 2748 Cantacuzenus
1460 2714 1625 2748 Orchani

161 2758 282 2804 filiam
309 2770 410 2792 suom
434 2771 582 2794 uxorem
605 2759 696 2795 dare
720 2762 934 2808 pollicitus,
972 2773 1050 2795 eum
1084 2759 1280 2807 asbedere
1307 2772 1384 2795 cum
1412 2761 1518 2794 Anna
1549 2761 1623 2794 icto
1668 2794 1671 2796 .

164 2808 302 2842 auertit
327 2816 361 2843 et
385 2810 532 2842 aeia-ilia
557 2808 602 2842 ab
628 2820 669 2842 eo
694 2809 843 2843 obtinet.
871 2809 1021 2853 nuptiae
1049 2808 1291 2842 celebrantur.
1344 2807 1623 2842 Cantacuzenus
