1890 3204
283 150 399 215 556
864 184 1149 226 BULmALm
1181 186 1185 190 ·

278 281 463 321 zantinOs
487 282 746 336 imperatores
769 283 924 323 tributa
948 283 1157 334 obtulisse,
1173 285 1272 327 adeo
1302 301 1352 327 ue
1371 285 1719 344 aTurcisimperi:

277 349 348 374 um
374 339 560 389 precario
588 337 817 378 obtinuisse.
876 339 1080 379 Laonicus
1107 301 1490 395 porro‚‘i³}1ranzes
1518 351 1558 385 et
1582 345 1716 390 Leu'n-

277 389 431 430 clavius
457 391 610 430 nullam
635 393 878 432 mentionem
907 394 1062 434 faciunt
1090 397 1268 436 munitae
1293 411 1317 436 a
1336 397 1513 438 Iohanne
1539 392 1716 454 impetn-⁵

215 489 217 491 ,
275 449 375 485 tore‘
393 446 564 499 Cpoleos
580 475 591 495 ‚
621 453 690 485 aut
717 447 871 487 tributa
891 450 928 487 ei
955 463 979 487 a
1006 449 1181 490 Baiazite
1207 452 1398 505 imperata
1426 452 1558 493 fuisse.
1622 452 1625 457 ’

385 500 434 539 Ρ.
462 500 529 554 47,
549 500 589 540 8.
645 498 666 538 ὁ
689 499 888 550 βασιλεὺς
914 500 1151 558 Μανουὴλ]
1207 519 1288 546 non
1312 505 1444 546 solum
1460 507 1649 558 Manuel,
1683 506 1718 550 si

272 554 484 594 Phranzae
504 554 731 604 credimus,
760 555 899 596 sed'et
930 556 1036 598 illius
1062 567 1178 612 pater
1193 561 1390 601 Iohannes
1418 563 1582 604 Baiaziti
1605 561 1716 605 mili.

273 616 441 658 terunt,
470 616 516 648 ut
541 617 678 649 narrat
704 609 772 649 lib.
812 623 827 650 1
870 626 955 665 cap.
991 612 1052 655 16.
1077 621 1118 653 et
1144 615 1343 655 Laonicus
1371 615 1438 655 lib.
1470 631 1510 657 2.

385 664 432 703 P.
449 663 593 717 47,22.
622 660 730 703 ἀλλὰ
752 664 808 704 δι’
823 659 974 719 ἑτέρων
991 664 1284 723 α’ναθεμάτων]
1299 673 1494 724 Georgius
1508 672 1715 714 cedrenus

272 719 313 756 in
331 719 530 757 Mauricio
553 720 736 758 meminit
749 720 890 774 templi
909 720 1017 761 illius
1030 723 1310 778 Quadraginta
1325 727 1572 780 Martyribus
1601 727 1713 769 dica-

271 775 302 812 ti
324 788 336 823 3
370 772 561 826 quodque
588 788 612 812 a
640 774 806 814 Tiberio
831 775 1064 816 inchoatum
1095 781 1333 820 aMauricio
1360 782 1516 833 imperii
1545 781 1608 821 sui
1635 797 1713 822 an..

273 842 326 865 no
358 835 504 867 octavo
531 828 774 872 absolutum.
804 831 889 870 eius
910 831 1034 871 verba
1064 832 1161 873 talia
1177 841 1296 873 sunt:
1327 833 1385 874 τεῦ
1412 834 1460 874 δὲ
1488 829 1603 876 adm?
1628 831 1716 877 ἔτει

269 881 517 933 Μαυρίκιος
542 879 614 922 τὸν
644 880 750 924 ναὸν
776 884 857 925 τῶν
891 883 1021 936 ἁγίων
1055 874 1387 939 τεσσαράκοντά,
1421 885 1468 928 ὃν
1497 875 1714 943 α’πῆρξατο

276 937 496 989 Τιβέριος,
536 935 821 991 ἀνεπλήρωσε.
893 941 1071 981 Zonaras
1108 942 1248 982 iisdem
1289 943 1377 983 fere
1414 944 1549 992 verbis
1583 945 1715 986 Tomo

268 992 404 1030 tertio.
454 991 504 1031 de
542 991 694 1045 templo
737 994 776 1033 S.
810 995 937 1035 Mocii
975 997 1219 1037 mentionem
1247 997 1342 1037 facit
1367 997 1474 1039 idem
1505 998 1715 1042 cedrenus

269 1046 312 1083 in
344 1045 519 1095 Basilio,
562 1049 632 1101 qui
674 1048 898 1102 collapsum
940 1051 1091 1094 refecit.
1130 1050 1403 1105 ἐπεποιήσατο
1430 1053 1505 1092 καί
1527 1049 1574 1094 τὸ
1603 1053 1714 1107 μέγα

266 1101 434 1148 τέμενος
458 1101 639 1141 Mcum‘ov
669 1102 746 1142 τοῦ
772 1100 1017 1155 μάρτυρος,
1046 1102 1119 1146 καί
1144 1102 1192 1144 τὸ
1223 1100 1379 1146 ἄδυτον
1405 1103 1552 1148 τούτου
1580 1122 1712 1148 κατα-

265 1154 422 1206 βληθὲν
453 1148 557 1208 ἄχρι
582 1156 673 1209 γῆς,
705 1155 761 1205 ὥς
790 1158 863 1198 καί
887 1156 963 1211 τήν
991 1156 1111 1213 ἱερὰν
1139 1158 1337 1209 κατεάξαι
1363 1157 1588 1214 τράπεζαν,
1620 1163 1712 1203 ἐπι-

262 1210 433 1257 μελείας
472 1206 624 1262 ἠξίωσε
663 1212 737 1251 καί
774 1213 852 1252 τοῦ
903 1210 1119 1264 πτώματος
1147 1209 1301 1267 ἤγειρε.
1359 1217 1560 1268 Μανςγήε
1586 1217 1713 1256 Mucii

263 1265 450 1317 templum
487 1266 674 1320 deinceps
709 1267 882 1307 absolvit
889 1282 905 1317 ‚·
940 1270 1145 1323 αιζγεαᾳιιε
1173 1270 1218 1309 in
1245 1279 1394 1310 terram
1422 1285 1544 1327 usque
1569 1272 1712 1325 pmla-

256 1332 355 1372 psa,
400 1334 566 1375 quoram
607 1322 727 1361 mina
765 1336 884 1362 sacra
918 1337 1063 1364 mensa
1073 1326 1226 1377 fi'acta
1255 1338 1307 1364 ac
1337 1325 1520 1380 disrchta
1529 1327 1678 1376 ficet-at
1697 1355 1711 1377 ‚

132 1371 167 1405 P·
184 1381 248 1420 227
262 1374 375 1428 refici
401 1383 441 1413 et
469 1376 519 1415 de
545 1376 699 1430 integr-o
727 1378 955 1417 instaurari
981 1380 1154 1419 curavit.
1200 1379 1412 1419 'Iohannes
1437 1394 1605 1435 >quoque
1624 1382 1708 1420 Cu-

262 1429 465 1484 ropalates
494 1430 615 1469 huius
642 1431 810 1483 templi,
848 1432 999 1484 quique
1027 1432 1131 1472 illud
1159 1433 1321 1483 refecit,
1348 1434 1482 1474 Basilii
1511 1435 1708 1475 meminit.

262 1483 314 1521 de
341 1485 523 1523 omnium
551 1492 790 1524 sanctorum
815 1486 983 1540 templo,
1012 1488 1062 1527 de
1082 1503 1162 1542 quo
1193 1487 1329 1527 Ducas
1357 1488 1436 1529 hoc
1463 1488 1553 1529 loco
1581 1490 1708 1530 verba

263 1538 376 1591 facit,
403 1539 504 1578 nihil
532 1545 739 1591 praeterea
763 1539 856 1593 legi.
1435 1563 1438 1565 Α

374 1593 423 1632 Ρ.
443 1593 513 1644 48,
531 1595 569 1635 5.
598 1594 674 1646 τῆς
688 1592 891 1647 χρυσείας
906 1593 1056 1648 πυλῆς]
1083 1594 1231 1635 Arcem
1248 1596 1364 1636 istam
1377 1597 1580 1637 Iohannes
1594 1598 1713 1638 aedi-v

263 1647 454 1687 ficaverat
482 1650 523 1687 in
551 1649 755 1688 moenium
792 1649 906 1689 urbis
937 1650 1110 1703 angulo,
1152 1652 1221 1703 qui
1247 1653 1348 1691 ostio
1374 1652 1636 1705 Propontidis
1666 1661 1708 1693 et

263 1703 441 1755 Bospori
459 1703 623 1742 Thracii
643 1703 825 1753 adiacet;
856 1705 898 1742 in
919 1718 1002 1757 quo
1022 1704 1268 1745 Mehemetes
1291 1707 1329 1744 11
1350 1714 1437 1759 post
1456 1714 1612 1758 captam
1633 1709 1709 1761 Cp.

266 1764 446 1796 castrum
494 1758 700 1797 aedificari
736 1759 873 1805 iussit,
915 1758 1023 1811 quod
1054 1773 1077 1797 a
1103 1767 1254 1812 septem
1282 1761 1462 1801 turribus
1488 1761 1706 1802 ledi-cala

263 1810 438 1850 Turcice
465 1812 713 1866 appellatur3
742 1812 862 1852 hodie
890 1812 1092 1852 desertum
1124 1828 1228 1867 pene
1257 1815 1412 1866 visitur,
1449 1822 1489 1856 ct
1515 1826 1539 1856 a
1566 1817 1707 1870 paucis

263 1865 496 1906 hominibus
536 1867 777 1910 habitatum.
844 1868 977 1907 Aurea
1006 1867 1077 1907 illa
1112 1876 1230 1920 porta
1269 1885 1377 1909 nunc
1413 1870 1555 1921 etiam,
1594 1878 1639 1911 ut
1667 1879 1708 1910 et

262 1921 499 1961 Leunclavii
527 1923 808 1975 temporibus,
841 1921 975 1962 clausa
1006 1929 1081 1967 est.
1108 1923 1158 1963 de
1184 1922 1260 1963 hac
1286 1939 1380 1964 arce
1403 1926 1508 1969 infra
1536 1939 1624 1979 cap.
1650 1925 1707 1978 45

262 1975 400 2016 Ducas
431 1979 680 2017 mentionem
708 1977 813 2016 facit.

374 2030 424 2070 P.
439 2030 507 2081 48,
535 2033 597 2072 15.
628 2024 740 2070 ὅοῦν
762 2029 1179 2086 βασιλεὺςἸωάννης]
1211 2033 1271 2072 De
1285 2033 1362 2073 hoc
1382 2034 1561 2073 Iohanne
1574 2034 1704 2087 impe..

261 2094 401 2126 ratore
423 2085 592 2140 eiusque
617 2086 854 2126 libidinibus
875 2092 917 2126 et
933 2086 1098 2126 lascivia
1113 2087 1313 2127 Laonicus
1329 2088 1450 2138 lib.2‚
1471 2089 1541 2128 ubi
1562 2089 1707 2128 scribit

261 2143 396 2193 ipsum
430 2142 608 2180 Manueli
637 2141 719 2180 filio
748 2155 822 2180 suo
850 2155 1038 2194 sponsam
1064 2143 1357 2195 Trapezuntini
1383 2145 1637 2196 imperatoris
1654 2145 1703 2185 F.

262 2195 474 2235 abstulisse
493 2226 504 2242 ‚
538 2203 579 2235 et
609 2196 796 2250 quamvis
837 2197 1019 2249 podagra
1048 2197 1280 2236 confectum
1310 2212 1472 2237 uxorem
1500 2198 1673 2238 duxisse.

373 2250 422 2289 P.
449 2251 517 2301 48,
551 2252 618 2290 23.
673 2250 862 2290 ἀπέδωκε
892 2247 935 2290 τὸ
978 2246 1139 2305 χρεών]
1209 2252 1328 2292 Obiit
1362 2253 1461 2306 imp.
1501 2252 1703 2292 lohannes

263 2318 368 2343 anno
395 2306 535 2344 mundi
568 2305 704 2360 6899,
736 2306 827 2344 Iud.
866 2319 912 2344 ιο
933 2334 945 2354 ‚
971 2306 1125 2345 Christi
1161 2307 1275 2360 1391.
1414 2346 1417 2349 χ

374 2359 422 2398 Ρ.
441 2361 509 2413 49,
535 2374 596 2399 ιι.
613 2360 685 2399 ἕνα
712 2360 796 2400 τῶν
819 2357 953 2398 αὐτοῦ’
982 2359 1148 2414 κριτῶν]
1180 2362 1331 2401 Omnes
1360 2361 1604 2401 Musulmani
1622 2360 1703 2401 hoc

260 2427 415 2466 semper
434 2415 676 2463 ambierunt,
690 2416 792 2454 utin
810 2414 1150 2462 Christianorum,
1176 2431 1276 2469 quas
1293 2415 1564 2464 incoluerunt,
1585 2415 1702 2455 urbi-

260 2469 339 2507 bus
359 2469 539 2508 Cadizios
561 2484 631 2509 seu
646 2469 861 2520 Cazsseros,
895 2484 917 2507 a
946 2469 1095 2522 quibus
1120 2470 1424 2521 iudicarentur,
1452 2485 1547 2510 suos
1574 2470 1702 2510 habe-

260 2529 370 2562 rent.
397 2523 581 2562 messitas
607 2539 649 2563 se
682 2524 869 2563 habuisse
900 2524 1018 2577 Cpoli
1047 2526 1202 2564 iactant
1226 2525 1471 2564 Musuimani
1501 2526 1702 2564 Constan-

260 2579 350 2617 tino
380 2578 649 2631 Copronymo
680 2581 846 2632 eiusque
869 2593 1094 2618 successore
1109 2581 1246 2619 Leone
1276 2579 1558 2632 regnantibus;
1590 2578 1700 2632 quod

259 2632 383 2671 tradit
410 2633 578 2671 Leuucl.
630 2633 702 2672 lib.
737 2648 751 2672 1
792 2634 888 2673 hist.
931 2633 1124 2673 Musulm.
1160 2635 1270 2674 inter
1314 2641 1573 2673 monumenta
1605 2647 1701 2672 mss.

262 2686 421 2726 Nicolai
460 2687 583 2726 Fabri
617 2688 805 2727 Peirescii
825 2719 833 2734 ,
879 2689 955 2727 viri
986 2688 1189 2728 clarissimi
1221 2696 1261 2729 et
1296 2689 1335 2727 in
1365 2689 1604 2742 antiquitate
1634 2689 1697 2726 in-

261 2741 498 2797 vestiganda
536 2743 851 2797 accuratissimi,
893 2751 1100 2797 repertum
1137 2750 1197 2784 est
1239 2744 1438 2796 exemplar
1484 2749 1699 2796 pactorum
