<?xml version="1.0" encoding="UTF-8"?>
<!DOCTYPE html PUBLIC "-//W3C//DTD XHTML 1.0 Transitional//EN"
    "http://www.w3.org/TR/xhtml1/DTD/xhtml1-transitional.dtd">
<html xmlns="http://www.w3.org/1999/xhtml" xml:lang="en" lang="en">
 <head>
  <title>
</title>
<meta http-equiv="Content-Type" content="text/html;charset=utf-8" />
  <meta name='ocr-system' content='tesseract 3.04.00' />
  <meta name='ocr-capabilities' content='ocr_page ocr_carea ocr_par ocr_line ocrx_word'/>
</head>
<body>
  <div class='ocr_page' id='page_1' title='image "./corpusscriptorum11niebuoft_0260.png"; bbox 0 0 1884 3216; ppageno 0'>
   <div class='ocr_carea' id='block_1_1' title="bbox 340 150 1456 219">
    <p class='ocr_par' dir='ltr' id='par_1_1' title="bbox 340 150 1456 219">
     <span class='ocr_line' id='line_1_1' title="bbox 340 150 1456 219; baseline 0.009 -13"><span class='ocrx_word' id='word_1_1' title='bbox 340 150 446 218; x_wconf 72' lang='lat'>242</span> <span class='ocrx_word' id='word_1_2' title='bbox 689 170 874 216; x_wconf 60' lang='grc' dir='ltr'>Βοῦλις</span> <span class='ocrx_word' id='word_1_3' title='bbox 909 168 1198 216; x_wconf 49' lang='lat' dir='ltr'>micum-1⁴15</span> <span class='ocrx_word' id='word_1_4' title='bbox 1218 170 1456 219; x_wconf 64' lang='lat' dir='ltr'>narnus</span> 
     </span>
    </p>
   </div>
   <div class='ocr_carea' id='block_1_2' title="bbox 199 279 1837 1846">
    <p class='ocr_par' dir='ltr' id='par_1_2' title="bbox 199 279 1837 1846">
     <span class='ocr_line' id='line_1_2' title="bbox 332 279 1780 344; baseline 0.004 -21"><span class='ocrx_word' id='word_1_5' title='bbox 332 280 503 335; x_wconf 75' lang='grc' dir='ltr'>νόμενον</span> <span class='ocrx_word' id='word_1_6' title='bbox 546 281 624 339; x_wconf 81' lang='grc' dir='ltr'>τὴν</span> <span class='ocrx_word' id='word_1_7' title='bbox 655 284 799 339; x_wconf 79' lang='grc' dir='ltr'><strong><em>κλῆσιν</em></strong></span> <span class='ocrx_word' id='word_1_8' title='bbox 834 282 920 325; x_wconf 72' lang='grc' dir='ltr'>τοῦ</span> <span class='ocrx_word' id='word_1_9' title='bbox 940 279 1126 338; x_wconf 84' lang='grc' dir='ltr'><em>κάστρου</em></span> <span class='ocrx_word' id='word_1_10' title='bbox 1154 285 1394 339; x_wconf 28' lang='grc' dir='ltr'><em>[Πασχεσὲν</em></span> <span class='ocrx_word' id='word_1_11' title='bbox 1422 284 1613 328; x_wconf 73' lang='grc' dir='ltr'><em>ἐκέλευσε</em></span> <span class='ocrx_word' id='word_1_12' title='bbox 1641 287 1780 344; x_wconf 55' lang='grc' dir='ltr'><em>καὶψε-</em></span> 
     </span>
     <span class='ocr_line' id='line_1_3' title="bbox 332 344 1779 407; baseline 0.003 -17"><span class='ocrx_word' id='word_1_13' title='bbox 332 350 462 400; x_wconf 69' lang='grc' dir='ltr'><em>σθαι,</em></span> <span class='ocrx_word' id='word_1_14' title='bbox 504 347 862 405; x_wconf 78' lang='grc' dir='ltr'><em>ἐξελληνιζόμενον</em></span> <span class='ocrx_word' id='word_1_15' title='bbox 901 349 948 389; x_wconf 80' lang='grc' dir='ltr'>δὲ</span> <span class='ocrx_word' id='word_1_16' title='bbox 985 344 1261 402; x_wconf 72' lang='grc' dir='ltr'><em>ἑρμηνεύεται</em></span> <span class='ocrx_word' id='word_1_17' title='bbox 1298 347 1636 406; x_wconf 80' lang='grc' dir='ltr'><em>κεφαλοκόπτης,</em></span> <span class='ocrx_word' id='word_1_18' title='bbox 1676 345 1779 407; x_wconf 55' lang='grc' dir='ltr'><em>’ἕχον</em></span> 
     </span>
     <span class='ocr_line' id='line_1_4' title="bbox 331 408 1777 469; baseline 0.004 -15"><span class='ocrx_word' id='word_1_19' title='bbox 331 408 506 469; x_wconf 72' lang='grc' dir='ltr'><em>ἅντικρυ</em></span> <span class='ocrx_word' id='word_1_20' title='bbox 547 413 619 456; x_wconf 82' lang='grc' dir='ltr'><strong><em>καί</em></strong></span> <span class='ocrx_word' id='word_1_21' title='bbox 654 411 699 456; x_wconf 86' lang='grc' dir='ltr'>τὸ</span> <span class='ocrx_word' id='word_1_22' title='bbox 731 412 938 469; x_wconf 81' lang='grc' dir='ltr'><em>φρούριον</em></span> <span class='ocrx_word' id='word_1_23' title='bbox 968 410 993 453; x_wconf 80' lang='grc' dir='ltr'>ὃ</span> <span class='ocrx_word' id='word_1_24' title='bbox 1021 414 1217 466; x_wconf 81' lang='grc' dir='ltr'><em>ἐδείματο</em></span> <span class='ocrx_word' id='word_1_25' title='bbox 1247 413 1268 456; x_wconf 86' lang='grc' dir='ltr'><em>ὃ</em></span> <span class='ocrx_word' id='word_1_26' title='bbox 1294 413 1463 464; x_wconf 84' lang='grc' dir='ltr'><em>πάππος</em></span> <span class='ocrx_word' id='word_1_27' title='bbox 1491 415 1637 458; x_wconf 68' lang='grc' dir='ltr'><em>αὐτοῦ’.</em></span> <span class='ocrx_word' id='word_1_28' title='bbox 1683 417 1777 460; x_wconf 78' lang='grc' dir='ltr'><em>,διέ-</em></span> 
     </span>
     <span class='ocr_line' id='line_1_5' title="bbox 329 473 1777 537; baseline 0.003 -17"><span class='ocrx_word' id='word_1_29' title='bbox 329 492 470 532; x_wconf 86' lang='grc' dir='ltr'><em>νειμεν</em></span> <span class='ocrx_word' id='word_1_30' title='bbox 507 473 581 521; x_wconf 78' lang='grc' dir='ltr'>οὖν</span> <span class='ocrx_word' id='word_1_31' title='bbox 621 477 698 534; x_wconf 81' lang='grc' dir='ltr'>τὴν</span> <span class='ocrx_word' id='word_1_32' title='bbox 729 477 953 532; x_wconf 79' lang='grc' dir='ltr'><em>οἰκοδομὴν</em></span> <span class='ocrx_word' id='word_1_33' title='bbox 981 474 1127 529; x_wconf 71' lang='grc' dir='ltr'><em>οὕτως.</em></span> <span class='ocrx_word' id='word_1_34' title='bbox 1182 481 1240 537; x_wconf 76' lang='grc' dir='ltr'>τῷ</span> <span class='ocrx_word' id='word_1_35' title='bbox 1263 481 1343 531; x_wconf 86' lang='grc' dir='ltr'>μὲν</span> <span class='ocrx_word' id='word_1_36' title='bbox 1376 479 1516 523; x_wconf 80' lang='grc' dir='ltr'><em>Χαλὶλ</em></span> <span class='ocrx_word' id='word_1_37' title='bbox 1546 481 1680 524; x_wconf 70' lang='lat' dir='ltr'>naula</span> <span class='ocrx_word' id='word_1_38' title='bbox 1706 482 1777 525; x_wconf 69' lang='grc' dir='ltr'>δέ·</span> 
     </span>
     <span class='ocr_line' id='line_1_6' title="bbox 329 544 1814 604; baseline 0.004 -19"><span class='ocrx_word' id='word_1_39' title='bbox 329 544 439 586; x_wconf 84' lang='grc' dir='ltr'><em>δωκε</em></span> <span class='ocrx_word' id='word_1_40' title='bbox 464 545 567 597; x_wconf 88' lang='grc' dir='ltr'><em>μίαν</em></span> <span class='ocrx_word' id='word_1_41' title='bbox 596 547 680 587; x_wconf 79' lang='grc' dir='ltr'>τῶν</span> <span class='ocrx_word' id='word_1_42' title='bbox 707 545 871 599; x_wconf 76' lang='grc' dir='ltr'><em>γωνιῶν</em></span> <span class='ocrx_word' id='word_1_43' title='bbox 896 546 977 586; x_wconf 74' lang='grc' dir='ltr'>τῶν</span> <span class='ocrx_word' id='word_1_44' title='bbox 1006 545 1051 586; x_wconf 80' lang='grc' dir='ltr'>ἑν</span> <span class='ocrx_word' id='word_1_45' title='bbox 1085 548 1135 602; x_wconf 81' lang='grc' dir='ltr'>τῇ</span> <span class='ocrx_word' id='word_1_46' title='bbox 1159 545 1356 604; x_wconf 74' lang='grc' dir='ltr'><em>θαλάσσῃ</em></span> <span class='ocrx_word' id='word_1_47' title='bbox 1383 548 1584 600; x_wconf 80' lang='grc' dir='ltr'><em>κειμένων</em></span> <span class='ocrx_word' id='word_1_48' title='bbox 1609 547 1688 590; x_wconf 79' lang='grc' dir='ltr'>τοῦ</span> <span class='ocrx_word' id='word_1_49' title='bbox 1715 548 1814 591; x_wconf 82' lang='grc' dir='ltr'><em>οἰ-5</em></span> 
     </span>
     <span class='ocr_line' id='line_1_7' title="bbox 328 606 1777 668; baseline 0.004 -19"><span class='ocrx_word' id='word_1_50' title='bbox 328 611 562 665; x_wconf 84' lang='grc' dir='ltr'><em>κοδομῆσαι</em></span> <span class='ocrx_word' id='word_1_51' title='bbox 590 610 747 665; x_wconf 85' lang='grc' dir='ltr'><em>πύργον</em></span> <span class='ocrx_word' id='word_1_52' title='bbox 774 611 848 651; x_wconf 73' lang='grc' dir='ltr'>ἕνα</span> <span class='ocrx_word' id='word_1_53' title='bbox 870 607 1136 666; x_wconf 75' lang='grc' dir='ltr'><em>ὑπερμεγέθη</em></span> <span class='ocrx_word' id='word_1_54' title='bbox 1164 610 1238 653; x_wconf 79' lang='grc' dir='ltr'><em>καὶ</em></span> <span class='ocrx_word' id='word_1_55' title='bbox 1253 611 1428 667; x_wconf 81' lang='grc' dir='ltr'><em>στερρὸν</em></span> <span class='ocrx_word' id='word_1_56' title='bbox 1454 610 1512 662; x_wconf 78' lang='grc' dir='ltr'><em>ὥς</em></span> <span class='ocrx_word' id='word_1_57' title='bbox 1537 606 1777 668; x_wconf 71' lang='grc' dir='ltr'><em>ἀκρόπολιν,</em></span> 
     </span>
     <span class='ocr_line' id='line_1_8' title="bbox 199 672 1777 735; baseline 0.003 -20"><span class='ocrx_word' id='word_1_58' title='bbox 199 680 234 716; x_wconf 90' lang='grc' dir='ltr'>Ρ.</span> <span class='ocrx_word' id='word_1_59' title='bbox 253 675 385 731; x_wconf 73' lang='grc' dir='ltr'><em>ιδότῷ</em></span> <span class='ocrx_word' id='word_1_60' title='bbox 435 676 482 717; x_wconf 82' lang='grc' dir='ltr'>δὲ</span> <span class='ocrx_word' id='word_1_61' title='bbox 531 672 723 729; x_wconf 81' lang='grc' dir='ltr'><em>Ζάγανος</em></span> <span class='ocrx_word' id='word_1_62' title='bbox 762 675 903 729; x_wconf 78' lang='grc' dir='ltr'><em>ἕτερον</em></span> <span class='ocrx_word' id='word_1_63' title='bbox 942 676 988 717; x_wconf 82' lang='grc' dir='ltr'>ἐν</span> <span class='ocrx_word' id='word_1_64' title='bbox 1026 675 1077 732; x_wconf 87' lang='grc' dir='ltr'><strong><em>τῇ</em></strong></span> <span class='ocrx_word' id='word_1_65' title='bbox 1114 673 1235 734; x_wconf 71' lang='grc' dir='ltr'><em>ἑτέρᾳ</em></span> <span class='ocrx_word' id='word_1_66' title='bbox 1281 678 1411 735; x_wconf 72' lang='grc' dir='ltr'><em>γωνίᾳ</em></span> <span class='ocrx_word' id='word_1_67' title='bbox 1449 679 1501 735; x_wconf 81' lang='grc' dir='ltr'>τῇ</span> <span class='ocrx_word' id='word_1_68' title='bbox 1536 679 1704 735; x_wconf 80' lang='grc' dir='ltr'><em>κειμένῃ</em></span> <span class='ocrx_word' id='word_1_69' title='bbox 1729 678 1777 720; x_wconf 72' lang='grc' dir='ltr'>ἐν</span> 
     </span>
     <span class='ocr_line' id='line_1_9' title="bbox 325 738 1773 801; baseline 0.006 -22"><span class='ocrx_word' id='word_1_70' title='bbox 325 742 377 797; x_wconf 79' lang='grc' dir='ltr'><em>τῇ</em></span> <span class='ocrx_word' id='word_1_71' title='bbox 406 742 532 797; x_wconf 72' lang='grc' dir='ltr'><em>ξηρᾷ,</em></span> <span class='ocrx_word' id='word_1_72' title='bbox 560 741 694 794; x_wconf 84' lang='grc' dir='ltr'><em>μέγαν</em></span> <span class='ocrx_word' id='word_1_73' title='bbox 718 738 791 781; x_wconf 78' lang='grc' dir='ltr'><em>καὶ</em></span> <span class='ocrx_word' id='word_1_74' title='bbox 812 738 959 793; x_wconf 68' lang='grc' dir='ltr'><em>αὐτόν,</em></span> <span class='ocrx_word' id='word_1_75' title='bbox 999 742 1058 798; x_wconf 79' lang='grc' dir='ltr'>τῷ</span> <span class='ocrx_word' id='word_1_76' title='bbox 1080 742 1127 783; x_wconf 80' lang='grc' dir='ltr'>δὲ</span> <span class='ocrx_word' id='word_1_77' title='bbox 1155 743 1356 800; x_wconf 78' lang='grc' dir='ltr'><em>Σαριτζίᾳ</em></span> <span class='ocrx_word' id='word_1_78' title='bbox 1376 738 1501 785; x_wconf 77' lang='grc' dir='ltr'><em>ἄλλον</em></span> <span class='ocrx_word' id='word_1_79' title='bbox 1518 745 1564 786; x_wconf 79' lang='grc' dir='ltr'>ἐν</span> <span class='ocrx_word' id='word_1_80' title='bbox 1582 746 1639 800; x_wconf 82' lang='grc' dir='ltr'>τῇ</span> <span class='ocrx_word' id='word_1_81' title='bbox 1655 744 1773 801; x_wconf 78' lang='grc' dir='ltr'><em>τρίτῃ</em></span> 
     </span>
     <span class='ocr_line' id='line_1_10' title="bbox 322 802 1773 865; baseline 0.003 -19"><span class='ocrx_word' id='word_1_82' title='bbox 322 804 477 863; x_wconf 73' lang='grc' dir='ltr'><em>γωνίᾳ,</em></span> <span class='ocrx_word' id='word_1_83' title='bbox 510 803 610 853; x_wconf 79' lang='grc' dir='ltr'><em>τούς</em></span> <span class='ocrx_word' id='word_1_84' title='bbox 638 802 797 853; x_wconf 71' lang='grc' dir='ltr'><em>αὕτοὺς</em></span> <span class='ocrx_word' id='word_1_85' title='bbox 842 809 952 860; x_wconf 81' lang='grc' dir='ltr'><em>τρεῖς</em></span> <span class='ocrx_word' id='word_1_86' title='bbox 992 803 1178 860; x_wconf 78' lang='grc' dir='ltr'><em>πύργους</em></span> <span class='ocrx_word' id='word_1_87' title='bbox 1215 805 1272 855; x_wconf 75' lang='grc' dir='ltr'><em>ὥς</em></span> <span class='ocrx_word' id='word_1_88' title='bbox 1299 806 1508 862; x_wconf 80' lang='grc' dir='ltr'><em>ἀντίμαχα</em></span> <span class='ocrx_word' id='word_1_89' title='bbox 1535 807 1610 852; x_wconf 81' lang='grc' dir='ltr'><strong><em>καί</em></strong></span> <span class='ocrx_word' id='word_1_90' title='bbox 1647 808 1773 865; x_wconf 77' lang='grc' dir='ltr'><em>ἄκρο-</em></span> 
     </span>
     <span class='ocr_line' id='line_1_11' title="bbox 322 868 1837 930; baseline 0.003 -17"><span class='ocrx_word' id='word_1_91' title='bbox 322 868 464 919; x_wconf 86' lang='grc' dir='ltr'><em>πόλεις</em></span> <span class='ocrx_word' id='word_1_92' title='bbox 496 871 542 911; x_wconf 75' lang='grc' dir='ltr'><em>ἐκ</em></span> <span class='ocrx_word' id='word_1_93' title='bbox 570 871 651 912; x_wconf 75' lang='grc' dir='ltr'>τῶν</span> <span class='ocrx_word' id='word_1_94' title='bbox 683 870 846 912; x_wconf 75' lang='grc' dir='ltr'><em>οἰκείων</em></span> <span class='ocrx_word' id='word_1_95' title='bbox 887 870 1199 923; x_wconf 84' lang='grc' dir='ltr'><em>α’ναλωμάτων·</em></span> <span class='ocrx_word' id='word_1_96' title='bbox 1267 870 1313 914; x_wconf 84' lang='grc' dir='ltr'>τὸ</span> <span class='ocrx_word' id='word_1_97' title='bbox 1345 874 1391 914; x_wconf 78' lang='grc' dir='ltr'>δὲ</span> <span class='ocrx_word' id='word_1_98' title='bbox 1418 879 1555 928; x_wconf 84' lang='grc' dir='ltr'><em>τεῖχος</em></span> <span class='ocrx_word' id='word_1_99' title='bbox 1596 876 1670 918; x_wconf 82' lang='grc' dir='ltr'><strong><em>καί</em></strong></span> <span class='ocrx_word' id='word_1_100' title='bbox 1695 873 1773 930; x_wconf 80' lang='grc' dir='ltr'>τὴν</span> <span class='ocrx_word' id='word_1_101' title='bbox 1790 891 1837 918; x_wconf 87' lang='grc' dir='ltr'>ιο</span> 
     </span>
     <span class='ocr_line' id='line_1_12' title="bbox 321 931 1774 994; baseline 0.003 -16"><span class='ocrx_word' id='word_1_102' title='bbox 321 933 467 991; x_wconf 71' lang='grc' dir='ltr'><em>ἑτέραν</em></span> <span class='ocrx_word' id='word_1_103' title='bbox 504 931 634 990; x_wconf 73' lang='grc' dir='ltr'><em>ἄλλην</em></span> <span class='ocrx_word' id='word_1_104' title='bbox 674 936 753 977; x_wconf 82' lang='grc' dir='ltr'>τοῦ</span> <span class='ocrx_word' id='word_1_105' title='bbox 798 935 985 991; x_wconf 79' lang='grc' dir='ltr'><em>κάστρου</em></span> <span class='ocrx_word' id='word_1_106' title='bbox 1017 936 1240 992; x_wconf 78' lang='grc' dir='ltr'><em>οἰκοδομὴν</em></span> <span class='ocrx_word' id='word_1_107' title='bbox 1271 937 1401 987; x_wconf 77' lang='grc' dir='ltr'><em>αὖτὸς</em></span> <span class='ocrx_word' id='word_1_108' title='bbox 1432 935 1454 980; x_wconf 82' lang='grc' dir='ltr'>ὅ</span> <span class='ocrx_word' id='word_1_109' title='bbox 1482 937 1648 994; x_wconf 71' lang='grc' dir='ltr'><em>ἡγεμών</em></span> <span class='ocrx_word' id='word_1_110' title='bbox 1676 940 1774 983; x_wconf 77' lang='grc' dir='ltr'><em>ἄνε-</em></span> 
     </span>
     <span class='ocr_line' id='line_1_13' title="bbox 319 995 1774 1058; baseline 0.004 -15"><span class='ocrx_word' id='word_1_111' title='bbox 319 998 487 1055; x_wconf 76' lang='grc' dir='ltr'><em>λιίβετο.</em></span> <span class='ocrx_word' id='word_1_112' title='bbox 546 1002 622 1042; x_wconf 82' lang='grc' dir='ltr'><em>καί</em></span> <span class='ocrx_word' id='word_1_113' title='bbox 657 995 710 1056; x_wconf 81' lang='grc' dir='ltr'>ἧν</span> <span class='ocrx_word' id='word_1_114' title='bbox 743 1002 848 1043; x_wconf 84' lang='grc' dir='ltr'>ἰδεῖν</span> <span class='ocrx_word' id='word_1_115' title='bbox 883 1001 1115 1057; x_wconf 85' lang='grc' dir='ltr'><em>συρρέοντα</em></span> <span class='ocrx_word' id='word_1_116' title='bbox 1139 1000 1192 1044; x_wconf 72' lang='grc' dir='ltr'>τά</span> <span class='ocrx_word' id='word_1_117' title='bbox 1221 1000 1361 1058; x_wconf 73' lang='grc' dir='ltr'><em>πλήθη</em></span> <span class='ocrx_word' id='word_1_118' title='bbox 1399 1005 1446 1046; x_wconf 74' lang='grc' dir='ltr'><em>ἐκ</em></span> <span class='ocrx_word' id='word_1_119' title='bbox 1469 1007 1554 1047; x_wconf 72' lang='grc' dir='ltr'>τῶν</span> <span class='ocrx_word' id='word_1_120' title='bbox 1583 1004 1774 1049; x_wconf 74' lang='grc' dir='ltr'><em>ἅπαντα·</em></span> 
     </span>
     <span class='ocr_line' id='line_1_14' title="bbox 317 1063 1769 1126; baseline 0.006 -19"><span class='ocrx_word' id='word_1_121' title='bbox 317 1066 404 1119; x_wconf 79' lang='grc' dir='ltr'>χοῦ</span> <span class='ocrx_word' id='word_1_122' title='bbox 430 1067 505 1121; x_wconf 81' lang='grc' dir='ltr'>τῆς</span> <span class='ocrx_word' id='word_1_123' title='bbox 551 1069 626 1120; x_wconf 79' lang='grc' dir='ltr'>γῆς</span> <span class='ocrx_word' id='word_1_124' title='bbox 665 1067 809 1123; x_wconf 79' lang='grc' dir='ltr'><em>μερῶν</em></span> <span class='ocrx_word' id='word_1_125' title='bbox 840 1065 918 1108; x_wconf 79' lang='grc' dir='ltr'>σὺν</span> <span class='ocrx_word' id='word_1_126' title='bbox 956 1071 1043 1116; x_wconf 81' lang='grc' dir='ltr'><em>τοῖς</em></span> <span class='ocrx_word' id='word_1_127' title='bbox 1082 1068 1253 1109; x_wconf 80' lang='grc' dir='ltr'><em>καδδίσι</em></span> <span class='ocrx_word' id='word_1_128' title='bbox 1290 1063 1418 1124; x_wconf 73' lang='grc' dir='ltr'><em>ἤγουν</em></span> <span class='ocrx_word' id='word_1_129' title='bbox 1457 1074 1544 1120; x_wconf 86' lang='grc' dir='ltr'><em>τοῖς</em></span> <span class='ocrx_word' id='word_1_130' title='bbox 1579 1077 1769 1126; x_wconf 81' lang='grc' dir='ltr'><em>κριταῖς,</em></span> 
     </span>
     <span class='ocr_line' id='line_1_15' title="bbox 321 1128 1776 1190; baseline 0.005 -17"><span class='ocrx_word' id='word_1_131' title='bbox 321 1128 463 1173; x_wconf 76' lang='grc' dir='ltr'><em>ἐπάνω</em></span> <span class='ocrx_word' id='word_1_132' title='bbox 491 1134 720 1187; x_wconf 80' lang='grc' dir='ltr'><em>κεφαλικῆς</em></span> <span class='ocrx_word' id='word_1_133' title='bbox 749 1133 957 1188; x_wconf 85' lang='grc' dir='ltr'><em>τιμωρίας</em></span> <span class='ocrx_word' id='word_1_134' title='bbox 994 1133 1070 1174; x_wconf 80' lang='grc' dir='ltr'>τοῦ</span> <span class='ocrx_word' id='word_1_135' title='bbox 1099 1130 1308 1188; x_wconf 79' lang='grc' dir='ltr'><em>τυράννου</em></span> <span class='ocrx_word' id='word_1_136' title='bbox 1339 1133 1658 1190; x_wconf 78' lang='grc' dir='ltr'><em>προστάξαντος.</em></span> <span class='ocrx_word' id='word_1_137' title='bbox 1700 1136 1776 1181; x_wconf 76' lang='grc' dir='ltr'><em>καὶ</em></span> 
     </span>
     <span class='ocr_line' id='line_1_16' title="bbox 321 1195 1836 1258; baseline 0.005 -20"><span class='ocrx_word' id='word_1_138' title='bbox 321 1196 570 1250; x_wconf 77' lang='grc' dir='ltr'><em>διαμερίσας</em></span> <span class='ocrx_word' id='word_1_139' title='bbox 618 1195 694 1251; x_wconf 75' lang='grc' dir='ltr'>τήν</span> <span class='ocrx_word' id='word_1_140' title='bbox 739 1200 873 1240; x_wconf 87' lang='grc' dir='ltr'><em>κτίσιν</em></span> <span class='ocrx_word' id='word_1_141' title='bbox 913 1195 992 1239; x_wconf 78' lang='grc' dir='ltr'>α’νά</span> <span class='ocrx_word' id='word_1_142' title='bbox 1038 1195 1193 1253; x_wconf 83' lang='grc' dir='ltr'><em>πήχεος</em></span> <span class='ocrx_word' id='word_1_143' title='bbox 1240 1198 1300 1256; x_wconf 71' lang='grc' dir='ltr'>τῷ</span> <span class='ocrx_word' id='word_1_144' title='bbox 1329 1201 1493 1258; x_wconf 80' lang='grc' dir='ltr'><em>τεχνίτῃ</em></span> <span class='ocrx_word' id='word_1_145' title='bbox 1522 1199 1562 1244; x_wconf 81' lang='grc' dir='ltr'>οἱ</span> <span class='ocrx_word' id='word_1_146' title='bbox 1586 1206 1772 1257; x_wconf 76' lang='grc' dir='ltr'><em>τεχνῖται</em></span> <span class='ocrx_word' id='word_1_147' title='bbox 1788 1203 1836 1245; x_wconf 83' lang='lat'>15</span> 
     </span>
     <span class='ocr_line' id='line_1_17' title="bbox 320 1260 1770 1321; baseline 0.006 -19"><span class='ocrx_word' id='word_1_148' title='bbox 320 1260 380 1311; x_wconf 77' lang='grc' dir='ltr'><em>ὥς</em></span> <span class='ocrx_word' id='word_1_149' title='bbox 407 1264 548 1315; x_wconf 84' lang='grc' dir='ltr'><em>χίλιοι,</em></span> <span class='ocrx_word' id='word_1_150' title='bbox 581 1261 654 1304; x_wconf 82' lang='grc' dir='ltr'><em>καί</em></span> <span class='ocrx_word' id='word_1_151' title='bbox 683 1264 728 1304; x_wconf 81' lang='grc' dir='ltr'>ἑν</span> <span class='ocrx_word' id='word_1_152' title='bbox 755 1260 912 1320; x_wconf 73' lang='grc' dir='ltr'><em>ἑκάστῳ</em></span> <span class='ocrx_word' id='word_1_153' title='bbox 946 1265 1109 1320; x_wconf 84' lang='grc' dir='ltr'><em>τεχνίτῃ</em></span> <span class='ocrx_word' id='word_1_154' title='bbox 1139 1263 1348 1318; x_wconf 74' lang='grc' dir='ltr'><em>ὑπουργοὶ</em></span> <span class='ocrx_word' id='word_1_155' title='bbox 1369 1264 1445 1306; x_wconf 76' lang='grc' dir='ltr'>δύο</span> <span class='ocrx_word' id='word_1_156' title='bbox 1479 1265 1601 1320; x_wconf 74' lang='grc' dir='ltr'><em>ἐγγυς</em></span> <span class='ocrx_word' id='word_1_157' title='bbox 1625 1260 1770 1321; x_wconf 34' lang='grc' dir='ltr'><em>αὐτοῦ’,</em></span> 
     </span>
     <span class='ocr_line' id='line_1_18' title="bbox 282 1323 1775 1387; baseline 0.005 -19"><span class='ocrx_word' id='word_1_158' title='bbox 282 1323 478 1377; x_wconf 78' lang='grc' dir='ltr'><em>Βὲξωθεν</em></span> <span class='ocrx_word' id='word_1_159' title='bbox 519 1330 595 1369; x_wconf 87' lang='grc' dir='ltr'>τοῦ</span> <span class='ocrx_word' id='word_1_160' title='bbox 633 1329 801 1380; x_wconf 86' lang='grc' dir='ltr'><em>τείχους</em></span> <span class='ocrx_word' id='word_1_161' title='bbox 820 1359 833 1381; x_wconf 85' lang='lat'>‚</span> <span class='ocrx_word' id='word_1_162' title='bbox 857 1329 932 1369; x_wconf 82' lang='grc' dir='ltr'><em>καί</em></span> <span class='ocrx_word' id='word_1_163' title='bbox 956 1325 1117 1370; x_wconf 76' lang='grc' dir='ltr'><em>ἔσωθεν</em></span> <span class='ocrx_word' id='word_1_164' title='bbox 1163 1330 1295 1384; x_wconf 75' lang='grc' dir='ltr'><em>ἕτεροι</em></span> <span class='ocrx_word' id='word_1_165' title='bbox 1320 1331 1508 1372; x_wconf 73' lang='grc' dir='ltr'><em>τοσοῦτοι</em></span> <span class='ocrx_word' id='word_1_166' title='bbox 1535 1330 1610 1374; x_wconf 81' lang='grc' dir='ltr'><em>καί</em></span> <span class='ocrx_word' id='word_1_167' title='bbox 1635 1338 1775 1387; x_wconf 67' lang='grc' dir='ltr'><em>τεχνῖ-,</em></span> 
     </span>
     <span class='ocr_line' id='line_1_19' title="bbox 318 1391 1771 1452; baseline 0.005 -18"><span class='ocrx_word' id='word_1_168' title='bbox 318 1408 392 1436; x_wconf 86' lang='grc' dir='ltr'>ται</span> <span class='ocrx_word' id='word_1_169' title='bbox 422 1394 495 1434; x_wconf 85' lang='grc' dir='ltr'><em>καί</em></span> <span class='ocrx_word' id='word_1_170' title='bbox 520 1392 740 1449; x_wconf 76' lang='grc' dir='ltr'><em>ὑπουργοί.</em></span> <span class='ocrx_word' id='word_1_171' title='bbox 799 1392 838 1436; x_wconf 87' lang='grc' dir='ltr'>οἱ</span> <span class='ocrx_word' id='word_1_172' title='bbox 866 1394 912 1436; x_wconf 83' lang='grc' dir='ltr'>δὲ</span> <span class='ocrx_word' id='word_1_173' title='bbox 937 1392 1168 1447; x_wconf 85' lang='grc' dir='ltr'><em>κομίζοντες</em></span> <span class='ocrx_word' id='word_1_174' title='bbox 1194 1395 1367 1450; x_wconf 84' lang='grc' dir='ltr'><em>πέτρας,</em></span> <span class='ocrx_word' id='word_1_175' title='bbox 1398 1391 1623 1452; x_wconf 75' lang='grc' dir='ltr'><em>ἄσβεστον,</em></span> <span class='ocrx_word' id='word_1_176' title='bbox 1651 1398 1771 1442; x_wconf 87' lang='grc' dir='ltr'><em>πλίν-</em></span> 
     </span>
     <span class='ocr_line' id='line_1_20' title="bbox 318 1454 1805 1516; baseline 0.005 -18"><span class='ocrx_word' id='word_1_177' title='bbox 318 1461 428 1507; x_wconf 75' lang='grc' dir='ltr'><em>θους</em></span> <span class='ocrx_word' id='word_1_178' title='bbox 466 1454 618 1508; x_wconf 74' lang='grc' dir='ltr'><em>ὀπτούς</em></span> <span class='ocrx_word' id='word_1_179' title='bbox 661 1459 769 1515; x_wconf 80' lang='grc' dir='ltr'><em>ὖπὲρ</em></span> <span class='ocrx_word' id='word_1_180' title='bbox 809 1458 1006 1513; x_wconf 73' lang='grc' dir='ltr'><em>ἀριθμόν.</em></span> <span class='ocrx_word' id='word_1_181' title='bbox 1075 1462 1149 1502; x_wconf 82' lang='grc' dir='ltr'>καί</span> <span class='ocrx_word' id='word_1_182' title='bbox 1177 1456 1302 1503; x_wconf 65' lang='lat' dir='ltr'>ami-coc*</span> <span class='ocrx_word' id='word_1_183' title='bbox 1324 1460 1363 1503; x_wconf 85' lang='grc' dir='ltr'>οἱ</span> <span class='ocrx_word' id='word_1_184' title='bbox 1389 1464 1632 1516; x_wconf 76' lang='grc' dir='ltr'><em>μεγιστᾶνες</em></span> <span class='ocrx_word' id='word_1_185' title='bbox 1659 1462 1767 1506; x_wconf 75' lang='grc' dir='ltr'><em>κατὰ</em></span> <span class='ocrx_word' id='word_1_186' title='bbox 1799 1465 1805 1470; x_wconf 85' lang='grc'>’</span> 
     </span>
     <span class='ocr_line' id='line_1_21' title="bbox 319 1522 1834 1584; baseline 0.005 -20"><span class='ocrx_word' id='word_1_187' title='bbox 319 1522 468 1579; x_wconf 81' lang='grc' dir='ltr'><em>καιρὸν</em></span> <span class='ocrx_word' id='word_1_188' title='bbox 491 1523 747 1579; x_wconf 79' lang='grc' dir='ltr'><em>ὑπούργουν,</em></span> <span class='ocrx_word' id='word_1_189' title='bbox 777 1525 851 1567; x_wconf 81' lang='grc' dir='ltr'>καί</span> <span class='ocrx_word' id='word_1_190' title='bbox 877 1525 1033 1580; x_wconf 87' lang='grc' dir='ltr'><em>πέτρας</em></span> <span class='ocrx_word' id='word_1_191' title='bbox 1061 1526 1136 1567; x_wconf 81' lang='grc' dir='ltr'><em>καί</em></span> <span class='ocrx_word' id='word_1_192' title='bbox 1161 1522 1365 1580; x_wconf 74' lang='grc' dir='ltr'><em>ἄσβεστον</em></span> <span class='ocrx_word' id='word_1_193' title='bbox 1393 1529 1559 1570; x_wconf 79' lang='grc' dir='ltr'><em>ἐδίδουν</em></span> <span class='ocrx_word' id='word_1_194' title='bbox 1588 1527 1766 1584; x_wconf 71' lang='grc' dir='ltr'><em>δρῶντες</em></span> <span class='ocrx_word' id='word_1_195' title='bbox 1781 1546 1834 1573; x_wconf 73' lang='lat' dir='ltr'>ao</span> 
     </span>
     <span class='ocr_line' id='line_1_22' title="bbox 318 1587 1769 1650; baseline 0.004 -19"><span class='ocrx_word' id='word_1_196' title='bbox 318 1587 395 1644; x_wconf 79' lang='grc' dir='ltr'>τήν</span> <span class='ocrx_word' id='word_1_197' title='bbox 416 1591 496 1630; x_wconf 78' lang='grc' dir='ltr'>τοῦ</span> <span class='ocrx_word' id='word_1_198' title='bbox 525 1588 734 1646; x_wconf 81' lang='grc' dir='ltr'><em>τυράννου</em></span> <span class='ocrx_word' id='word_1_199' title='bbox 766 1587 971 1644; x_wconf 72' lang='grc' dir='ltr'><em>ὠμότητα.</em></span> <span class='ocrx_word' id='word_1_200' title='bbox 1027 1589 1105 1645; x_wconf 80' lang='grc' dir='ltr'>τήν</span> <span class='ocrx_word' id='word_1_201' title='bbox 1132 1591 1180 1633; x_wconf 80' lang='grc' dir='ltr'>δὲ</span> <span class='ocrx_word' id='word_1_202' title='bbox 1203 1591 1498 1649; x_wconf 74' lang='grc' dir='ltr'><em>παρακομιδὴν</em></span> <span class='ocrx_word' id='word_1_203' title='bbox 1525 1595 1599 1636; x_wconf 82' lang='grc' dir='ltr'>καί</span> <span class='ocrx_word' id='word_1_204' title='bbox 1625 1597 1672 1637; x_wconf 83' lang='grc' dir='ltr'><em>ἐκ</em></span> <span class='ocrx_word' id='word_1_205' title='bbox 1697 1597 1769 1650; x_wconf 81' lang='grc' dir='ltr'>τῆς</span> 
     </span>
     <span class='ocr_line' id='line_1_23' title="bbox 320 1653 1768 1713; baseline 0.005 -18"><span class='ocrx_word' id='word_1_206' title='bbox 320 1658 499 1709; x_wconf 88' lang='grc' dir='ltr'><em>περαίας</em></span> <span class='ocrx_word' id='word_1_207' title='bbox 539 1657 612 1697; x_wconf 87' lang='grc' dir='ltr'><strong><em>καί</em></strong></span> <span class='ocrx_word' id='word_1_208' title='bbox 641 1653 747 1710; x_wconf 74' lang='grc' dir='ltr'><em>πρὸς</em></span> <span class='ocrx_word' id='word_1_209' title='bbox 791 1654 835 1697; x_wconf 89' lang='grc' dir='ltr'>τὸ</span> <span class='ocrx_word' id='word_1_210' title='bbox 860 1656 1097 1707; x_wconf 75' lang='grc' dir='ltr'><em>Βυζάντιον</em></span> <span class='ocrx_word' id='word_1_211' title='bbox 1122 1653 1290 1700; x_wconf 76' lang='grc' dir='ltr'><em>ἅπασαν</em></span> <span class='ocrx_word' id='word_1_212' title='bbox 1314 1657 1431 1713; x_wconf 76' lang='grc' dir='ltr'><em>παρὰ</em></span> <span class='ocrx_word' id='word_1_213' title='bbox 1464 1661 1548 1701; x_wconf 76' lang='grc' dir='ltr'>τῶν</span> <span class='ocrx_word' id='word_1_214' title='bbox 1571 1661 1768 1712; x_wconf 77' lang='grc' dir='ltr'><em>ἐρειπίων</em></span> 
     </span>
     <span class='ocr_line' id='line_1_24' title="bbox 322 1718 1767 1778; baseline 0.004 -18"><span class='ocrx_word' id='word_1_215' title='bbox 322 1721 403 1762; x_wconf 75' lang='grc' dir='ltr'>τῶν</span> <span class='ocrx_word' id='word_1_216' title='bbox 430 1723 630 1773; x_wconf 86' lang='grc' dir='ltr'><em>κειμένων</em></span> <span class='ocrx_word' id='word_1_217' title='bbox 660 1722 744 1763; x_wconf 70' lang='grc' dir='ltr'><em>ταῖν</em></span> <span class='ocrx_word' id='word_1_218' title='bbox 772 1736 868 1763; x_wconf 88' lang='grc' dir='ltr'><em>ποτε</em></span> <span class='ocrx_word' id='word_1_219' title='bbox 896 1718 1088 1775; x_wconf 79' lang='grc' dir='ltr'><em>μεγάλων</em></span> <span class='ocrx_word' id='word_1_220' title='bbox 1123 1720 1405 1778; x_wconf 75' lang='grc' dir='ltr'><em>ἀναθημάτων</em></span> <span class='ocrx_word' id='word_1_221' title='bbox 1430 1722 1690 1778; x_wconf 79' lang='grc' dir='ltr'><em>ἐλάμβανον·</em></span> <span class='ocrx_word' id='word_1_222' title='bbox 1722 1727 1767 1776; x_wconf 79' lang='grc' dir='ltr'>ἐξ</span> 
     </span>
     <span class='ocr_line' id='line_1_25' title="bbox 325 1780 1764 1846; baseline 0.003 -19"><span class='ocrx_word' id='word_1_223' title='bbox 325 1780 384 1827; x_wconf 76' lang='grc' dir='ltr'>ὧν</span> <span class='ocrx_word' id='word_1_224' title='bbox 426 1788 509 1828; x_wconf 87' lang='grc' dir='ltr'><em>καί.</em></span> <span class='ocrx_word' id='word_1_225' title='bbox 521 1803 637 1836; x_wconf 87' lang='grc' dir='ltr'><em>τινας</em></span> <span class='ocrx_word' id='word_1_226' title='bbox 673 1786 812 1837; x_wconf 86' lang='grc' dir='ltr'><em>κίονας</em></span> <span class='ocrx_word' id='word_1_227' title='bbox 853 1788 1204 1841; x_wconf 88' lang='grc' dir='ltr'><em>μετακομίσαντες</em></span> <span class='ocrx_word' id='word_1_228' title='bbox 1245 1785 1327 1831; x_wconf 73' lang='lat' dir='ltr'>nimi</span> <span class='ocrx_word' id='word_1_229' title='bbox 1366 1790 1447 1832; x_wconf 77' lang='grc' dir='ltr'>τῶν</span> <span class='ocrx_word' id='word_1_230' title='bbox 1470 1790 1663 1846; x_wconf 79' lang='grc' dir='ltr'><em>ἐρειπίων</em></span> <span class='ocrx_word' id='word_1_231' title='bbox 1690 1806 1764 1833; x_wconf 90' lang='grc' dir='ltr'>του</span> 
     </span>
    </p>
   </div>
   <div class='ocr_carea' id='block_1_3' title="bbox 326 1938 1769 2778">
    <p class='ocr_par' dir='ltr' id='par_1_3' title="bbox 326 1938 1769 2778">
     <span class='ocr_line' id='line_1_26' title="bbox 326 1938 1767 1984; baseline 0.003 -14"><span class='ocrx_word' id='word_1_232' title='bbox 326 1948 460 1971; x_wconf 90' lang='lat' dir='ltr'>nomen</span> <span class='ocrx_word' id='word_1_233' title='bbox 474 1938 600 1983; x_wconf 85' lang='lat' dir='ltr'>capitis</span> <span class='ocrx_word' id='word_1_234' title='bbox 622 1942 884 1983; x_wconf 83' lang='lat' dir='ltr'>amputatorem</span> <span class='ocrx_word' id='word_1_235' title='bbox 907 1938 1094 1984; x_wconf 77' lang='lat' dir='ltr'>significat.</span> <span class='ocrx_word' id='word_1_236' title='bbox 1122 1938 1338 1972; x_wconf 80' lang='lat' dir='ltr'>aedificandi</span> <span class='ocrx_word' id='word_1_237' title='bbox 1353 1939 1459 1972; x_wconf 81' lang='lat' dir='ltr'><strong>castri</strong></span> <span class='ocrx_word' id='word_1_238' title='bbox 1479 1940 1601 1973; x_wconf 86' lang='lat' dir='ltr'>munia</span> <span class='ocrx_word' id='word_1_239' title='bbox 1617 1941 1692 1974; x_wconf 75' lang='lat' dir='ltr'>suis</span> <span class='ocrx_word' id='word_1_240' title='bbox 1714 1941 1767 1975; x_wconf 84' lang='lat' dir='ltr'>ita</span> 
     </span>
     <span class='ocr_line' id='line_1_27' title="bbox 329 1985 1768 2030; baseline 0.003 -13"><span class='ocrx_word' id='word_1_241' title='bbox 329 1985 526 2018; x_wconf 84' lang='lat' dir='ltr'>distribuit.</span> <span class='ocrx_word' id='word_1_242' title='bbox 553 1985 666 2017; x_wconf 87' lang='lat' dir='ltr'>Halili</span> <span class='ocrx_word' id='word_1_243' title='bbox 689 1986 817 2018; x_wconf 85' lang='lat' dir='ltr'>Bassae</span> <span class='ocrx_word' id='word_1_244' title='bbox 838 1986 990 2019; x_wconf 88' lang='lat' dir='ltr'>alterum</span> <span class='ocrx_word' id='word_1_245' title='bbox 1007 1986 1114 2019; x_wconf 83' lang='lat' dir='ltr'>castri</span> <span class='ocrx_word' id='word_1_246' title='bbox 1131 1986 1299 2030; x_wconf 86' lang='lat' dir='ltr'>angulum</span> <span class='ocrx_word' id='word_1_247' title='bbox 1324 1986 1414 2018; x_wconf 88' lang='lat' dir='ltr'>mari</span> <span class='ocrx_word' id='word_1_248' title='bbox 1432 1986 1655 2020; x_wconf 83' lang='lat' dir='ltr'>adiacentem</span> <span class='ocrx_word' id='word_1_249' title='bbox 1670 1999 1768 2021; x_wconf 87' lang='lat' dir='ltr'>com-</span> 
     </span>
     <span class='ocr_line' id='line_1_28' title="bbox 328 2032 1766 2078; baseline 0.003 -15"><span class='ocrx_word' id='word_1_250' title='bbox 328 2032 447 2072; x_wconf 80' lang='lat' dir='ltr'><strong>misit,</strong></span> <span class='ocrx_word' id='word_1_251' title='bbox 478 2037 520 2064; x_wconf 82' lang='lat' dir='ltr'>ut</span> <span class='ocrx_word' id='word_1_252' title='bbox 551 2037 685 2064; x_wconf 80' lang='lat' dir='ltr'>turrem</span> <span class='ocrx_word' id='word_1_253' title='bbox 719 2032 976 2076; x_wconf 82' lang='lat' dir='ltr'>praegrandem</span> <span class='ocrx_word' id='word_1_254' title='bbox 1016 2033 1088 2065; x_wconf 86' lang='lat' dir='ltr'>arci</span> <span class='ocrx_word' id='word_1_255' title='bbox 1118 2033 1240 2065; x_wconf 80' lang='lat' dir='ltr'>firmae</span> <span class='ocrx_word' id='word_1_256' title='bbox 1265 2045 1305 2065; x_wconf 87' lang='lat' dir='ltr'>ac</span> <span class='ocrx_word' id='word_1_257' title='bbox 1327 2032 1468 2066; x_wconf 76' lang='lat' dir='ltr'>validae</span> <span class='ocrx_word' id='word_1_258' title='bbox 1492 2045 1614 2078; x_wconf 83' lang='lat' dir='ltr'>parem</span> <span class='ocrx_word' id='word_1_259' title='bbox 1637 2034 1676 2068; x_wconf 89' lang='lat' dir='ltr'>in</span> <span class='ocrx_word' id='word_1_260' title='bbox 1699 2035 1766 2068; x_wconf 87' lang='lat' dir='ltr'>illo</span> 
     </span>
     <span class='ocr_line' id='line_1_29' title="bbox 329 2077 1769 2126; baseline 0.003 -17"><span class='ocrx_word' id='word_1_261' title='bbox 329 2079 459 2122; x_wconf 84' lang='lat' dir='ltr'>angulo</span> <span class='ocrx_word' id='word_1_262' title='bbox 502 2077 718 2111; x_wconf 84' lang='lat' dir='ltr'>aedificaret.</span> <span class='ocrx_word' id='word_1_263' title='bbox 776 2080 951 2123; x_wconf 83' lang='lat' dir='ltr'>Zaganum</span> <span class='ocrx_word' id='word_1_264' title='bbox 980 2080 1110 2124; x_wconf 80' lang='lat' dir='ltr'>angulo</span> <span class='ocrx_word' id='word_1_265' title='bbox 1146 2080 1390 2112; x_wconf 87' lang='lat' dir='ltr'>continentem</span> <span class='ocrx_word' id='word_1_266' title='bbox 1415 2081 1591 2124; x_wconf 81' lang='lat' dir='ltr'>spectanti</span> <span class='ocrx_word' id='word_1_267' title='bbox 1613 2091 1769 2126; x_wconf 83' lang='lat' dir='ltr'>praepo-</span> 
     </span>
     <span class='ocr_line' id='line_1_30' title="bbox 330 2124 1766 2170; baseline 0.003 -14"><span class='ocrx_word' id='word_1_268' title='bbox 330 2125 424 2164; x_wconf 80' lang='lat' dir='ltr'>suit,</span> <span class='ocrx_word' id='word_1_269' title='bbox 461 2124 507 2156; x_wconf 89' lang='lat' dir='ltr'>ad</span> <span class='ocrx_word' id='word_1_270' title='bbox 539 2125 666 2157; x_wconf 86' lang='lat' dir='ltr'>turrim</span> <span class='ocrx_word' id='word_1_271' title='bbox 698 2136 844 2170; x_wconf 88' lang='lat' dir='ltr'>quoque</span> <span class='ocrx_word' id='word_1_272' title='bbox 886 2126 995 2159; x_wconf 88' lang='lat' dir='ltr'>altam</span> <span class='ocrx_word' id='word_1_273' title='bbox 1031 2126 1084 2159; x_wconf 89' lang='lat' dir='ltr'>ibi</span> <span class='ocrx_word' id='word_1_274' title='bbox 1108 2126 1394 2159; x_wconf 82' lang='lat' dir='ltr'>construendam.</span> <span class='ocrx_word' id='word_1_275' title='bbox 1444 2127 1599 2160; x_wconf 83' lang='lat' dir='ltr'>Sariciae</span> <span class='ocrx_word' id='word_1_276' title='bbox 1623 2128 1766 2161; x_wconf 78' lang='lat' dir='ltr'>tertiam</span> 
     </span>
     <span class='ocr_line' id='line_1_31' title="bbox 329 2171 1766 2217; baseline 0.003 -14"><span class='ocrx_word' id='word_1_277' title='bbox 329 2172 456 2204; x_wconf 85' lang='lat' dir='ltr'>turrim</span> <span class='ocrx_word' id='word_1_278' title='bbox 482 2171 520 2203; x_wconf 89' lang='lat' dir='ltr'>in</span> <span class='ocrx_word' id='word_1_279' title='bbox 546 2172 656 2204; x_wconf 85' lang='lat' dir='ltr'>tertio</span> <span class='ocrx_word' id='word_1_280' title='bbox 683 2173 813 2216; x_wconf 83' lang='lat' dir='ltr'>angulo</span> <span class='ocrx_word' id='word_1_281' title='bbox 841 2172 1045 2217; x_wconf 85' lang='lat' dir='ltr'>erigendam</span> <span class='ocrx_word' id='word_1_282' title='bbox 1069 2173 1270 2215; x_wconf 79' lang='lat' dir='ltr'>mandavit3</span> <span class='ocrx_word' id='word_1_283' title='bbox 1303 2173 1439 2217; x_wconf 87' lang='lat' dir='ltr'>illaque</span> <span class='ocrx_word' id='word_1_284' title='bbox 1474 2174 1625 2206; x_wconf 88' lang='lat' dir='ltr'>turrium</span> <span class='ocrx_word' id='word_1_285' title='bbox 1656 2174 1766 2214; x_wconf 85' lang='lat' dir='ltr'>trias,</span> 
     </span>
     <span class='ocr_line' id='line_1_32' title="bbox 332 2217 1767 2264; baseline 0.002 -15"><span class='ocrx_word' id='word_1_286' title='bbox 332 2229 426 2261; x_wconf 84' lang='lat' dir='ltr'>quae</span> <span class='ocrx_word' id='word_1_287' title='bbox 451 2217 602 2250; x_wconf 86' lang='lat' dir='ltr'>totidem</span> <span class='ocrx_word' id='word_1_288' title='bbox 626 2220 896 2263; x_wconf 84' lang='lat' dir='ltr'>propugnacula</span> <span class='ocrx_word' id='word_1_289' title='bbox 922 2226 957 2252; x_wconf 87' lang='lat' dir='ltr'>et</span> <span class='ocrx_word' id='word_1_290' title='bbox 980 2231 1076 2252; x_wconf 89' lang='lat' dir='ltr'>arces</span> <span class='ocrx_word' id='word_1_291' title='bbox 1103 2225 1214 2260; x_wconf 86' lang='lat' dir='ltr'>erant,</span> <span class='ocrx_word' id='word_1_292' title='bbox 1240 2231 1384 2252; x_wconf 84' lang='lat' dir='ltr'>suorum</span> <span class='ocrx_word' id='word_1_293' title='bbox 1414 2219 1584 2264; x_wconf 83' lang='lat' dir='ltr'>impensis</span> <span class='ocrx_word' id='word_1_294' title='bbox 1609 2219 1767 2254; x_wconf 81' lang='lat' dir='ltr'>absolvi·-</span> 
     </span>
     <span class='ocr_line' id='line_1_33' title="bbox 330 2266 1766 2312; baseline 0.002 -15"><span class='ocrx_word' id='word_1_295' title='bbox 330 2270 398 2297; x_wconf 77' lang='lat' dir='ltr'>tur.</span> <span class='ocrx_word' id='word_1_296' title='bbox 424 2270 604 2297; x_wconf 85' lang='lat' dir='ltr'>caeterum</span> <span class='ocrx_word' id='word_1_297' title='bbox 628 2266 810 2298; x_wconf 81' lang='lat' dir='ltr'>moenium</span> <span class='ocrx_word' id='word_1_298' title='bbox 835 2272 870 2299; x_wconf 87' lang='lat' dir='ltr'>et</span> <span class='ocrx_word' id='word_1_299' title='bbox 887 2266 1038 2299; x_wconf 85' lang='lat' dir='ltr'>aliarum</span> <span class='ocrx_word' id='word_1_300' title='bbox 1051 2266 1156 2299; x_wconf 82' lang='lat' dir='ltr'>castri</span> <span class='ocrx_word' id='word_1_301' title='bbox 1170 2266 1326 2310; x_wconf 79' lang='lat' dir='ltr'>partium</span> <span class='ocrx_word' id='word_1_302' title='bbox 1343 2277 1461 2298; x_wconf 87' lang='lat' dir='ltr'>curam</span> <span class='ocrx_word' id='word_1_303' title='bbox 1476 2266 1514 2298; x_wconf 89' lang='lat' dir='ltr'>in</span> <span class='ocrx_word' id='word_1_304' title='bbox 1538 2277 1576 2298; x_wconf 88' lang='lat' dir='ltr'>se</span> <span class='ocrx_word' id='word_1_305' title='bbox 1599 2267 1766 2312; x_wconf 87' lang='lat' dir='ltr'>princeps</span> 
     </span>
     <span class='ocr_line' id='line_1_34' title="bbox 331 2312 1765 2357; baseline 0.003 -15"><span class='ocrx_word' id='word_1_306' title='bbox 331 2312 476 2355; x_wconf 87' lang='lat' dir='ltr'>recepit.</span> <span class='ocrx_word' id='word_1_307' title='bbox 504 2322 648 2344; x_wconf 88' lang='lat' dir='ltr'>cernere</span> <span class='ocrx_word' id='word_1_308' title='bbox 667 2318 743 2344; x_wconf 86' lang='lat' dir='ltr'>erat</span> <span class='ocrx_word' id='word_1_309' title='bbox 758 2313 1030 2346; x_wconf 86' lang='lat' dir='ltr'>multitudinem</span> <span class='ocrx_word' id='word_1_310' title='bbox 1048 2323 1092 2345; x_wconf 83' lang='lat' dir='ltr'>ex</span> <span class='ocrx_word' id='word_1_311' title='bbox 1115 2312 1281 2345; x_wconf 89' lang='lat' dir='ltr'>omnibus</span> <span class='ocrx_word' id='word_1_312' title='bbox 1298 2312 1460 2357; x_wconf 81' lang='lat' dir='ltr'>partibus</span> <span class='ocrx_word' id='word_1_313' title='bbox 1483 2318 1765 2355; x_wconf 79' lang='lat' dir='ltr'>concurrentem,</span> 
     </span>
     <span class='ocr_line' id='line_1_35' title="bbox 330 2357 1765 2406; baseline 0.003 -18"><span class='ocrx_word' id='word_1_314' title='bbox 330 2368 439 2401; x_wconf 85' lang='lat' dir='ltr'>qnam</span> <span class='ocrx_word' id='word_1_315' title='bbox 465 2357 585 2390; x_wconf 83' lang='lat' dir='ltr'>Cadisi</span> <span class='ocrx_word' id='word_1_316' title='bbox 610 2358 663 2403; x_wconf 91' lang='lat' dir='ltr'>(id</span> <span class='ocrx_word' id='word_1_317' title='bbox 690 2364 744 2391; x_wconf 86' lang='lat' dir='ltr'>est</span> <span class='ocrx_word' id='word_1_318' title='bbox 777 2359 930 2406; x_wconf 78' lang='lat' dir='ltr'>iudices)</span> <span class='ocrx_word' id='word_1_319' title='bbox 955 2359 1042 2393; x_wconf 86' lang='lat' dir='ltr'>iussi</span> <span class='ocrx_word' id='word_1_320' title='bbox 1064 2358 1314 2392; x_wconf 75' lang='lat' dir='ltr'>adducebant:</span> <span class='ocrx_word' id='word_1_321' title='bbox 1340 2359 1466 2403; x_wconf 88' lang='lat' dir='ltr'>capitis</span> <span class='ocrx_word' id='word_1_322' title='bbox 1491 2359 1625 2404; x_wconf 87' lang='lat' dir='ltr'>quippe</span> <span class='ocrx_word' id='word_1_323' title='bbox 1647 2370 1765 2404; x_wconf 82' lang='lat' dir='ltr'>poena</span> 
     </span>
     <span class='ocr_line' id='line_1_36' title="bbox 328 2404 1764 2450; baseline 0.003 -15"><span class='ocrx_word' id='word_1_324' title='bbox 328 2404 519 2448; x_wconf 86' lang='lat' dir='ltr'>imperium</span> <span class='ocrx_word' id='word_1_325' title='bbox 556 2404 840 2439; x_wconf 84' lang='lat' dir='ltr'>detrectantibus</span> <span class='ocrx_word' id='word_1_326' title='bbox 884 2418 904 2438; x_wconf 82' lang='lat' dir='ltr'>a</span> <span class='ocrx_word' id='word_1_327' title='bbox 932 2412 1083 2450; x_wconf 85' lang='lat' dir='ltr'>tyranno</span> <span class='ocrx_word' id='word_1_328' title='bbox 1107 2405 1244 2438; x_wconf 82' lang='lat' dir='ltr'>indicta</span> <span class='ocrx_word' id='word_1_329' title='bbox 1270 2410 1356 2438; x_wconf 79' lang='lat' dir='ltr'>erat.</span> <span class='ocrx_word' id='word_1_330' title='bbox 1380 2406 1411 2438; x_wconf 83' lang='lat' dir='ltr'>is</span> <span class='ocrx_word' id='word_1_331' title='bbox 1439 2406 1636 2450; x_wconf 88' lang='lat' dir='ltr'>unicuique</span> <span class='ocrx_word' id='word_1_332' title='bbox 1662 2406 1764 2439; x_wconf 79' lang='lat' dir='ltr'>fabro</span> 
     </span>
     <span class='ocr_line' id='line_1_37' title="bbox 327 2450 1765 2497; baseline 0.002 -15"><span class='ocrx_word' id='word_1_333' title='bbox 327 2450 486 2494; x_wconf 84' lang='lat' dir='ltr'>singulos</span> <span class='ocrx_word' id='word_1_334' title='bbox 512 2450 674 2492; x_wconf 86' lang='lat' dir='ltr'>cubitos,</span> <span class='ocrx_word' id='word_1_335' title='bbox 708 2453 772 2497; x_wconf 85' lang='lat' dir='ltr'>qui</span> <span class='ocrx_word' id='word_1_336' title='bbox 797 2453 898 2485; x_wconf 88' lang='lat' dir='ltr'>mille</span> <span class='ocrx_word' id='word_1_337' title='bbox 936 2459 1059 2493; x_wconf 86' lang='lat' dir='ltr'>erant,</span> <span class='ocrx_word' id='word_1_338' title='bbox 1083 2452 1296 2496; x_wconf 77' lang='lat' dir='ltr'>assignavit3</span> <span class='ocrx_word' id='word_1_339' title='bbox 1320 2451 1497 2496; x_wconf 84' lang='lat' dir='ltr'>binasque</span> <span class='ocrx_word' id='word_1_340' title='bbox 1518 2462 1642 2497; x_wconf 80' lang='lat' dir='ltr'>operas</span> <span class='ocrx_word' id='word_1_341' title='bbox 1666 2458 1765 2485; x_wconf 80' lang='lat' dir='ltr'>extra</span> 
     </span>
     <span class='ocr_line' id='line_1_38' title="bbox 327 2497 1763 2538; baseline 0.003 -10"><span class='ocrx_word' id='word_1_342' title='bbox 327 2497 433 2530; x_wconf 86' lang='lat' dir='ltr'>castri</span> <span class='ocrx_word' id='word_1_343' title='bbox 459 2497 651 2538; x_wconf 87' lang='lat' dir='ltr'>ambitum,</span> <span class='ocrx_word' id='word_1_344' title='bbox 670 2504 706 2531; x_wconf 91' lang='lat' dir='ltr'>et</span> <span class='ocrx_word' id='word_1_345' title='bbox 723 2499 817 2532; x_wconf 81' lang='lat' dir='ltr'>intra</span> <span class='ocrx_word' id='word_1_346' title='bbox 835 2499 987 2532; x_wconf 80' lang='lat' dir='ltr'>totidem</span> <span class='ocrx_word' id='word_1_347' title='bbox 999 2499 1166 2532; x_wconf 84' lang='lat' dir='ltr'>materias</span> <span class='ocrx_word' id='word_1_348' title='bbox 1182 2498 1293 2531; x_wconf 87' lang='lat' dir='ltr'>fabris</span> <span class='ocrx_word' id='word_1_349' title='bbox 1316 2499 1560 2532; x_wconf 86' lang='lat' dir='ltr'>ministrantes</span> <span class='ocrx_word' id='word_1_350' title='bbox 1587 2499 1763 2533; x_wconf 87' lang='lat' dir='ltr'>attribuit.</span> 
     </span>
     <span class='ocr_line' id='line_1_39' title="bbox 327 2543 1765 2591; baseline 0.003 -16"><span class='ocrx_word' id='word_1_351' title='bbox 327 2543 508 2575; x_wconf 86' lang='lat' dir='ltr'>innumeri</span> <span class='ocrx_word' id='word_1_352' title='bbox 543 2543 716 2585; x_wconf 81' lang='lat' dir='ltr'>aderant,</span> <span class='ocrx_word' id='word_1_353' title='bbox 748 2545 887 2590; x_wconf 86' lang='lat' dir='ltr'>lapides</span> <span class='ocrx_word' id='word_1_354' title='bbox 904 2571 914 2588; x_wconf 88' lang='lat'>,</span> <span class='ocrx_word' id='word_1_355' title='bbox 939 2546 1071 2579; x_wconf 78' lang='lat' dir='ltr'>calcem</span> <span class='ocrx_word' id='word_1_356' title='bbox 1105 2546 1309 2591; x_wconf 81' lang='lat' dir='ltr'>lateresque</span> <span class='ocrx_word' id='word_1_357' title='bbox 1334 2551 1452 2578; x_wconf 85' lang='lat' dir='ltr'>coctos</span> <span class='ocrx_word' id='word_1_358' title='bbox 1475 2551 1671 2590; x_wconf 81' lang='lat' dir='ltr'>portantes.</span> <span class='ocrx_word' id='word_1_359' title='bbox 1694 2546 1765 2590; x_wconf 88' lang='lat' dir='ltr'>ipsi</span> 
     </span>
     <span class='ocr_line' id='line_1_40' title="bbox 328 2590 1765 2637; baseline 0.001 -15"><span class='ocrx_word' id='word_1_360' title='bbox 328 2601 493 2634; x_wconf 81' lang='lat' dir='ltr'>proceres</span> <span class='ocrx_word' id='word_1_361' title='bbox 526 2590 666 2635; x_wconf 88' lang='lat' dir='ltr'>lapides</span> <span class='ocrx_word' id='word_1_362' title='bbox 704 2597 740 2624; x_wconf 88' lang='lat' dir='ltr'>et</span> <span class='ocrx_word' id='word_1_363' title='bbox 776 2593 930 2633; x_wconf 88' lang='lat' dir='ltr'>calcem,</span> <span class='ocrx_word' id='word_1_364' title='bbox 972 2592 1115 2636; x_wconf 79' lang='lat' dir='ltr'>tyranni</span> <span class='ocrx_word' id='word_1_365' title='bbox 1161 2591 1612 2637; x_wconf 80' lang='lat' dir='ltr'>crudelitate&#39;perspecta,</span> <span class='ocrx_word' id='word_1_366' title='bbox 1652 2591 1765 2625; x_wconf 80' lang='lat' dir='ltr'>fabris</span> 
     </span>
     <span class='ocr_line' id='line_1_41' title="bbox 328 2636 1765 2684; baseline 0.003 -17"><span class='ocrx_word' id='word_1_367' title='bbox 328 2636 548 2681; x_wconf 85' lang='lat' dir='ltr'>quandoque</span> <span class='ocrx_word' id='word_1_368' title='bbox 581 2637 844 2672; x_wconf 83' lang='lat' dir='ltr'>ministrabant.</span> <span class='ocrx_word' id='word_1_369' title='bbox 885 2650 1007 2672; x_wconf 87' lang='lat' dir='ltr'>omnes</span> <span class='ocrx_word' id='word_1_370' title='bbox 1045 2650 1151 2684; x_wconf 92' lang='lat' dir='ltr'>porro</span> <span class='ocrx_word' id='word_1_371' title='bbox 1178 2639 1264 2671; x_wconf 85' lang='lat' dir='ltr'>illae</span> <span class='ocrx_word' id='word_1_372' title='bbox 1289 2639 1460 2671; x_wconf 80' lang='lat' dir='ltr'>materiae</span> <span class='ocrx_word' id='word_1_373' title='bbox 1486 2650 1528 2671; x_wconf 84' lang='lat' dir='ltr'>ex</span> <span class='ocrx_word' id='word_1_374' title='bbox 1555 2638 1765 2671; x_wconf 79' lang='lat' dir='ltr'>continente</span> 
     </span>
     <span class='ocr_line' id='line_1_42' title="bbox 327 2683 1764 2728; baseline 0.003 -14"><span class='ocrx_word' id='word_1_375' title='bbox 327 2683 493 2728; x_wconf 82' lang='lat' dir='ltr'>opposita</span> <span class='ocrx_word' id='word_1_376' title='bbox 533 2683 791 2728; x_wconf 77' lang='lat' dir='ltr'>afferebantur3</span> <span class='ocrx_word' id='word_1_377' title='bbox 835 2691 872 2718; x_wconf 87' lang='lat' dir='ltr'>et</span> <span class='ocrx_word' id='word_1_378' title='bbox 906 2696 950 2719; x_wconf 81' lang='lat' dir='ltr'>ex</span> <span class='ocrx_word' id='word_1_379' title='bbox 976 2686 1064 2719; x_wconf 90' lang='lat' dir='ltr'>locis</span> <span class='ocrx_word' id='word_1_380' title='bbox 1098 2685 1267 2728; x_wconf 82' lang='lat' dir='ltr'>Byzantio</span> <span class='ocrx_word' id='word_1_381' title='bbox 1305 2685 1431 2719; x_wconf 89' lang='lat' dir='ltr'>vicinis</span> <span class='ocrx_word' id='word_1_382' title='bbox 1456 2685 1610 2718; x_wconf 85' lang='lat' dir='ltr'>iacentia</span> <span class='ocrx_word' id='word_1_383' title='bbox 1635 2685 1764 2718; x_wconf 80' lang='lat' dir='ltr'>rudera</span> 
     </span>
     <span class='ocr_line' id='line_1_43' title="bbox 327 2729 1764 2778; baseline 0.002 -17"><span class='ocrx_word' id='word_1_384' title='bbox 327 2729 562 2775; x_wconf 73' lang='lat' dir='ltr'>superborum</span> <span class='ocrx_word' id='word_1_385' title='bbox 600 2730 782 2775; x_wconf 84' lang='lat' dir='ltr'>quondam</span> <span class='ocrx_word' id='word_1_386' title='bbox 822 2732 1037 2778; x_wconf 82' lang='lat' dir='ltr'>templorum</span> <span class='ocrx_word' id='word_1_387' title='bbox 1075 2737 1231 2766; x_wconf 78' lang='lat' dir='ltr'>extracta</span> <span class='ocrx_word' id='word_1_388' title='bbox 1269 2732 1307 2766; x_wconf 90' lang='lat' dir='ltr'>in</span> <span class='ocrx_word' id='word_1_389' title='bbox 1338 2731 1378 2765; x_wconf 89' lang='lat' dir='ltr'>id</span> <span class='ocrx_word' id='word_1_390' title='bbox 1410 2743 1499 2777; x_wconf 83' lang='lat' dir='ltr'>opus</span> <span class='ocrx_word' id='word_1_391' title='bbox 1534 2731 1643 2765; x_wconf 86' lang='lat' dir='ltr'>suere.</span> <span class='ocrx_word' id='word_1_392' title='bbox 1669 2732 1764 2765; x_wconf 87' lang='lat' dir='ltr'>inter</span> 
     </span>
    </p>
   </div>
  </div>
 </body>
</html>
