1916 3210
332 138 448 215 478
800 159 982 202 DUCAE
1019 158 1275 202 ms‘romA

329 259 547 301 fendivano
595 257 632 299 13
661 266 776 314 porta
806 259 1012 314 imperiale
1050 260 1199 300 inseme
1227 275 1305 302 con
1337 261 1349 300 i
1377 260 1516 302 Romei
1536 291 1548 313 ,
1579 267 1621 303 et
1644 262 1766 305 ‹ia-tlh

329 323 448 371 porta
474 316 552 355 fine
589 314 626 354 al
659 315 862 368 Chinigo,
906 316 1152 369 largamente
1184 317 1445 371 expendendo
1476 315 1593 368 lisoi
1621 315 1769 369 danari>¹

329 379 369 412 et
396 371 433 410 le
466 371 631 424 proprie
658 369 861 409 facultade
906 384 981 423 per
1005 370 1236 411 defensione
1261 371 1367 412 della
1396 371 1488 411 cita.
1543 371 1593 412 El
1618 372 1764 427 Megass.

249 426 318 472 276
329 426 462 466 dueha
488 439 566 465 con
597 424 864 478 cinquecento
893 432 1039 463 armam
1082 426 1236 466 andava
1263 441 1286 466 a
1314 434 1433 466 torno
1461 426 1499 466 la
1528 427 1630 478 cita,
1661 439 1765 468 eun-

327 480 519 521 fortando
566 479 596 519 li
623 479 821 528 stratioti‚
875 479 1124 519 recensendo
1168 481 1205 520 le
1233 481 1427 536 guardie‚
1453 489 1493 521 et
1522 483 1766 526 recemando

329 536 452 591 quelli
484 535 558 574 che
585 547 792 573 mancava.
847 533 906 574 Et
933 540 1078 587 questo
1099 535 1232 575 faceva
1259 537 1351 590 ogni
1380 551 1524 578 zorno.
1579 537 1631 577 El
1662 536 1763 578 dra-

328 604 431 631 cone
458 603 539 628 non
572 588 803 628 combativa
830 588 867 626 la
897 588 980 628 cita
1021 602 1096 628 con
1127 596 1234 629 tutte
1261 591 1297 630 le
1321 605 1390 631 sue
1416 591 1542 640 for-ze,
1573 597 1771 645 spectum--

326 645 381 685 do
405 645 529 684 l’hora
570 643 789 682 vaticinata
832 642 933 683 dalli
961 643 1020 683 soi
1067 644 1341 688 indivinatori.
1414 647 1483 686 Ma
1508 646 1766 701 l’imperador

327 698 513 741 vedendo
546 697 574 737 li
603 697 708 736 muri
734 687 872 737 caduti
891 712 968 753 per
985 705 1092 739 terra
1112 728 1125 750 ‚
1152 699 1279 739 molto
1305 713 1348 740 se
1375 700 1561 741 eominzb
1590 715 1618 748 a*
1640 714 1766 741 seon-

326 755 491 800 fortan-e,
512 752 658 806 perche
674 759 816 806 questo
843 754 926 793 mai
954 753 1028 807 piu
1053 768 1135 793 non
1156 768 1222 793 era
1249 755 1506 795 intravenuto
1534 756 1601 796 dal
1629 758 1766 810 tempo

324 809 377 848 de
393 808 567 849 secondo
583 807 853 848 Constantino
879 822 960 862 per
987 815 1098 848 tante
1126 808 1300 863 bataglie
1312 811 1593 861 Tartaroeche,
1625 811 1761 850 Persi-

325 864 401 903 che
429 870 469 903 et
490 862 706 902 Arabiche.
763 863 850 903 Pur
870 877 954 903 una
982 863 1095 917 piera
1123 863 1243 904 d'una
1268 863 1371 904 libra
1395 865 1490 905 delli
1517 864 1626 905 muri
1656 865 1763 906 della

326 918 426 958 cittii
452 931 536 956 non
568 931 638 957 era
667 923 821 959 cazuta.
876 918 936 958 Et
960 918 1148 958 vedendo
1176 918 1218 958 lu
1247 919 1424 959 exercito
1446 917 1763 973 gran'denissimo

324 971 604 1013 innuberabile
621 979 660 1012 et
684 978 876 1026 potente,
916 973 1067 1012 mandb
1096 972 1369 1013 ambaxiadori
1395 975 1433 1013 al
1456 981 1647 1029 tyranno,
1669 988 1761 1015 sua-

325 1026 501 1068 dendolo
523 1033 564 1066 et
581 1025 830 1080 pregandolo
853 1026 954 1067 ch’el
986 1025 1176 1080 togliesse
1196 1028 1246 1066 da
1264 1026 1323 1067 lui
1351 1029 1509 1069 tributo
1530 1029 1624 1083 ogni
1652 1042 1767 1070 anno-

325 1089 481 1137 quanto
497 1082 654 1132 volem,
675 1081 824 1120 anchor
840 1095 980 1121 mazor
999 1081 1049 1121 de
1064 1081 1198 1135 quello
1214 1082 1242 1122 li
1262 1084 1420 1136 podeva
1439 1083 1529 1135 dar,
1541 1083 1769 1125 solamente*

325 1137 426 1177 ch'el
465 1151 508 1177 se
535 1136 701 1190 partisse
741 1143 781 1175 et
820 1136 970 1176 facesse
1012 1136 1050 1176 la
1079 1151 1193 1190 pace.
1251 1138 1302 1178 El
1330 1145 1503 1193 tyranno
1531 1146 1770 1180 veramente-

324 1193 483 1246 rispose
501 1191 585 1231 cosi
613 1190 814 1230 dicendoz
845 1205 925 1230 non
958 1191 980 1230 ὲ
1006 1191 1193 1244 possibile
1218 1192 1322 1233 ch’io
1350 1208 1413 1233 me
1439 1200 1569 1248 parta.
1598 1208 1623 1234 ο
1641 1199 1761 1248 pren-

323 1246 425 1287 derb
456 1247 493 1286 la
531 1246 637 1295 cita,
686 1260 711 1284 o
740 1246 777 1285 la
811 1245 889 1285 cita
918 1246 1122 1300 prendera
1151 1261 1216 1287 me
1243 1250 1338 1288 vivo
1369 1263 1394 1288 0
1420 1254 1568 1291 mox-toi
1623 1251 1693 1289 Ma
1718 1263 1763 1290 se

322 1308 368 1341 tu
395 1301 477 1342 voli
507 1301 637 1355 partir
666 1300 716 1339 da
746 1300 1131 1354 Constantinopoli,
1175 1302 1217 1341 io
1247 1309 1288 1342 te
1312 1303 1412 1343 dari)
1441 1303 1697 1357 Peloponeso
1721 1311 1762 1344 et

324 1356 379 1396 ali
406 1355 499 1396 altri
538 1357 596 1395 toi
638 1355 787 1394 fratelli
828 1355 928 1394 darb
974 1355 1078 1395 altre
1106 1358 1339 1410 provintie,
1380 1365 1419 1397 et
1446 1372 1598 1410 seremo
1627 1358 1760 1403 amici.

322 1411 380 1452 Et
408 1425 451 1451 se
479 1425 563 1450 non
593 1424 658 1449 me
689 1409 799 1449 dax-ai
829 1410 866 1448 la
898 1410 1042 1449 intrata
1072 1425 1149 1450 con
1179 1426 1304 1464 pace,
1330 1412 1492 1452 entrerb
1521 1427 1568 1452 co
1597 1413 1636 1452 la
1665 1427 1758 1467 spa..

323 1467 374 1505 da
403 1480 474 1520 per
508 1466 616 1505 forza
643 1464 695 1503 de
719 1464 889 1518 bataglia
913 1494 924 1514 ‚
958 1473 998 1504 et
1026 1467 1119 1504 tutti
1157 1467 1184 1505 li
1211 1467 1268 1505 toi
1299 1467 1442 1506 baroni
1470 1468 1654 1507 amazaro
1682 1482 1758 1508 con

323 1534 412 1561 esso
442 1522 495 1570 ti,
528 1526 569 1559 et
597 1526 704 1559 tutto
732 1519 768 1558 el
798 1518 954 1573 populo
985 1516 1087 1559 dai-b
1120 1520 1159 1559 in
1189 1521 1311 1574 preda
1341 1521 1421 1561 allo
1455 1522 1756 1574 exercitomio,

244 1589 311 1625 277
326 1582 365 1616 et
393 1575 431 1615 la
461 1575 541 1614 cita
582 1588 711 1613 vacua
751 1574 889 1613 tenerb
932 1588 1007 1627 per
1033 1576 1103 1617 mi.
1177 1576 1236 1614 Lo
1276 1576 1509 1629 imperador
1536 1591 1607 1630 per
1633 1578 1758 1617 modo

324 1630 472 1670 nisuno
520 1643 603 1668 non
643 1629 755 1668 volse
782 1636 950 1668 mettere
994 1629 1033 1668 la
1064 1641 1133 1668 sua
1164 1638 1298 1670 mente
1327 1631 1404 1670 alle
1430 1631 1570 1684 parole
1598 1632 1663 1671 del
1692 1639 1759 1686 ty-

323 1698 478 1736 ranno,
525 1684 673 1738 perche
706 1698 787 1722 non
822 1698 893 1723 era
930 1683 1057 1736 degna
1090 1685 1139 1723 ni:
1168 1685 1433 1725 conveniente
1459 1701 1551 1725 cosa
1573 1716 1585 1737 ‚
1616 1686 1691 1725 che
1722 1687 1761 1726 la

323 1741 403 1780 cita
431 1738 642 1793 imperiale
676 1738 782 1777 fosse
811 1738 961 1777 tradita
991 1738 1057 1776 alli
1088 1740 1247 1779 Turciii
1291 1754 1366 1793 per
1390 1755 1484 1779 man
1515 1741 1566 1781 de
1589 1741 1756 1792 Romei,

321 1795 473 1849 perche
503 1794 669 1848 quando
698 1799 842 1846 questo
873 1794 979 1832 fosse
1007 1793 1134 1844 facto,
1161 1808 1242 1848 que
1268 1797 1349 1846 via,
1380 1808 1459 1849 que
1483 1794 1574 1835 loco
1601 1797 1641 1835 in
1675 1803 1758 1835 ter.

323 1864 369 1890 ra
401 1850 507 1889 seria
534 1848 615 1888 mai
644 1847 739 1887 dato
766 1848 817 1887 da
847 1847 1064 1887 Christiani
1103 1849 1154 1887 ad
1202 1849 1390 1889 habitare
1434 1849 1488 1889 ali
1519 1850 1693 1890 Romei‘?
1721 1857 1761 1891 et

324 1918 406 1945 non
431 1903 653 1944 solamente
682 1902 735 1942 da
762 1902 1008 1942 Christiani:
1039 1917 1105 1942 ma
1127 1902 1178 1943 da
1205 1906 1279 1944 essi
1305 1904 1466 1959 proprii
1491 1905 1660 1955 Turchi‚
1681 1907 1762 1945 Zu-

322 1960 388 2000 dei
428 1966 470 1999 et
507 1958 608 1999 altre
649 1957 823 1997 barbare
865 1958 1046 2008 natione,
1084 1957 1159 1997 che
1199 1973 1278 1999 non
1309 1960 1471 2000 fosseno
1497 1960 1757 2010 abhominati,

323 2015 551 2068 consputati
570 2043 582 2064 ,
611 2012 876 2066 vilipenduti,
907 2011 1131 2066 desprezati
1160 2021 1199 2053 et
1228 2014 1399 2064 hodiati,
1429 2029 1546 2055 come
1570 2015 1759 2055 traditori

325 2069 432 2109 della
479 2069 592 2118 fede,
643 2067 749 2108 delle
779 2081 870 2107 cose
904 2081 1014 2107 sacre
1054 2074 1095 2107 et
1134 2066 1237 2108 della
1265 2069 1409 2123 patria.
1465 2070 1616 2123 Meglio
1639 2083 1760 2123 parse

325 2124 476 2164 morire
504 2123 546 2162 in
575 2122 615 2162 la
643 2137 714 2163 sua
742 2123 871 2176 patria
898 2136 976 2161 con
997 2122 1170 2172 honore,
1205 2124 1280 2163 che
1308 2125 1442 2165 vivere
1472 2125 1676 2178 inffquella
1707 2125 1758 2165 de

326 2179 419 2219 altri
465 2193 543 2217 con
584 2191 803 2232 vergogna.
883 2176 934 2216 El
965 2177 1105 2231 Longo
1141 2179 1386 2229 lastiniam,
1416 2178 1451 2217 el
1478 2179 1595 2232 quale
1624 2179 1758 2218 conti-

325 2241 541 2273 nuamenie
584 2232 800 2287 invigilava
846 2231 908 2271 ala
934 2232 1062 2272 salute
1092 2232 1197 2272 della
1240 2234 1344 2283 cita,
1391 2233 1535 2273 ordinb
1582 2234 1758 2274 bruxare

326 2289 364 2328 le
391 2289 514 2327 XXX
560 2287 664 2327 fuste
692 2286 948 2327 ‘surchesche
966 2316 978 2338 ,
1018 2286 1056 2326 le
1085 2287 1203 2341 quale
1243 2302 1367 2328 erano
1396 2294 1498 2328 state
1523 2295 1690 2341 portate
1717 2289 1757 2328 in

325 2350 474 2396 porto,
521 2357 598 2382 con
640 2356 721 2381 una
762 2341 865 2396 galia
911 2342 1133 2394 imperiale.
1201 2343 1258 2383 Et
1287 2343 1474 2382 havendo
1505 2343 1690 2383 ordinata
1718 2342 1758 2383 la

326 2397 426 2451 galia
446 2426 457 2446 ‚
501 2405 539 2437 et
567 2396 758 2450 empitala
797 2396 838 2436 di
861 2397 1039 2436 misteria
1068 2397 1182 2437 facile
1205 2398 1254 2436 da
1281 2398 1477 2448 bruxare,
1510 2404 1550 2436 et
1577 2398 1686 2451 posti
1713 2397 1756 2437 in

324 2451 457 2506 quella
484 2451 636 2490 homini
665 2453 737 2504 piii
764 2451 814 2491 de
843 2451 910 2490 CL
939 2450 981 2489 di
1005 2451 1079 2504 pisi
1116 2452 1266 2491 valenti
1295 2452 1346 2492 de
1379 2451 1650 2502 tutti’taliani,
1679 2460 1758 2492 sta-

326 2520 431 2546 vano
461 2506 756 2559 apparechiati,
785 2506 1010 2559 spectando
1039 2507 1076 2545 el
1107 2515 1231 2546 vento
1259 2521 1333 2560 per
1360 2514 1556 2546 acostarse
1583 2506 1660 2546 alle
1690 2507 1756 2546 fu-

326 2569 403 2601 ste.
461 2562 508 2599 Li
534 2561 701 2600 Zenuesi
734 2561 785 2600 de
806 2562 948 2600 Galata
979 2560 1166 2600 havendo
1193 2563 1321 2601 inteso
1350 2561 1526 2601 l'ordine
1555 2561 1618 2600 del
1643 2562 1756 2601 Lon-

327 2631 407 2668 go,
446 2615 611 2655 subbito
651 2630 702 2656 ne
741 2615 859 2655 diede
900 2615 1010 2654 aviso
1037 2615 1105 2655 alli
1145 2616 1310 2657 Turchi.
1359 2615 1502 2666 Quelli
1527 2624 1759 2657 veramente

329 2669 697 2724 apparechiandose
738 2670 815 2709 3113
851 2668 1006 2719 defesa,
1053 2685 1218 2710 meseno
1250 2686 1272 2709 a
1297 2684 1417 2722 segno
1445 2669 1482 2708 13
1507 2670 1754 2717 bombarda,

329 2724 546 2780 spectando
592 2725 631 2764 la
667 2723 769 2779 galia
814 2725 854 2764 di
882 2725 1029 2769 Latini.
1084 2726 1102 2765 1
1138 2725 1271 2765 Latini
1299 2739 1382 2765 non
1413 2724 1590 2779 sapendo
1622 2726 1696 2766 che
1726 2725 1756 2765 li
