1884 3216
359 183 466 238 252
703 203 883 263 DUCAE
920 204 1206 247 Mlaneus
1245 192 1485 248 'NEPo’ns

355 319 433 353 σας
465 297 542 345 οὖν
571 302 722 354 νύκτας
751 304 909 352 ἐκείνας
946 299 1020 345 οὔκ
1046 294 1164 346 ἔλιπε
1195 305 1527 361 διανυκτερεύων
1547 292 1795 362 dusius&-

355 363 551 422 μνῶντά
588 370 693 413 κατὰ
725 373 800 426 τῆς
826 369 1012 423 πόλεως,
1041 369 1266 424 λαμβάνων
1301 373 1346 414 ἐν
1383 372 1510 426 χερσί
1534 366 1702 429 χάρτην·
1723 365 1797 414 διαὶ

355 437 535 488 μέλανα,
564 437 639 478 καί
662 436 938 491 σκιαγραφῶν
966 433 1042 488 τὴν
1070 434 1272 492 περιοχὴν
1299 437 1374 492 τῆς
1401 435 1582 490 πόλεως,
1611 435 1684 479 καὶ
1708 437 1794 480 δει-

354 499 488 542 κνύων
516 507 604 549 τοῖς
649 499 898 555 ἐπιστήμοσι
923 503 1004 542 τῶν
1035 498 1244 552 ἐπάλξεων
1272 503 1354 543 ποῦ
1382 502 1455 543 καί
1483 503 1573 552 πῶς
1593 503 1794 555 μέλλουσι

354 570 497 609 θεῖναι
532 565 608 615 τὰς
650 564 802 614 σκευὰς
839 566 922 607 τῶν
949 563 1164 621 προβόλων
1191 566 1262 609 καὶ
1289 565 1363 617 τὰς
1390 564 1582 619 ἐπάλξεις
1609 569 1682 610 καί
1711 564 1792 616 ’τάς
1805 573 1846 613 5.

355 630 591 688 κατορυγάς
630 632 705 673 καί
741 633 816 686 τῆς
842 630 1010 687 τάφρου
1044 630 1120 685 τήν
1159 631 1349 687 εἴσοδον,
1378 633 1453 674 καί
1485 630 1561 682 τὰς
1588 635 1794 686 κλίμακας

356 699 402 740 ἐν
444 698 550 754 ποίῳ
587 697 732 750 τείχει.
801 695 875 739 καί
911 696 1052 746 άπλῶς
1085 699 1215 739 εἰπεῖν
1257 696 1334 753 τὴν
1361 700 1501 740 πᾶσαν
1527 695 1797 753 παρασκευήν

358 763 587 814 ἅπεικόνιζε
615 761 686 804 διὰ
713 762 786 818 τῆς
813 759 969 815 νυκτός,
998 762 1072 804 καί
1092 761 1138 804 τὸ
1168 764 1285 818 πρωῒ
1304 763 1483 805 κελεύων
1505 763 1664 818 ἐγένετο
1695 761 1799 805 πάν-

356 845 432 882 τα,
475 829 759 881 στοχαστικῶς
786 828 860 869 καί
889 825 1136 882 πανούργως
1170 829 1388 881 ἑπιμελῶν.
1640 822 1643 826 ’
1769 827 1771 829 ’

224 910 266 944 v,
286 910 347 944 ..3
385 915 387 917 ·
471 895 539 936 36.
597 892 649 935 Οἱ
675 893 721 934 δὲ
747 893 822 947 τῆς
849 890 1033 946 πόλεως,
1063 891 1252 945 ἔλθωμεν
1281 892 1331 948 δὴ
1360 891 1435 935 καὶ
1456 894 1523 935 ἐπ’
1549 893 1702 950 αὖτὴν,
1730 894 1804 935 καί
1818 909 1865 936 ιο

317 955 517 1013 1)ἰ’δωμεν
542 961 605 1008 τίς
640 959 667 1014 ἦ
697 955 870 1015 φροντίς
908 958 1050 1000 αὐτῶν
1091 959 1165 1000 καί
1190 959 1374 1012 μέριμνα
1401 958 1478 1000 τοῦ
1507 958 1803 1001 διασώσασθαι

358 1024 436 1081 τὴν
463 1026 583 1067 πόλιν
611 1025 657 1066 ἐκ
681 1022 826 1079 χειρὸς
853 1025 929 1066 τοῦ
958 1020 1399 1080 Ναβουχοδονόσορος.
1475 1022 1499 1065 ὅ
1523 1021 1722 1077 βασιλεὺς
1753 1018 1803 1079 ἦν

356 1093 519 1140 στείλας
555 1091 599 1132 ἑν
619 1087 760 1147 Ῥώμῃ
802 1087 1024 1145 προλαβών
1051 1089 1182 1131 αἰτῶν
1205 1087 1435 1144 βοήθειαν,
1464 1087 1539 1131 καὶ
1562 1085 1676 1138 ὅπως
1703 1104 1802 1141 συν-

355 1156 535 1197 τεθῶσιν
561 1156 612 1212 τῇ
647 1153 820 1213 ὁμονοίᾳ
859 1155 934 1196 καί
972 1151 1117 1197 {vedast
1158 1155 1213 1212 τῇ
1239 1157 1430 1213 γεγονυίᾳ
1464 1156 1509 1197 ἐν
1535 1155 1799 1212 Φλωρεντιζι,

357 1222 430 1262 καί
459 1218 566 1277 λάβῃ
602 1218 650 1262 τὸ
688 1220 958 1275 μνημόσυνον
997 1219 1020 1261 ὅ
1060 1221 1203 1269 πάπας
1242 1222 1287 1263 ἐν
1311 1221 1362 1277 τῇ
1397 1217 1557 1278 μεγάλῃ
1587 1221 1800 1277 ἐκκλησίᾳ,
1821 1222 1866 1264 15

357 1284 432 1327 καί
458 1284 480 1326 ὅ
509 1284 773 1342 πατριάρχης
800 1288 840 1328 Γ
839 1284 1032 1340 ρηγόριος
1058 1282 1376 1327 ἐπανελεύσεται
1399 1287 1443 1328 ἐν
1469 1287 1527 1343 τῷ
1553 1283 1692 1343 θρόνῳ
1725 1281 1803 1326 αὖ-

228 1362 263 1398 Ρ.
283 1362 346 1408 ¹4²
358 1353 435 1393 τοῦ
452 1368 461 1378 ·
521 1349 594 1392 καὶ
622 1349 883 1404 μετεκαλεῐτό
912 1366 1031 1399 τινας
1059 1350 1291 1405 ἀφικέσθαι
1319 1353 1401 1392 τῶν
1426 1352 1503 1392 τοῦ
1526 1348 1659 1401 πάπα,
1690 1346 1804 1399 ὅπως

358 1414 591 1472 εἷρηνεύσει
626 1415 702 1471 τὴν
742 1411 951 1458 ἄσπονδον
989 1414 1151 1470 ἔχθραν
1181 1418 1258 1457 τοῦ
1285 1417 1527 1469 σχίσματος.
1581 1413 1737 1457 ἔστειλε
1766 1415 1807 1456 δ’

360 1482 383 1523 ὅ
411 1479 552 1530 πάντας
577 1479 648 1524 τὸν
679 1479 956 1536 καδδηνάλιον
986 1483 1223 1534 Πολωνιάς,
1251 1478 1324 1522 τόν
1355 1495 1454 1522 ποτε
1481 1480 1806 1536 α’ρχιεπίσκοπον

352 1546 532 1597 Ῥωσιάς
550 1544 786 1602 Ἰσίδωρον,
816 1542 950 1602 ἄνδρα
976 1545 1150 1589 συνετὸν
1167 1548 1240 1590 καί
1265 1544 1455 1602 σόφρονα
1482 1544 1556 1588 καί
1581 1546 1804 1588 πεπαιδευ-
1816 1561 1869 1589 20

358 1615 483 1666 μένον
511 1613 556 1654 ἑν
584 1611 788 1667 δόγμασιν
814 1613 984 1668 ὀρθοῖς,
1004 1610 1210 1666 Ῥωμαῖον
1235 1611 1279 1655 τὸ
1305 1613 1445 1668 γένος,
1477 1615 1550 1654 καί
1580 1608 1706 1654 αὐτόν
1733 1612 1806 1654 ἕνα

359 1681 434 1734 τῆς
453 1679 498 1720 ἐν
514 1680 758 1736 Φλωρεντίᾳ
775 1677 955 1721 συνόδου
977 1678 1220 1733 ὑπάρχοντα
1242 1680 1402 1733 πατέρα
1421 1679 1573 1732 τᾴιιον,
1598 1674 1656 1726 ὥς
1684 1674 1708 1717 ὃ
1735 1674 1807 1718 λό-

358 1759 429 1798 γος
446 1741 619 1800 φθάσας
632 1743 830 1798 ἐδήλωσε·
858 1745 931 1787 καί
958 1744 1150 1794 ἐλθόντος
1171 1746 1216 1787 ἐν
1243 1747 1295 1802 τῇ
1323 1741 1544 1803 νήσῳΧίῳ
1573 1740 1678 1795 μετὰ
1707 1740 1806 1797 νηὸς

361 1926 527 1960 chinatus
562 1937 603 1960 ac
636 1927 809 1969 molitus,
842 1938 965 1961 omnes
997 1932 1122 1961 noctes
1155 1926 1237 1960 illas
1275 1927 1456 1960 insomnes
1498 1927 1580 1972 egit.
1619 1927 1659 1960 in
1681 1926 1804 1962 charta

361 1973 470 2006 etiam
496 1975 603 2006 situm
628 1974 877 2022 ambitumque
901 1974 1000 2007 urbis
1025 1973 1255 2014 delineabat,
1280 1979 1317 2007 et
1340 1984 1420 2006 cum
1445 1972 1490 2006 iis
1518 1973 1806 2007 communicabat

361 2020 424 2065 qui
451 2021 802 2065 propugnaculorum
819 2022 1076 2066 moeniumque
1101 2019 1200 2054 urbis
1223 2025 1355 2054 statum
1378 2025 1562 2054 noverant.
1580 2020 1730 2055 consilia
1757 2030 1804 2053 ue

361 2066 546 2110 agitabat,
578 2066 642 2099 ubi
667 2073 704 2102 et
738 2067 921 2113 quomodo
958 2067 1145 2101 machinae
1171 2066 1434 2106 admovendae,
1459 2066 1577 2111 plutei
1599 2077 1739 2111 pangen
1768 2067 1803 2107 i,

360 2114 488 2145 vineae
515 2113 694 2159 agendae,
720 2120 756 2148 et
780 2126 853 2160 qua
877 2115 1058 2155 cuniculi,
1089 2119 1131 2148 ut
1158 2114 1196 2146 in
1221 2113 1350 2146 fossam
1378 2113 1644 2158 perveniretur,
1669 2112 1805 2146 ducen-

364 2159 401 2191 di
429 2165 567 2201 essent,
593 2171 664 2205 qua
687 2162 804 2194 scalae
830 2172 932 2194 muro
957 2159 1215 2194 admovendae,
1247 2165 1284 2193 et
1309 2165 1351 2195 ut
1374 2158 1483 2193 verbo
1510 2159 1637 2199 dicam,
1663 2169 1803 2192 omnem

362 2212 574 2250 apparatum
609 2212 720 2241 noctu
746 2209 985 2253 excogitatum
1009 2213 1046 2242 et
1077 2207 1299 2240 delineatum
1324 2217 1429 2240 mane
1453 2205 1635 2245 fabrefieri
1662 2211 1700 2239 et
1721 2215 1805 2251 per-

363 2251 422 2285 fici
448 2253 606 2286 curabat.

457 2301 512 2333 36.
559 2300 694 2333 Verum
729 2300 768 2333 in
803 2300 928 2333 urbem
957 2299 1098 2344 Cpolim
1133 2299 1340 2340 redeamus,
1366 2304 1403 2332 et
1426 2297 1516 2342 quid
1540 2297 1659 2330 animo
1681 2297 1804 2331 volve-

365 2345 437 2379 rint
470 2345 681 2390 Cpolitani‚
717 2358 898 2392 quamque
923 2358 1043 2379 curam
1079 2345 1334 2386 adhibuerint,
1365 2350 1404 2378 ut
1438 2343 1804 2378 Nabuchodonosoris

363 2391 530 2424 manibus
556 2399 714 2438 ereptam
732 2399 925 2434 servarent,
943 2393 1217 2440 perpendamus.
1236 2393 1430 2437 imperator
1443 2391 1625 2435 suppetias
1642 2396 1804 2435 rogatum

366 2439 511 2470 Romam
527 2439 596 2472 iam
613 2445 718 2473 antea
733 2441 903 2482 miserat3
922 2445 1034 2484 utque
1055 2439 1246 2473 concordia
1261 2438 1466 2471 Florentiae
1482 2437 1713 2470 reconciliata
1730 2442 1803 2470 sta-

364 2483 544 2526 biliretur,
568 2486 607 2519 in
628 2498 776 2530 magnae
793 2486 965 2520 ecclesiae
989 2486 1142 2530 liturgiis
1157 2496 1270 2530 papae
1291 2495 1422 2518 nomen
1446 2495 1464 2516 e
1489 2484 1598 2517 sacris
1625 2483 1803 2529 diptychis

365 2531 586 2572 recitaretur,
603 2533 648 2565 ad
665 2533 834 2567 thronum
850 2544 953 2567 suum
967 2532 1169 2577 patriarcha
1183 2531 1373 2575 Gregorius
1388 2530 1542 2572 rediret;
1566 2530 1726 2563 mitteret
1739 2541 1804 2583 pa—

362 2588 420 2622 pa,
440 2578 608 2622 capitalia
629 2579 712 2612 odia
735 2580 798 2625 qui
827 2591 846 2613 e
873 2579 1063 2613 schismate
1079 2585 1156 2612 orta
1175 2579 1369 2623 placarent.
1394 2577 1492 2611 misit
1514 2587 1608 2623 papa
1633 2576 1804 2611 Polomae

363 2622 589 2657 Cardinalem
610 2625 799 2668 Isidorum,
816 2627 880 2672 qui
893 2626 1040 2659 Russiae
1060 2625 1348 2669 archiepiscopus
1367 2624 1495 2664 fuerat,
1518 2624 1632 2656 virum
1645 2621 1803 2666 pruden-

362 2675 436 2703 tem
455 2681 494 2703 ac
518 2671 731 2712 modestum,
760 2673 798 2706 in
816 2672 1026 2706 orthodoxis
1053 2671 1277 2716 dogmatibus
1296 2670 1496 2711 eruditum,
1522 2675 1560 2702 et
1570 2669 1718 2702 natione
1734 2670 1803 2701 Ro-

362 2727 525 2758 maeum,
555 2717 629 2763 qui,
655 2723 696 2751 ut
718 2719 788 2751 iam
810 2719 978 2760 diximus,
998 2725 1100 2763 pater
1123 2718 1273 2751 eximius
1290 2717 1498 2750 Florentino
1517 2715 1669 2748 concilio
1690 2715 1802 2747 inter-

362 2763 487 2798 fuerat.
513 2764 543 2798 is
577 2775 667 2798 nave
693 2766 845 2799 maxima
873 2764 1057 2799 Genuensi
1093 2770 1213 2799 vectus
1241 2763 1286 2796 ad
1313 2763 1440 2797 Chium
1459 2763 1612 2796 insulam
1639 2761 1801 2807 appulit,
