1890 3204
299 159 407 216 582
723 190 726 193 ·
865 176 1151 219 numum

294 288 333 320 et
361 281 542 320 Zonaras
586 281 626 320 in
664 279 884 320 iustiniano
919 279 1200 320 Rhinotmeto.
1253 279 1405 320 Paulus
1431 281 1554 321 etiam
1575 281 1733 323 ‘Diaco-

293 350 369 376 nus
398 335 588 376 historiae
619 336 822 375 Miscellae
852 335 956 373 libro
986 347 1053 373 20.
1704 356 1709 360 -

322 392 333 400 ”
405 392 455 429 P.
493 391 585 439 135,
617 389 655 441 4.
714 387 752 429 οἱ
792 391 829 429 T
826 388 969 438 οὕρκοι
995 384 1248 439 καταράντες
1274 388 1321 428 ἐκ
1352 387 1585 444 Περσίδος]
1613 390 1733 432 Circa

293 458 448 483 annum
476 445 629 483 Christi
665 444 762 495 1042
782 473 794 495 ‚
844 445 1072 496 imperante
1099 442 1285 484 Roinano
1313 446 1517 499 Argyro,⁴
1537 445 1660 485 Turei
1688 446 1732 486 in

291 500 476 539 Persiam
503 499 638 552 primo
667 498 824 538 evocati
860 504 954 537 sunt
981 512 1003 536 a
1039 498 1297 539 Muehumete
1327 499 1528 539 Imbraiiis
1558 499 1633 549 R,
1658 501 1732 557 qui

290 569 431 593 eorum
474 568 597 606 opera
639 554 834 593 adversus
874 553 1115 593 rebellantes
1154 554 1279 594 Indos
1308 561 1350 594 et
1390 553 1649 612 Babylonios·
1671 556 1733 596 uti

289 610 460 648 volebat.
539 610 774 647 Turcorum
811 622 882 647 rex
921 607 1000 648 tria
1042 607 1222 648 militum
1258 608 1384 649 millia
1402 638 1415 661 ,
1446 618 1626 664 quorum
1651 610 1734 650 dux

290 672 380 704 erat
408 662 641 716 Tagrolipix
667 663 892 703 Mucaletus
920 677 942 702 e
966 662 1264 703 Selzucciorum
1293 670 1415 718 geute
1443 663 1574 704 nobili
1599 671 1732 714 ortus,

287 720 333 757 M
339 718 543 757 uchumeti
582 720 788 771 suppetias
834 719 976 757 mittit.
1006 725 1100 771 post
1137 724 1328 758 navatam
1359 720 1516 773 egregie
1543 719 1733 760 adversus

288 773 537 826 Babylonios
574 786 743 825 operam
784 771 836 812 ad
876 787 971 812 suos
1008 773 1144 813 redire
1170 772 1388 813 voluerunt
1409 803 1423 825 ,
1453 787 1546 814 cum
1574 775 1733 814 interim

287 828 394 879 ipsos
424 827 480 865 in*
500 827 660 866 Indiam
703 827 852 868 ducere
879 828 1077 881 cogitaret
1104 827 1397 869 Muchumetes.
1423 827 1520 868 hine
1547 829 1732 870 simulta-

286 888 347 921 tes
376 888 513 929 ortae,
544 896 646 935 quae
675 883 823 922 Turcis
855 883 1079 922 Saracenos
1108 882 1330 922 latrociniis
1358 883 1528 923 vexandi
1559 884 1734 936 primum

286 950 429 976 causae
457 938 693 988 extiterunt,
724 944 767 978 et
794 939 836 976 in
864 944 1054 991 apertum
1083 937 1253 977 tandem
1268 938 1421 978 bellum
1439 945 1734 993 proruperunt.

285 992 573 1043 Muchumetes·
600 994 733 1032 victus
761 1008 786 1032 a
812 993 960 1032 Turcis
992 999 1032 1032 et
1061 994 1216 1032 occisus
1245 999 1328 1033 est:
1363 992 1560 1033 Selzuccii
1588 994 1735 1034 deinde

288 1046 554 1099 Tagi-olipicis
579 1048 734 1100 posteri
767 1047 809 1086 in
837 1046 1004 1086 Perside
1031 1055 1257 1101 regnarunt
1273 1078 1287 1098 ,
1321 1050 1541 1103 sedemque
1566 1049 1734 1104 imperii

284 1103 326 1141 in
356 1101 500 1140 Belche
527 1116 595 1141 seu
617 1101 767 1142 Balcha
786 1101 1032 1141 Chorazanis
1051 1101 1341 1154 (Chorasminis
1370 1117 1470 1143 vero
1500 1103 1734 1156 provinciae

283 1157 507 1195 secundum
548 1158 714 1210 Georgii
760 1158 1062 1210 Chrysoeoccae
1103 1157 1337 1210 ⁸catalogum
1395 1159 1436 1196 in
1473 1158 1734 1199 Astronomia

284 1211 506 1250 Philolaica
536 1225 559 1250 a
577 1212 697 1251 nobis
727 1212 892 1263 editum)
922 1211 1026 1251 urbe
1043 1211 1288 1251 habuerunt.
1321 1214 1437 1252 annis
1454 1212 1617 1253 demum
1641 1213 1732 1266 160,

284 1265 349 1305 vel
378 1265 601 1305 secundum
633 1267 797 1307 Turcos
819 1281 919 1320 170,
950 1267 1165 1319 postquam
1196 1266 1277 1306 illic
1307 1274 1558 1321 regnarunt,
1589 1269 1731 1308 aZen-

285 1322 496 1373 gi-chane
522 1327 614 1375 post
639 1336 793 1361 annum
831 1336 930 1360 1200
961 1321 1127 1360 Perside
1156 1322 1260 1374 pulsi
1290 1323 1412 1362 suere.
1469 1323 1616 1364 Turcis
1641 1331 1731 1364 tum

283 1376 509 1427 imperabat
539 1375 734 1416 Aladines
751 1408 765 1428 ,
801 1376 872 1430 qui
900 1376 1039 1415 relicta
1077 1377 1247 1415 Perside
1275 1377 1315 1416 in
1347 1379 1592 1431 Lycaoniam
1619 1380 1732 1418 venit

285 1437 324 1468 et
353 1432 482 1469 iconii
521 1431 656 1470 sedem
694 1432 854 1484 imperii
897 1431 994 1469 fixit.
1032 1430 1127 1468 inde
1156 1430 1380 1472 latrociniis
1411 1439 1451 1471 et
1481 1433 1730 1472 excursioni-

284 1485 359 1523 bus
393 1486 531 1523 Asiam
574 1486 775 1525 minorem
813 1486 1002 1525 infestare
1044 1486 1261 1539 omniaque
1287 1487 1392 1527 ferre
1417 1493 1459 1526 et
1490 1501 1606 1542 agere
1632 1501 1727 1528 coe-

284 1545 432 1592 perunt
454 1540 593 1579 Turci.

396 1593 445 1633 P.
482 1596 572 1644 135,
608 1607 667 1634 ιο.
701 1593 740 1633 εἷ
778 1594 826 1634 δὲ
852 1590 957 1634 κατὰ
986 1593 1275 1647 Χριστιανῶν]
1336 1596 1466 1636 Huius
1495 1596 1728 1638 animorum

150 1655 189 1686 V.
212 1654 271 1687 185
286 1649 626 1701 promptitudinis
665 1648 919 1688 luculentum
973 1649 1198 1700 exemplum
1241 1655 1388 1690 notare
1425 1651 1559 1704 quivis
1601 1660 1731 1706 potest

284 1704 391 1756 apud
417 1704 712 1743 Leunclavium
739 1704 814 1743 lib.
846 1703 893 1750 5,
929 1718 1024 1742 cum
1054 1704 1231 1743 Morates
1264 1706 1280 1742 Ι
1309 1705 1503 1745 adversus
1530 1707 1730 1747 Lazarum

285 1760 451 1798 Serviae
487 1758 696 1811 despotam
734 1759 785 1797 ad
812 1757 965 1799 bellum
999 1773 1042 1798 se
1069 1768 1336 1811 compararet.
1366 1774 1469 1800 mox
1495 1762 1618 1814 igitur·
1641 1764 1731 1803 uni-

285 1814 409 1852 versis
435 1814 591 1866 regibus
618 1814 791 1864 vicinis,
827 1814 1150 1865 Caramanoglio
1163 1843 1175 1864 ‚
1208 1813 1374 1854 Tekensi
1388 1815 1578 1866 Aidinio,
1607 1817 1730 1856 Men-

286 1870 385 1907 tosio
414 1876 453 1906 et
495 1868 773 1912 Saruehanio,
817 1869 976 1908 indicta
1011 1869 1209 1922 profectio
1229 1871 1322 1918 =ficit*
1341 1900 1352 1918 ‚
1402 1879 1442 1909 et
1473 1871 1609 1924 ingens
1649 1872 1731 1912 ad-

286 1937 423 1961 versus
454 1924 610 1963 Gauros
636 1923 854 1974 expeditio.
892 1923 958 1962 illi
999 1937 1094 1962 ver-o
1128 1923 1346 1964 lubentibus
1373 1925 1519 1964 animis
1546 1925 1704 1966 adsensi
1715 1955 1728 1972 ‚

286 1983 606 2032 coacta,'quam
632 1979 797 2032 quisque
821 1987 1005 2032 poterat,
1034 1977 1225 2017 maxima
1253 1980 1510 2019 multitudine
1537 1980 1729 2032 militum,

287 2033 350 2070 ad
371 2033 603 2085 religiosum
621 2063 633 2083 ‚
671 2041 714 2071 ut
738 2034 818 2088 ipsi
850 2033 1007 2087 quz’dem
1037 2033 1330 2073 existimabant
1346 2064 1357 2080 ,
1388 2035 1461 2074 hoc
1490 2034 1632 2074 bellum
1660 2048 1722 2074 se-

287 2096 364 2124 met
385 2089 666 2140 accingebant.
691 2097 900 2140 praeterea
924 2087 1097 2126 diversis
1117 2102 1138 2125 e
1156 2090 1287 2138 regnis
1317 2102 1370 2128 ac
1391 2089 1616 2142 provinciis
1642 2097 1728 2128 tam

287 2144 495 2180 extraneis
537 2157 660 2196 quam
703 2142 1023 2182 Osmanidarum
1065 2142 1236 2194 imperio
1270 2144 1449 2182 subiectis
1465 2173 1476 2190 ,
1506 2143 1565 2182 ad
1588 2143 1728 2184 Sulca·

288 2209 379 2233 num
409 2197 615 2236 ffiIuratem
647 2211 790 2248 magno
819 2197 946 2249 reguli
981 2211 1145 2235 numero
1172 2197 1432 2252 confluebant.

399 2251 452 2289 P.
487 2251 578 2302 155,
615 2252 674 2290 15.
725 2247 902 2302 Ἀκκήν1
959 2251 1228 2291 Leunelavius
1267 2254 1308 2291 in
1340 2251 1517 2292 secundo
1547 2252 1731 2291 Onoma-

165 2306 198 2338 P.
212 2303 391 2349 2468ῐίεο
420 2321 512 2344 cum
556 2308 678 2346 unico
725 2322 748 2346 κ
777 2307 918 2345 scribit
955 2306 1078 2344 Akin.
1108 2320 1213 2358 quae
1243 2322 1321 2346 vox
1351 2309 1575 2356 incursum,
1602 2321 1726 2359 gras·-

287 2363 482 2398 satiouem
520 2371 560 2399 et
600 2360 949 2416 &populationem
998 2361 1223 2415 siguificat3
1266 2362 1374 2402 unde
1408 2361 1623 2401 Akinzileri
1661 2361 1727 2403 vel

290 2415 520 2454 Akenzilari
553 2416 747 2468 appellati
775 2424 881 2456 sunt.

397 2470 445 2507 P.
482 2472 572 2520 155,
604 2485 668 2510 21.
724 2471 907 2522 θέματα]
966 2472 1010 2511 Id
1047 2479 1107 2513 est
1137 2473 1382 2526 provincias.
1438 2471 1727 2510 Constantinus

286 2523 676 2577 porphyrogenitus
719 2527 788 2565 lib.
828 2541 859 2565 ῐ.
900 2524 999 2578 περί
1022 2524 1217 2577 θεμάτων
1247 2530 1392 2567 homen
1421 2526 1472 2565 ad
1501 2525 1542 2564 id
1570 2524 1725 2578 signifi-

288 2578 464 2617 candum
501 2594 640 2618 recens
671 2587 907 2633 usurpatum
948 2582 1027 2625 ait,
1073 2583 1275 2621 Graecum
1313 2589 1472 2620 tamen':
1511 2576 1611 2618 αὐτὸ
1642 2576 1723 2631 γὰρ

287 2630 335 2671 τὸ
363 2625 495 2682 ὄνομα
526 2634 601 2672 ³013
620 2634 800 2682 θέματος
823 2633 1051 2688 Ἑλληνικόν
1089 2637 1178 2675 ἐστι
1197 2636 1270 2676 καί
1293 2631 1343 2674 οὔ
1365 2630 1611 2685 Ῥωμαϊκόν,
1642 2630 1723 2672 αἠὁ

287 2686 357 2738 τῆς
388 2687 544 2734 θέσεως
588 2685 907 2740 ὀνομαζόμενον.
945 2705 1092 2730 nomen
1131 2692 1317 2731 thematis
1355 2691 1483 2742 ipsum
1528 2689 1724 2728 Graecum

286 2750 370 2792 est,
413 2757 490 2782 non
530 2743 750 2784 Romanum
788 2745 849 2792 [id
892 2752 949 2784 est
975 2747 1206 2796 Latinum),
1253 2744 1365 2799 qdod
1391 2757 1422 2784 a
1449 2745 1544 2785 thesi
1572 2742 1634 2795 [id
1664 2750 1723 2782 est
