1904 3198
325 163 399 222 58
673 176 856 220 noctu:
880 174 1168 217 minumus
1190 172 1427 241 imponsv

283 284 371 324 Βδὲ
399 282 627 336 προσέταξε
655 280 733 322 τοῦ
760 279 906 320 δοῦναι
949 275 1091 325 αὐτοῖς
1117 276 1242 318 τόπον
1270 276 1328 324 εἰς
1358 273 1609 318 ἀνάπαυσιν.
1658 269 1767 326 μετά

321 350 370 391 δέ
394 363 510 395 τινας
535 345 697 402 ἡμέρας
723 338 1112 400 ’προσκαλεσάμενος
1130 339 1287 392 αὖτούς
1318 336 1456 395 ἐζήτει
1479 335 1533 381 τὰ
1562 339 1637 393 τῆς
1656 346 1768 404 nef:

318 413 463 466 σβειάς
485 407 679 453 ἀκοῦσαι.
699 408 739 452 οἱ
763 411 809 451 δὲ
832 406 1027 456 ἐλθόντες
1047 407 1123 448 καί
1141 406 1422 462 παραστάντες
1441 401 1616 447 ἐνώπιον
1633 401 1764 453 miton

317 478 484 534 ἔφησαν
508 475 561 529 „ci
588 477 720 530 μέγας
743 475 824 528 χὰν
845 470 988 526 Τεμύρ
1008 473 1064 512 δι’
1083 471 1196 527 ἡμᾶς
1211 469 1286 513 τοῦ
1294 486 1314 520 ς
1330 469 1507 519 δούλους
1533 466 1666 510 αὕτοῧ
1680 484 1765 524 μη-

315 540 408 585 νύει
437 557 505 584 σοι
524 542 656 596 λέγων
675 538 738 582 ὅτι
770 539 846 580 οὐκ
874 535 1034 588 ἔξεστιν
1062 552 1129 579 σοι
1157 535 1362 591 ἁρπάζειν
1393 533 1445 579 τά
1473 532 1671 590 ἀλλότρια
1693 528 1828 580 καὶὸ

317 610 374 651 δι’
402 609 538 650 αὐτῶν
573 607 769 660 γενέσθαι
798 618 846 646 σε
873 604 1005 657 μέγας
1045 599 1240 658 ἀρχηγός.
1296 597 1427 657 ἀραοῦ
1452 601 1512 650 εἷς
1537 595 1713 656 ὅσαλσοι
1742 595 1766 638 ὅ

316 673 420 723 θεὸς
456 674 610 716 δέδωκε
649 669 765 726 παρὰ
792 670 875 712 τῶν
905 667 1090 711 ἀπίστων
1120 665 1272 721 λαβών.
1299 667 1374 717 τὰς
1403 668 1450 709 δὲ
1480 663 1686 722 ἐπαρχίας
1715 659 1769 732 ἃς

319 737 439 795 παρά
473 740 559 781 τῶν
590 737 747 780 λοιπῶν
786 730 999 791 ἡγεμόνων
1045 736 1278 792 λῃστρικῶς
1304 729 1528 789 ἥρπασας,
1567 732 1765 786 παρευθυ

316 807 504 861 στρέψας
541 801 638 856 δός,
677 802 748 844 ἵνα
788 799 861 843 καὶ
897 798 1013 855 παρὰ
1056 802 1144 858 θεῷ
1182 795 1234 841 εὖ
1270 814 1338 841 σοι
1362 799 1530 855 γένηται
1550 799 1624 840 καί
1650 791 1767 852 παρὰ

315 871 401 913 τῶν
428 870 586 912 λοιπῶν
614 864 828 923 ἡγεμόνων
862 865 1139 922 εὐχαριστίας
1181 862 1255 907 καὶ
1284 864 1480 914 ἐπαίνους
1506 862 1624 914 ἕξεις.
1655 861 1695 920 εἰ
1721 861 1768 903 δὲ
1785 873 1833 902 ιο

316 933 403 991 μή,
427 933 507 989 ἐγώ
538 932 690 987 ἔσομαι
717 931 798 974 σύν
824 932 913 989 θεῷ
937 928 1154 986 ὲκδικητὴς
1195 930 1380 971 αὕτῶν.”
1432 930 1569 970 ταῦτα
1595 927 1669 970 καὶ
1693 921 1769 969 ὄλ-

212 1004 214 1010 '
268 1013 297 1045 C
317 1005 370 1043 λα
407 1003 539 1042 πλείω
574 996 786 1050 εἰπόντες,
843 995 876 1038 δ’
903 994 1131 1052 Παγιαζῆτ
1169 996 1382 1038 ἐκέλευσεν
1418 994 1548 1051 ξυρίῳ
1580 992 1771 1049 καθᾶραι

316 1064 416 1116 τούς
442 1065 646 1120 πώγωνας
669 1062 742 1106 καί
767 1063 1020 1116 ἀποπέμψαι
1052 1060 1227 1115 ἀτίμους
1245 1092 1257 1115 ,
1287 1057 1427 1117 φήσας
1457 1057 1602 1110 αὐτοῖς
1627 1055 1771 1111 „tind-

202 1140 245 1174 V.
260 1141 436 1188 osyere,
465 1128 744 1186 ἀπαγγείλατε
780 1130 836 1188 τῷ
863 1130 994 1185 κυρίῳ
1022 1124 1165 1182 ὖμῶν,
1195 1128 1388 1182 ἐρχέσθω
1415 1122 1543 1179 ταχύ·
1596 1125 1766 1179 ἐκδέχο-

314 1214 395 1251 μαι
422 1195 504 1252 γάρ
534 1193 676 1242 αὐτόν,
744 1193 853 1236 ἔσται
881 1193 1187 1249 κεχωρισμένος
1214 1188 1298 1233 ἀπὸ
1325 1191 1401 1246 τῆς
1429 1190 1562 1232 αὐτοῦ
1588 1187 1769 1244 νομίμου
1787 1188 1835 1231 15

314 1264 522 1318 γαμετῆς,
567 1261 608 1302 εἰ
651 1260 710 1316 μή
740 1258 896 1302 &asom
949 1260 1082 1300 ταῦτα
1110 1258 1185 1299 καί
1208 1259 1329 1312 ἔτερα
1359 1253 1684 1311 ἀδολεσχήματα
1713 1254 1785 1297 εἰ-’

316 1325 427 1369 πών-
453 1324 561 1382 πρὸς
599 1323 757 1374 αὐτοὺς
787 1324 946 1377 ἀτίμως
974 1323 1249 1376 ἀπέπεμψεν·
1298 1319 1427 1370 αὐτὸς
1457 1322 1504 1362 δὲ
1527 1318 1586 1376 μή
1617 1318 1773 1374 ἀμελή-

317 1408 423 1446 σας,
451 1388 560 1434 ἀλλά
588 1389 668 1434 σὺν
695 1389 805 1447 πάσῃ
835 1392 886 1447 τῇ
908 1391 1112 1447 στρατείᾳ
1133 1387 1236 1445 πρὸς
1260 1386 1313 1430 τά
1344 1382 1534 1444 ἀνώτερα
1561 1387 1668 1442 μέρη
1697 1387 1773 1441 τῆς

318 1457 543 1514 Ἀρμενίας
562 1454 857 1513 ἐστράτευσεν.
913 1451 967 1512 ἧν
997 1451 1076 1510 γὰρ
1105 1456 1163 1512 τῷ
1183 1450 1436 1509 προλαβόντι
1461 1451 1602 1511 χρόνῳ
1627 1451 1772 1506 λαβὼν

114 1523 394 1580 Δ.(3.ι394τὴν
420 1526 495 1579 τῆς
531 1524 839 1572 Καππαδοκίας
886 1519 1068 1577 μεγάλην
1098 1515 1381 1575 Reducem,
1422 1520 1466 1562 ἐν
1489 1519 1536 1560 δὲ
1564 1519 1613 1575 τῇ
1643 1534 1770 1574 στρα-
1782 1527 1836 1563 20

136 1577 411 1647 Ηθῧΰθδτείᾳ
438 1586 571 1646 ταύτῃ
612 1586 781 1642 διαβάς,
807 1588 861 1630 τὰ
903 1582 1002 1643 ὅρια
1044 1588 1118 1640 τῆς
1153 1585 1337 1641 μεγάλης
1359 1583 1587 1640 Ἀρμενίας
1613 1581 1687 1624 καί
1711 1583 1772 1632 εἷς

276 1653 396 1710 Βτὴν
423 1656 509 1697 τῶν
543 1656 867 1710 Τουρκοπερσιῦν
892 1656 969 1709 γῆν
1005 1649 1208 1695 εἰσελθών
1235 1648 1435 1706 ἐκράτησε
1460 1651 1563 1703 μίαν
1590 1653 1670 1692 τῶν
1698 1649 1772 1692 πό..

319 1725 426 1764 λεων
457 1721 677 1776 λεγομένην
704 1717 952 1776 Ἀρσυγγάν.
1007 1718 1291 1770 ἐπαναζεύξας
1317 1718 1363 1759 δὲ
1391 1712 1521 1772 ἦλθεν
1549 1717 1592 1759 ἐν
1620 1714 1773 1772 Πρού-

319 1865 368 1899 ad
391 1876 429 1899 se
467 1865 716 1906 mitterentur,
754 1864 925 1898 dixerunt
957 1875 977 1897 a
1014 1864 1167 1907 Temyre
1199 1863 1299 1896 Chan
1332 1862 1473 1897 Persiae
1505 1866 1543 1895 et
1578 1861 1795 1905 Babylonis,

320 1913 473 1946 Sultano
507 1913 653 1955 missos3
687 1912 794 1945 iussit
818 1912 943 1957 itaque
977 1910 1176 1956 hospitium
1202 1910 1300 1950 illis,
1328 1915 1369 1943 ut
1393 1921 1431 1943 se
1457 1908 1678 1942 rences-enta
1699 1908 1772 1950 via,

319 1958 498 2005 praeberi.
538 1964 622 2004 post
656 1969 788 2003 paucos
826 1959 970 1991 demum
1007 1957 1084 1991 dies
1111 1962 1217 1990 vocat
1251 1956 1298 1989 ad
1321 1967 1358 1989 se
1382 1956 1537 2002 legatos,
1561 1960 1598 1989 et
1624 1954 1670 1988 ab
1699 1955 1772 1996 eis,

319 2017 415 2052 quae
439 2006 477 2039 in
502 2005 681 2039 mandatis
704 2004 909 2047 habebant,
940 2005 1055 2050 petit3
1079 2002 1292 2038 accedentes
1318 2003 1369 2037 ita
1397 2015 1442 2036 ue
1468 2002 1514 2035 ad
1539 2013 1642 2043 eum,
1668 2001 1772 2035 dixe-

321 2059 415 2086 runt.
442 2053 594 2097 Magnus
629 2052 730 2087 Chan
754 2052 887 2096 Temyr
922 2063 987 2097 per
1010 2062 1076 2084 nos
1104 2061 1223 2084 servos
1248 2061 1332 2083 suos
1358 2051 1386 2085 ti
1415 2050 1427 2083 i
1451 2049 1602 2083 nunciat
1625 2060 1700 2082 non
1723 2048 1771 2082 li*

320 2111 402 2132 cere
431 2099 500 2133 tibi
527 2100 646 2132 aliena
674 2110 799 2144 rapere
824 2099 951 2132 et.hac
974 2098 1114 2132 ratione
1136 2097 1365 2142 praepotenti
1390 2097 1468 2131 fieri
1493 2095 1659 2141 principi.
1685 2105 1771 2128 con-

320 2152 443 2180 tentus
476 2152 553 2180 esto
585 2146 679 2188 illis,
714 2157 808 2191 quae
841 2145 909 2179 deo
946 2144 1167 2179 concedente
1201 2143 1412 2179 infidelibus
1456 2142 1650 2176 abstulisti.
1681 2141 1771 2175 alias

319 2193 541 2240 provincias,
574 2204 663 2238 quas
688 2194 815 2226 ceteris
851 2191 1076 2238 principibus
1097 2201 1197 2224 more
1226 2190 1419 2235 praedonis
1443 2179 1620 2234 eripuisti,
1647 2188 1772 2226 statim

318 2241 481 2280 restitue,
509 2246 549 2273 ut
576 2239 686 2274 deum
711 2239 781 2273 tibi
806 2240 1004 2286 propitium
1028 2238 1136 2272 facias
1153 2237 1381 2282 aliorumque
1393 2236 1596 2282 principum
1619 2235 1770 2280 gratiam

319 2286 555 2327 demeremis,
590 2286 808 2332 laudemque
841 2286 886 2319 ab
912 2287 963 2319 eis
989 2284 1229 2330 consequaris.
1279 2284 1343 2317 Sin
1366 2283 1502 2324 minus,
1533 2292 1597 2326 ego
1623 2292 1770 2323 eorum,

319 2332 389 2366 deo
416 2333 561 2366 iuvante
577 2358 586 2373 ‚
614 2333 748 2368 vindex
772 2345 845 2366 ero.
870 2345 950 2367 cum
973 2332 1080 2373 haec,
1106 2331 1250 2376 aliaque
1274 2331 1378 2376 plura
1407 2327 1668 2377 exposuissent,
1694 2328 1770 2361 ius-

318 2380 367 2413 sit
390 2380 564 2413 Baiazites
606 2379 736 2414 barbas
774 2381 818 2415 iis
843 2380 1018 2414 novacula
1045 2378 1194 2419 abradi,
1220 2376 1523 2422 contumeliisque
1547 2377 1691 2408 affectos
1713 2373 1770 2408 di-

315 2426 425 2467 mitti,
449 2438 730 2475 responsumque
755 2427 828 2460 tale
854 2427 974 2460 dedit:
1011 2425 1130 2467 abite,
1157 2424 1362 2458 renuntiate
1391 2423 1538 2457 domino
1565 2427 1702 2463 vestro,
1728 2427 1771 2457 ut

318 2473 486 2506 celeriter
517 2474 662 2514 veniat,
689 2473 860 2519 quodque
900 2486 980 2507 eum
1003 2473 1206 2507 venientem
1233 2475 1394 2517 expecto.
1444 2470 1480 2505 Si
1505 2479 1588 2502 vero
1612 2479 1687 2501 non
1711 2479 1770 2500 ac-

317 2520 490 2561 cesserit,
519 2520 564 2553 ab
591 2531 700 2554 uxore
729 2521 889 2564 legitima
914 2526 1108 2566 separetur.
1156 2518 1295 2563 Hisque
1319 2529 1384 2562 per
1411 2517 1544 2551 fastum
1569 2526 1610 2548 ac
1630 2515 1769 2548 iactan-

317 2567 406 2600 tiam
432 2567 536 2601 factis
561 2567 678 2600 verbis
706 2568 966 2601 contumeliose
1007 2578 1066 2599 eos
1093 2565 1240 2599 dimisit.
1266 2564 1343 2610 ipse
1367 2576 1451 2598 vero
1481 2574 1598 2597 rerum
1625 2572 1770 2596 suarum

317 2613 417 2647 haud
443 2614 627 2658 negligens
653 2626 732 2646 cum
758 2614 932 2647 universis
952 2614 1065 2659 copiis
1089 2613 1127 2647 in
1145 2611 1347 2645 Armeniam
1371 2611 1591 2656 superiorem
1619 2613 1770 2641 conten-

318 2661 384 2694 dit.
412 2672 566 2706 cumque
591 2661 689 2706 prius
718 2660 919 2694 Sebastiam
943 2671 1105 2704 magnam
1130 2660 1168 2691 in
1193 2658 1420 2703 Cappadocia
1444 2660 1675 2701 occupasset,
1700 2654 1769 2688 hae

317 2707 551 2752 expeditione
577 2708 765 2741 Armeniae
793 2708 937 2743 maioris
962 2708 1095 2740 limites
1120 2703 1362 2745 transcendit,
1389 2705 1499 2750 inque
1524 2703 1767 2746 Turcopersa·

319 2765 396 2788 rum
430 2755 610 2799 regionem
653 2755 874 2799 penetravit,
911 2754 1163 2799 quandamque
1187 2751 1313 2784 urbem
1340 2752 1486 2785 nomine
1511 2750 1703 2793 Arsyngam
1727 2747 1767 2782 in
