1916 3210
490 132 702 177 mmcn
740 134 1073 177 mmmmm
1110 132 1366 177 mcmz'm.
1523 120 1644 196 439

191 241 277 287 sto,
322 242 488 291 excepto
525 235 579 279 de
619 235 754 276 alcuni
796 236 952 278 Turchi
974 266 987 290 ,
1025 236 1055 278 li
1081 236 1192 292 quali
1235 236 1264 277 li
1295 236 1407 278 volse
1433 243 1575 280 vetare
1604 241 1643 281 el

194 305 313 347 passo
337 290 419 335 alle
445 292 533 333 rive
559 290 611 332 de
638 291 860 333 Hermone.
917 291 1027 332 Delli
1056 293 1168 348 quali
1198 298 1314 347 parte
1341 292 1489 334 forono
1517 291 1647 335 morti

193 355 236 388 et
262 355 379 403 parte
407 347 536 403 ffigati
561 346 615 387 da
640 347 798 390 Zenait.
854 349 980 388 Tutta
1008 346 1135 389 l’Asia
1161 362 1228 388 era
1255 348 1490 402 perturbata
1515 364 1590 403 per
1608 351 1648 392 el

195 416 345 457 passm·z
373 402 426 445 de
452 402 628 445 Mustasa
667 402 710 442 in
742 403 926 444 Oriente.
1005 403 1055 443 Li
1095 404 1270 445 Smirnei
1303 411 1540 444 veramente
1565 420 1646 445 con

193 459 350 512 grande
388 457 664 501 admiratione
698 465 869 498 stavano
912 458 965 498 ad
995 459 1195 512 guardare
1233 459 1298 500 chi
1340 467 1381 500 et
1409 460 1517 500 onde
1545 461 1648 502 fosse

188 513 330 569 quella
358 527 468 555 nova
495 519 612 554 zente
636 513 712 554 che
757 513 889 554 havea
917 521 1079 568 passato
1108 515 1144 555 el
1173 515 1295 555 fiume
1320 514 1372 554 de
1406 515 1616 556 Hermone
1635 547 1648 568 ‚

190 569 328 614 enchi
355 569 462 611 fosse
491 569 530 609 el
553 583 632 610 suo
661 570 865 623 capitano,
925 570 1103 622 Quando
1132 570 1270 611 hanno
1295 576 1445 624 saputo
1473 571 1549 612 che
1579 585 1650 612 era

188 624 362 676 lenuit,
380 625 482 665 'tutti
508 639 588 664 con
618 623 657 665 le
682 624 876 678 mogliere
903 633 943 665 et
971 624 1112 679 figholi
1139 639 1368 667 eorl-eveno
1396 640 1420 666 3
1472 623 1650 667 uardar-

189 677 261 732 ln,
305 679 454 734 perche
491 681 533 720 so
582 695 654 735 per
694 682 951 733 generatione
979 682 1166 722 Smirneo
1215 688 1254 721 et
1282 682 1323 720 in
1356 681 1449 735 quel
1469 697 1491 721 a
1546 684 1649 722 atria

190 748 266 779 em
290 742 399 776 stato
428 736 640 779 nutricatu.
680 736 882 776 Havendo
910 742 1142 777 veramente
1169 742 1316 790 saputo
1346 750 1461 776 come
1489 751 1511 777 e
1554 739 1650 778 Mu·
1667 740 1730 786 ¹75

186 792 293 832 atara
321 791 375 832 de
403 792 469 832 Ati
495 791 716 831 demorava
761 791 802 831 in
833 791 994 845 Epheso
1026 799 1066 832 et
1093 792 1135 831 in
1163 792 1323 844 Tireis‚
1353 792 1499 832 Zenait
1530 807 1653 847 pene-

193 845 260 888 ub
289 847 359 900 pin
395 853 515 887 entro
561 854 602 887 et
646 861 780 886 venne
823 847 874 887 ad
905 847 1045 887 Vriela
1073 853 1115 887 et
1145 847 1310 899 Eritre,
1341 846 1580 888 Clasomene
1610 854 1654 889 et

188 900 289 945 altri
314 901 425 942 lochi
456 903 762 952 circumvicini,
788 917 865 942 ove
894 916 1022 942 erano
1061 902 1219 942 homini
1244 901 1373 942 molto
1400 902 1584 943 bellicosi
1612 910 1655 944 et

189 957 252 998 soi
277 958 402 998 amici
428 959 603 1012 paterni.
664 957 961 1011 Congregando
992 957 1187 1012 adunque
1214 958 1295 997 fine
1323 956 1363 997 al
1393 973 1568 999 numero
1599 959 1654 1000 de
1671 985 1679 992 ·

190 1012 264 1053 dui
293 1013 403 1053 milia
441 1013 491 1053 de
518 1012 654 1067 quella
692 1019 832 1064 zente,
877 1013 976 1052 dalli
1005 1013 1147 1053 boschi
1187 1012 1256 1053 del
1284 1026 1406 1066 paese
1433 1014 1589 1054 tolseno
1615 1013 1656 1054 le

191 1067 332 1118 lauze,
358 1075 631 1124 quantunque
659 1069 824 1109 fosseno
855 1074 987 1108 storte
1019 1074 1063 1108 et
1091 1066 1172 1107 mal
1201 1067 1396 1118 lavor-ate,
1426 1075 1466 1108 et
1492 1068 1520 1109 li
1552 1069 1655 1109 ferri

189 1123 277 1165 fece
305 1124 368 1164 far
398 1125 441 1164 in
475 1138 627 1179 pressa.
697 1124 752 1164 Et
782 1123 867 1163 cos}
896 1123 937 1162 in
984 1123 1107 1177 pochi
1139 1125 1247 1163 zorni
1279 1123 1398 1165 armo
1425 1130 1489 1163 tra
1521 1126 1654 1166 arceri

189 1177 396 1220 lanzarori
432 1186 476 1221 et
514 1178 728 1220 iaculatori
762 1178 871 1218 circa
914 1178 986 1218 doi
1016 1179 1140 1221 milia.
1214 1178 1417 1218 Havendo
1455 1180 1586 1219 inteso
1615 1179 1655 1220 el

190 1235 368 1276 Mustafe
408 1234 461 1276 de
487 1235 586 1275 -Atis
612 1233 653 1274 13
692 1235 904 1287 inopinata
935 1240 1088 1274 venuta
1121 1233 1173 1274 de
1199 1234 1369 1284 Zenait,
1401 1242 1652 1288 congregato

189 1288 235 1332 lu
261 1290 443 1331 exercito
460 1319 474 1341 ‚
500 1290 554 1330 da
581 1289 746 1343 Epheso
806 1289 884 1329 arti
909 1295 951 1328 et
980 1303 1113 1329 venne
1141 1303 1264 1330 verso
1291 1288 1331 1329 le
1357 1287 1538 1330 smirne.
1598 1291 1655 1330 Et

190 1345 338 1386 zennit
364 1345 569 1387 habitando
596 1345 728 1385 inteso
755 1359 777 1384 c
810 1358 832 1384 e
862 1344 1042 1384 Mustafa
1075 1358 1118 1384 se
1146 1358 1219 1384 era
1240 1357 1377 1384 mosso
1404 1358 1484 1384 con
1516 1343 1560 1384 lu
1587 1359 1656 1384 ex-

190 1402 317 1444 emito
347 1415 423 1456 per
450 1401 568 1442 venir
595 1407 742 1440 contra
761 1399 812 1439 de
841 1398 923 1450 lui,
953 1399 1117 1439 subbito
1143 1414 1185 1440 se
1210 1413 1343 1440 messe
1372 1413 1445 1452 per
1469 1405 1658 1440 sconti-a-

190 1469 238 1497 re
274 1456 465 1497 Mustafa.
530 1457 588 1497 Et
619 1454 919 1496 scontrandose
955 1454 1064 1495 l'uno
1107 1469 1188 1495 con
1218 1454 1353 1494 l’altro
1382 1455 1422 1494 in
1451 1468 1534 1494 uno
1562 1456 1654 1494 loco

189 1509 230 1553 el
260 1511 383 1566 quale
409 1526 455 1553 se
489 1511 648 1553 chiama
683 1510 913 1561 Mesaulio,
957 1517 1000 1551 et
1033 1510 1211 1551 ordinati
1252 1510 1281 1550 li
1309 1510 1473 1550 exerciti
1500 1510 1655 1550 tumul-

187 1567 463 1608 tuariamente
490 1581 606 1608 come
633 1574 862 1621 possetteno
894 1567 935 1606 in
964 1565 1053 1606 1000
1079 1564 1246 1606 difficile
1266 1573 1305 1606 et
1324 1565 1547 1619 paludoso,
1579 1580 1654 1620 per

189 1623 231 1663 el
257 1637 332 1664 suo
360 1623 567 1664 trombeta
602 1622 691 1662 fece
722 1622 820 1661 dare
858 1622 896 1661 el
935 1636 1057 1674 segno
1098 1621 1204 1661 della
1233 1621 1441 1676 battaglia.
1509 1622 1655 1662 Zenait

188 1691 274 1719 non
303 1679 432 1720 havea
459 1679 662 1718 trombeta
690 1679 740 1717 ne
769 1677 865 1717 altri
894 1677 1027 1717 bellici
1057 1677 1333 1717 instormenti.
1363 1691 1429 1715 ma
1462 1676 1655 1717 intrando

190 1734 288 1776 tutti
313 1735 384 1774 doi
411 1734 442 1774 li
469 1735 637 1774 exerciti
665 1734 706 1772 in
738 1732 938 1786 bataglia,
971 1739 1010 1772 et
1036 1733 1332 1782 mesceandose,
1362 1733 1508 1772 Zenait
1537 1746 1655 1773 come

193 1788 348 1843 aquilla
375 1790 419 1828 in
448 1803 563 1829 mezo
594 1788 622 1828 li
652 1787 771 1827 ucelli
800 1787 914 1827 intro
946 1787 986 1826 in
1022 1787 1156 1841 quella
1182 1794 1343 1835 turma,
1372 1801 1655 1841 sparpagnan-

191 1843 246 1884 do
274 1844 304 1883 li
333 1844 482 1884 uemici
509 1858 584 1897 per
613 1843 649 1883 el
681 1844 805 1882 bosco
833 1842 1045 1896 paludoso,
1075 1844 1131 1882 Et
1160 1842 1197 1881 al
1223 1843 1304 1882 fine
1333 1849 1542 1882 sconti-ato
1560 1843 1655 1881 Mu-

189 1899 294 1939 stac-³
313 1929 326 1950 ,
357 1899 397 1939 al
427 1899 551 1955 quale
577 1898 696 1938 meno
725 1912 808 1937 uno
837 1897 989 1952 grande
1032 1897 1154 1951 golpo
1187 1897 1294 1937 00113
1323 1912 1437 1937 maza
1466 1898 1517 1936 de
1546 1897 1656 1936 ferro

193 1953 237 1995 in
267 1954 375 1994 eima
413 1954 522 1996 della
561 1960 695 2001 testa,
733 1967 803 2007 per
848 1953 888 1992 la
929 1952 1025 2006 qual
1070 1953 1189 1992 botta
1216 1952 1254 1992 el
1281 1951 1446 1991 dolente
1468 1952 1656 1992 'Mustafa

192 2010 412 2065 procidivo
454 2024 479 2051 a
521 2017 634 2050 terra
679 2015 815 2048 morto
847 2008 898 2047 da
927 2006 1084 2047 cavallo
1114 2007 1287 2050 cadette.
1359 2007 1524 2047 Alhora
1554 2008 1655 2048 tutti

192 2065 319 2120 quelli
348 2065 378 2106 li
413 2065 524 2119 quali
554 2065 739 2105 haveano
782 2065 985 2117 sequitato
1016 2063 1190 2103 Mustasa
1208 2093 1219 2111 ‚
1251 2077 1294 2102 se
1324 2061 1586 2102 inclinarono
1616 2069 1738 2118 et176

190 2135 310 2162 come
355 2120 489 2160 ducha
516 2122 752 2160 salutarono
779 2119 941 2170 Zinait3
976 2117 1013 2158 el
1056 2118 1177 2172 quale
1214 2118 1311 2159 lieto
1334 2132 1408 2171 per
1436 2117 1474 2157 la
1502 2117 1656 2157 havuta

191 2177 367 2219 victoria
395 2189 472 2217 oon
503 2177 655 2230 grande
682 2188 854 2214 numero
882 2174 932 2214 de
961 2182 1075 2214 zente
1101 2180 1254 2213 armata
1283 2187 1414 2212 venne
1446 2172 1489 2211 in
1514 2172 1659 2226 Ephe.

191 2246 256 2274 80.
308 2233 367 2273 Et
394 2231 425 2272 h
462 2231 705 2272 similmente
747 2244 864 2270 come
895 2229 1032 2269 ducha
1063 2230 1104 2268 fo
1133 2243 1209 2268 con
1239 2227 1366 2268 multe
1391 2227 1512 2268 laude
1542 2242 1657 2267 reze-

191 2295 308 2333 vuto.
365 2288 511 2328 Zenait
553 2287 698 2341 poiche
732 2286 865 2325 hebbe
892 2284 1094 2339 aquistato
1137 2284 1175 2324 el
1216 2284 1424 2334 duchato,
1455 2283 1656 2323 comendo

190 2342 267 2384 che
293 2357 369 2397 per
396 2343 555 2384 homini
588 2343 778 2397 generosi
809 2340 847 2380 el
883 2355 1014 2394 corpo
1049 2341 1100 2380 de
1129 2341 1306 2380 Mustafa
1340 2339 1443 2379 fosse
1470 2338 1655 2392 sepellito

192 2405 258 2439 tra
277 2399 308 2440 li
339 2400 400 2439 soi
429 2398 684 2454 progenitori
712 2396 779 2437 nel
811 2395 979 2436 castello
1010 2397 1049 2436 in
1080 2395 1118 2435 la
1151 2397 1362 2450 sepultura
1391 2401 1582 2448 paternu3
1615 2402 1657 2433 et

191 2454 276 2495 cos'l
302 2454 346 2495 so
374 2454 496 2497 facto.
551 2455 766 2494 Tornamo
799 2451 988 2492 horamai
1017 2453 1072 2491 ali
1098 2450 1320 2506 paviglioni
1351 2450 1403 2490 de
1428 2451 1596 2498 Zenait,
1625 2449 1656 2489 li

192 2507 291 2564 qual
331 2510 505 2550 suzando
550 2510 601 2550 de
642 2517 760 2550 nocte
798 2507 864 2547 dal
906 2522 1050 2561 campo
1077 2507 1128 2547 de
1158 2506 1334 2548 Mustafa
1363 2503 1655 2546 ottomanides

194 2563 301 2606 lasso
341 2565 487 2605 deserti
526 2572 569 2606 et
599 2565 735 2605 vacui.
808 2563 867 2602 La
895 2565 1050 2603 matina
1078 2570 1272 2617 sequente
1314 2576 1337 2600 3
1368 2559 1507 2615 quella
1535 2566 1655 2600 nocte

193 2621 271 2662 0110
299 2621 444 2660 Zenait
475 2621 637 2670 fuzette,
656 2618 831 2660 Mustafu
856 2625 896 2658 et
923 2619 950 2658 li
981 2619 1159 2671 principi
1187 2616 1477 2658 coniinzarono
1507 2630 1530 2654 a
1559 2628 1656 2668 par-

194 2674 280 2716 lare
311 2691 435 2730 sopra
466 2675 505 2716 13
533 2677 627 2728 fuga
660 2676 710 2714 de
739 2676 881 2713 zenait
954 2673 1091 2724 Quelli
1121 2674 1195 2713 che
1228 2674 1496 2712 nuti-icavano
1526 2668 1653 2710 bodio

195 2738 338 2773 contra
366 2732 514 2784 Zina1t‚
548 2732 748 2772 dicevano
773 2731 850 2770 che
878 2744 947 2770 era
973 2735 1135 2783 passato
1166 2727 1322 2770 al’altra
1350 2734 1466 2783 parte
1494 2733 1533 2766 et
1561 2725 1653 2766 uni-
