1884 3216
333 147 447 217 254
680 165 864 211 nucu-2
886 164 1173 209 meamus
1196 147 1420 211 NEPOTls

331 266 454 324 ᾗμεῖς
479 269 524 311 τι·
544 263 772 323 ποιήσομεν
786 267 811 320 ;’
852 263 985 314 αὐτὸς
1002 265 1051 307 δὲ
1068 265 1321 320 ἕγκλεισθείς
1351 268 1425 309 καί
1445 263 1608 322 χάρτην
1632 261 1775 328 λαβών

289 332 406 375 1)καί
434 332 605 389 γράψας
639 331 715 388 τὴν
754 327 923 386 γνώμην
957 326 1090 372 αὗτοῦ
1131 330 1204 373 διά
1231 333 1305 388 τῆς
1335 331 1502 387 γραφῆς
1525 329 1681 388 ἐδήλου·
1702 327 1778 374 καὶ

329 398 405 454 την
439 399 696 454 συμβουλήν.
756 394 808 439 τά
835 397 1052 452 γραφέντα
1093 389 1167 438 οὖν
1193 396 1369 451 ἐδήλουν
1400 393 1545 446 οὕτως.
1598 390 1775 451 ,ἄθλιοι

194 466 235 501 V.
256 464 525 520 ιι4Ῥωμαῖοι
541 497 552 516 ,
577 465 637 514 εἰς
656 464 705 506 τί
725 459 1006 517 ἐπλανήθητε,
1035 460 1110 503 καί
1132 461 1452 518 α’πεμακρύνατε
1483 462 1530 504 ἐκ
1556 463 1631 517 τῆς
1651 459 1775 504 ’ἐλπί-

331 532 402 580 δος
431 532 507 573 τοῦ
537 531 666 583 θεοῦ,
709 528 783 569 καί
804 525 1004 581 ἠλπίσατε
1032 528 1092 575 εἰς
1119 523 1196 582 τὴν
1223 525 1402 580 δύναμιν
1429 529 1513 570 τῶν
1542 525 1811 583 Φράγκων,ς

329 595 402 639 καί
424 596 504 639 σῦν
532 598 584 653 τῇ
624 593 743 637 πόλει
784 593 829 634 ἐν
856 585 1054 650 ᾗᾛέλλει
1102 594 1341 649 φθαρῆναι,
1369 593 1577 648 ἐσχάσατε
1602 592 1675 635 καί
1698 590 1774 648 τήν

328 659 549 715 εὐσέβειάν
575 675 669 709 σας.
727 654 839 706 ἵλεός
864 673 959 712 μοι,
990 657 1135 713 κύριε·
1189 657 1460 714 μαρτύρομαι
1483 654 1662 701 ε’ναῖπιόν
1694 669 1774 700 ’σου

329 722 393 768 ὅτι
422 723 683 778 omezios-,eim
711 723 789 765 τοῦ
814 721 1005 764 τοιούτου
1033 721 1301 777 πταίσματος.
1355 722 1596 777 γινώσκετε,
1629 719 1775 774 ἄθλιοι

327 796 512 844 πολῖται,
536 791 582 832 τί
614 792 785 834 ποιεῖτε.
849 787 923 828 καί
948 785 1027 829 σὺν
1059 790 1116 845 τῷ
1156 789 1515 847 αἰχμαλωτισμῷ,
1553 785 1600 838 ὃς
1630 793 1774 842 μέλλει

327 856 522 912 γενέσθαι
566 854 626 902 εἰς
670 852 810 906 ὑμᾶς,
851 851 1060 906 ἕσχάσατε
1086 853 1161 895 καί
1199 853 1245 896 τὸ
1294 851 1667 912 πατροπαράδοτον
1701 857 1777 898 καί
1791 871 1839 898 ιο

202 930 236 966 P.
253 932 315 978 ¹43
329 919 624 975 ὡμολογήσατε
662 917 740 974 τὴν
779 920 857 961 α’σέ
886 931 1001 960 ειαν·
1068 919 1167 960 ουἀἰ
1203 919 1302 972 ὑμῖν
1341 920 1386 961 ἐν
1422 922 1480 979 τῷ
1515 921 1774 978 κρίνεσθαι.”

326 987 458 1029 ταῦτα
486 983 561 1027 καὶ
596 986 719 1040 ἕτερα
765 986 895 1025 πλείω
920 983 1091 1040 γράψας
1121 982 1195 1026 καί
1220 984 1279 1035 εἷς
1306 983 1383 1041 τῆν
1408 985 1548 1042 θύραν
1578 987 1656 1029 τοῦ
1679 990 1773 1029 κελ-

325 1055 420 1095 λίου
449 1051 582 1094 αὐτοῦ
606 1052 880 1106 προσηλώσας
908 1053 1101 1106 ἐκλείσθη
1132 1049 1271 1105 ἔνδον,
1299 1050 1372 1093 καί
1397 1050 1422 1093 ὅ
1445 1050 1608 1108 χάρτης
1635 1051 1774 1107 ἀνεγι-

325 1115 519 1160 νώσκετο.
551 1113 642 1158 τότε
669 1114 715 1158 αἱ
734 1116 932 1158 δοκοῦσαι
949 1114 1142 1171 καθαραὶ
1170 1117 1242 1158 καί
1267 1117 1326 1166 εἷς
1351 1115 1451 1159 θεὸν
1478 1118 1524 1159 ἐν
1551 1117 1774 1175 ὅρθοδοξίᾳ

326 1183 610 1236 σχολάζουσαι
627 1181 899 1236 μονάστριαι,
921 1179 1026 1224 κατά
1047 1179 1092 1223 τὸ
1114 1182 1262 1223 δοκοῦν
1278 1183 1425 1231 αιῖταῖς
1443 1185 1519 1225 καί
1541 1180 1615 1226 τὸν
1632 1184 1773 1232 αὕτῶν
1790 1187 1838 1227 15

326 1244 577 1290 διδάσκαλον
591 1249 631 1289 Γ
628 1247 829 1299 εννάδιον,
856 1244 1016 1288 ἅπασαι
1039 1245 1120 1288 σὺν
1140 1251 1227 1296 τοῖς
1244 1246 1485 1302 ἡγουμένοις
1499 1247 1574 1291 καὶ
1587 1259 1775 1303 πνευμαέ

325 1318 453 1362 τικοῖς
478 1315 550 1354 καί
575 1316 731 1361 λοιποῖς
761 1310 923 1367 ἱερεῦσι
950 1313 1023 1354 καί
1049 1315 1208 1361 λαϊκοΐς
1232 1313 1278 1355 τὸ
1309 1310 1506 1367 ἀνάθεμα
1534 1313 1771 1371 ἐξεβόησαν,

325 1381 398 1421 καί
422 1376 496 1421 τὸν
518 1374 618 1434 ὅρον
636 1379 709 1434 τῆς
729 1375 912 1420 συνόδου
940 1376 1013 1419 καί
1039 1376 1139 1427 τούς
1167 1380 1410 1433 στέρξαντας
1429 1381 1502 1422 καί
1521 1382 1772 1436 στέργοντας

325 1442 399 1487 καὶ
416 1444 639 1498 μέλλοντας
658 1445 827 1499 στέρξαι
846 1438 1164 1495 ἀνεθεμάτισαν.
1189 1441 1214 1484 ὅ
1231 1444 1412 1498 χυδαῖος
1431 1440 1506 1487 οὖν
1521 1443 1595 1488 καί
1609 1441 1773 1502 οἷγοραῖ-

325 1527 370 1560 ος
387 1508 484 1559 λαός
506 1507 742 1562 ἐξελθόντες
760 1510 806 1551 ἐκ
830 1509 902 1565 τῆς
919 1508 1052 1563 αὐλῆς
1073 1510 1149 1550 τοῦ
1166 1509 1444 1564 μοναστηρίου
1463 1510 1508 1553 ἒν
1521 1510 1770 1567 καπηλείοις,
1782 1530 1835 1557 20

286 1578 553 1632 Βκρατῶντες
579 1576 624 1617 ἑν
650 1576 776 1629 χερσὶ
800 1573 874 1624 τὰς
901 1571 1056 1630 φιάλας
1083 1574 1254 1630 πλήρεις
1281 1570 1490 1630 ἀκράτου,
1519 1575 1772 1630 ἀνεθεμάτι-

328 1644 398 1693 ζον
424 1640 522 1690 τούς
548 1637 792 1694 ἓνιοτικούς,
822 1641 1010 1689 πίνοντες
1051 1640 1112 1689 εἰς
1151 1638 1375 1695 πρεσβείαν
1400 1642 1476 1696 τῆς
1517 1641 1672 1692 εἰκόνος
1697 1645 1772 1698 τῆς

326 1706 606 1763 θεομήτορος,
631 1707 705 1748 καί
729 1707 1064 1761 παρακαλοῦντες
1103 1704 1235 1761 αὐτὴν
1259 1706 1337 1748 τοῦ
1361 1707 1558 1761 γενέσθαι
1587 1710 1771 1766 προστά-

327 1856 524 1891 nasterium
551 1858 720 1896 currunt,
745 1854 987 1895 Gennadium,
1013 1859 1121 1887 antea
1145 1854 1339 1899 Georgium
1363 1855 1578 1892 scholarium
1605 1861 1768 1906 appella-

326 1910 429 1945 tum,
470 1903 627 1940 adeunt,
659 1901 923 1946 consiliumque
958 1900 1003 1933 ab
1037 1912 1101 1942 eo,
1143 1900 1326 1946 quomodo
1361 1913 1399 1936 se
1431 1914 1553 1948 gerere
1586 1906 1766 1949 debeant,

326 1954 469 1997 petunt.
496 1949 526 1983 is
554 1949 733 1982 inclusum
758 1959 795 1981 se
811 1946 902 1981 cella
927 1947 1104 1990 tenebat3
1125 1953 1266 1993 sumpta
1298 1959 1379 1993 ergo
1405 1949 1528 1984 charta
1551 1956 1767 1988 sententiam

326 2008 427 2031 suam
465 1996 728 2040 consiliumque
763 1995 895 2039 scripto
927 1995 1064 2039 aperit,
1102 2005 1173 2039 quo
1199 1995 1287 2027 talia
1311 1996 1599 2032 continebantur.
1622 2002 1767 2038 „miseri

327 2044 496 2084 Romami,
523 2053 595 2088 quo
635 2042 850 2075 aberrastis?
876 2047 912 2075 et
947 2053 967 2074 a
991 2052 1076 2086 spe,
1103 2051 1195 2086 quae
1216 2042 1254 2074 in
1281 2041 1349 2075 deo
1378 2044 1535 2088 reposita
1559 2052 1632 2088 est,
1654 2049 1766 2082 Fran*

328 2102 449 2124 corum
472 2089 609 2122 viribus
624 2088 750 2122 confisi
775 2089 882 2133 longe
907 2087 1129 2121 recessistis?
1156 2090 1235 2120 cum
1261 2088 1338 2133 ipsa
1366 2090 1454 2123 urbe
1478 2101 1596 2126 veram
1620 2095 1766 2139 religio-

327 2149 433 2177 nem,
457 2137 557 2169 brevi
600 2136 638 2169 in
666 2146 708 2169 ea
734 2134 984 2176 evertendam,
1024 2134 1243 2179 perdidistis.
1266 2136 1352 2169 vae!
1377 2138 1554 2182 propitius
1578 2140 1667 2173 mihi
1691 2142 1765 2182 sis,

328 2184 485 2217 domine.
525 2194 644 2216 coram
678 2188 716 2216 te
748 2187 862 2215 testor
885 2182 930 2214 ab
961 2181 1137 2215 eiusmodi
1162 2182 1267 2226 culpa
1291 2183 1471 2216 insontem
1494 2195 1551 2218 me
1575 2192 1612 2220 et
1634 2199 1764 2232 purum

328 2242 418 2265 esse.
455 2229 653 2270 advertite,
682 2229 804 2262 miseri
841 2229 956 2269 cives,
984 2228 1074 2273 quid
1111 2227 1221 2260 hodie
1246 2229 1318 2261 fiat.
1352 2240 1431 2262 cum
1453 2232 1646 2275 servitute,
1670 2245 1764 2279 quae

328 2276 527 2311 cervicibus
550 2276 676 2310 vestris
700 2275 905 2321 impendet,
931 2275 1039 2308 fidem
1064 2286 1084 2307 a
1109 2275 1304 2308 maioribus
1330 2282 1510 2321 acceptam
1536 2278 1738 2324 abnegastis
1753 2306 1764 2322 ,

328 2324 550 2369 impietatem
566 2323 728 2368 professi.
751 2333 817 2355 vae
830 2322 945 2363 vobis,
961 2333 1040 2355 cum
1055 2321 1299 2354 iudicaminif‘
1313 2321 1401 2355 haec
1417 2328 1454 2356 et
1471 2324 1542 2357 alia
1563 2326 1668 2370 plura
1683 2339 1763 2361 cum

329 2370 550 2415 scripsisset,
575 2370 612 2402 in
638 2370 751 2402 cellae
775 2380 860 2402 suae
885 2370 993 2402 ianua
1016 2368 1168 2413 legenda
1191 2369 1402 2413 proposuit,
1428 2381 1539 2415 seque
1566 2373 1661 2406 intra
1685 2385 1763 2408 earn

328 2417 515 2450 conclusit.
554 2417 725 2449 continuo
760 2426 853 2461 quae
878 2416 974 2450 vitae
1000 2426 1110 2460 purae
1137 2415 1374 2448 censebantur
1396 2418 1593 2459 moniales,
1622 2420 1764 2466 deoque

328 2465 460 2497 servire
487 2468 583 2495 recta
623 2474 664 2495 ac
688 2462 888 2496 orthodoxa
923 2462 1088 2507 dogmata
1113 2462 1315 2506 profitendo
1333 2487 1341 2502 ‚
1366 2473 1429 2494 sua
1453 2463 1683 2512 doctorisque
1707 2469 1764 2501 sui

329 2509 511 2544 Gennadii
540 2509 740 2551 sententia,
780 2515 931 2542 cunctae
962 2520 1041 2541 cum
1073 2508 1283 2549 abbatibuS,
1311 2509 1535 2544 confessariis
1562 2515 1764 2559 ceterisque

328 2555 575 2591 sacerdotibus
602 2567 643 2589 ac
665 2557 767 2590 laicis
792 2556 927 2599 Synodi
955 2556 1156 2596 decretum,
1186 2560 1222 2588 et
1249 2566 1309 2588 eos
1334 2557 1395 2600 qui
1422 2556 1514 2590 illud
1538 2559 1762 2603 probassent,

327 2604 436 2648 quive
459 2604 497 2635 in
523 2608 705 2647 posterum
728 2602 943 2647 probarent,
980 2602 1206 2635 anathemate
1235 2600 1457 2636 damnarunt.
1481 2604 1603 2638 infima
1629 2603 1763 2640 deinde

328 2650 553 2694 forensisque
589 2649 694 2682 turba
719 2660 737 2682 e
775 2649 984 2682 monasterii
1010 2649 1172 2682 claustris
1197 2647 1334 2693 dilapsa
1361 2650 1397 2682 in
1425 2661 1622 2695 cauponas,
1648 2655 1764 2689 mani-

327 2697 394 2730 bus
421 2697 549 2742 pocula
573 2707 670 2729 mero
695 2696 802 2741 plena
826 2701 1009 2737 tenentes,
1035 2696 1222 2729 henoticos
1246 2708 1271 2727 s.
1297 2696 1446 2730 unitatis
1472 2699 1650 2732 studiosos
1676 2700 1763 2733 diris

328 2743 572 2787 devovebant3
600 2747 636 2776 et
661 2743 698 2776 in
720 2742 891 2776 honorem
921 2743 1084 2787 imaginis
1109 2741 1276 2787 deiparae
1303 2741 1483 2777 exhaustis
1508 2746 1660 2791 poculis,
1684 2758 1762 2781 eam
