1916 3210
317 141 350 199 5
364 161 382 198 1
395 161 429 197 o
770 157 958 201 DUCAE
998 123 1268 201 1115101111

316 260 451 302 (1113113
490 258 769 309 Mechemeth,
816 271 974 298 recorse
1001 258 1079 298 alle
1109 265 1326 312 montagne
1353 260 1502 301 vicine.
1557 258 1763 305 Passand'o

324 331 397 372 per
422 315 638 356 l’Armenia
683 313 727 352 e'l
756 313 913 352 famoso
946 313 1068 352 fiume
1096 313 1147 353 de
1174 315 1345 354 Fasides
1362 347 1373 365 ,
1401 314 1546 355 alcune
1572 315 1685 357 delle·
1702 319 1763 360 ei»

319 371 413 413 tude
467 370 518 410 de
573 369 706 423 quella
748 367 949 421 provintia
989 370 1221 420 sottomise‚
1265 370 1411 410 31311113
1453 368 1764 424 inexpugnabile

318 425 568 468 excorrendo
614 423 732 463 lasso.
801 423 856 462 Et
892 436 1008 461 corsa
1035 422 1287 474 l’Armenia‚
1336 425 1546 478 provintia
1568 426 1643 465 sita
1663 426 1763 468 ‚tra’l

317 488 456 522 monte
474 481 641 519 Thauro
671 476 718 516 e’l
747 483 884 516 monte
904 477 1101 528 Caucaso,
1128 492 1338 532 pervenne
1358 480 1396 519 al
1423 479 1615 520 altissimo
1644 494 1763 524 mon·-

317 544 360 577 te
388 536 589 583 03113350,
634 531 670 571 31
699 531 795 585 qual
832 532 1130 571 disterminata
1158 534 1324 588 Scythia
1349 535 1401 573 da
1429 535 1466 574 la
1501 535 1631 576 India.
1680 576 1683 577 γ
1707 530 1764 578 Et

320 597 505 645 superate
531 589 569 628 le
598 589 816 640 asperrime
843 589 1074 641 montagnie
1093 588 1284 628 Caueasie
1310 603 1386 629 con
1414 589 1566 643 grande
1598 590 1764 645 futighe5

229 648 306 695 ’343
320 647 424 686 fame
458 652 497 684 et
523 649 636 690 sete,
667 641 760 680 alfiu
791 641 948 682 descese
985 644 1028 681 in
1058 643 1245 683 Colchos.
1306 645 1682 698 Approximandose
1702 646 1763 688 -ad

320 698 587 753 Trapesunda
617 696 766 736 mando
795 697 834 736 31
861 697 950 737 dire
977 697 1059 736 allo
1089 697 1343 751 imperadore
1373 699 1449 740 3113
1474 700 1648 740 decerna
1673 700 1762 744 de}-
1819 723 1822 725 —

318 755 359 796 le
389 755 455 794 doi
485 767 574 793 cose
602 766 685 791 una
714 752 752 790 la
778 751 992 805 megliore:
1030 766 1054 791 0
1082 752 1156 792 3113
1184 753 1214 792 11
1241 753 1355 793 trada
1383 754 1424 793 1ο
1451 756 1622 808 imperio
1643 769 1764 796 senza

320 811 465 850 alcuna
494 806 768 848 diminutione
813 806 855 846 di
883 807 1036 847 thesori
1058 836 1070 857 ‚
1101 822 1205 859 oro,
1234 814 1403 862 argento
1421 838 1433 860 ‚
1462 823 1600 858 rame,
1628 810 1762 858 servi,

320 879 437 905 serve
465 870 508 904 et
551 864 647 916 ogni
689 862 792 901 altra
817 876 935 913 cosa,
982 877 1006 902 o
1034 870 1269 902 veramente
1295 862 1466 917 perdera
1493 872 1596 904 tutte
1621 871 1764 919 queste

321 934 446 970 cose,
476 919 700 971 l'imperio,
730 924 772 956 et
802 916 1080 957 ultimamente
1110 916 1149 956 la
1178 918 1277 959 vita.
1356 918 1662 972 L’imperadore
1688 920 1764 960 ha·

320 975 456 1014 vendo
498 975 623 1014 intesa
666 979 805 1026 questa
855 972 961 1012 dura
989 980 1207 1026 proposta,
1256 972 1341 1012 usc'i
1381 988 1460 1013 3011
1493 981 1595 1013 tutta
1627 974 1666 1014 la
1691 988 1765 1015 sua

319 1029 502 1083 fameglia
538 1036 576 1068 et
600 1027 749 1067 inclino
781 1027 819 1066 31
848 1034 1052 1082 tyranno,
1082 1028 1226 1080 perche
1253 1027 1433 1073 l’armata
1463 1028 1514 1068 da
1532 1043 1643 1073 mare
1667 1043 1767 1083 pan·

319 1087 392 1125 tita
423 1085 475 1125 da
502 1084 644 1136 Sinopi
684 1082 796 1122 molti
827 1082 942 1122 zorni
987 1084 1126 1121 avanti
1155 1097 1222 1122 era
1251 1084 1430 1123 arrivata
1457 1085 1497 1122 in
1534 1085 1765 1138 Trapeson-

321 1141 399 1190 da,
431 1147 471 1180 et
501 1138 597 1193 ogni
629 1152 754 1177 zorno
780 1137 1070 1176 combattendo
1097 1152 1181 1177 non
1210 1138 1338 1177 havea
1368 1138 1622 1191 guadagnato
1649 1139 1764 1179 alcu..

321 1209 373 1235 na
404 1208 513 1234 cosa.
571 1195 641 1233 Ma
662 1199 784 1232 zonto
812 1194 848 1232 el
875 1192 1008 1231 ducha
1035 1206 1111 1232 con
1141 1191 1182 1232 lu
1211 1194 1384 1232 exercito
1411 1200 1601 1233 terrestre
1619 1223 1631 1245 ‚
1661 1194 1765 1237 l'1m-

320 1250 500 1304 perador
526 1263 611 1288 non
655 1248 861 1287 hahiundo
889 1248 997 1287 forze
1027 1247 1078 1286 da
1109 1255 1384 1297 contrastare,
1420 1261 1460 1287 se
1488 1249 1765 1289 ricommando

317 1301 357 1344 al
396 1313 571 1358 tyranno
615 1318 692 1343 con
734 1302 773 1342 la
811 1302 945 1353 dona,
997 1316 1073 1341 con
1121 1303 1149 1341 li
1191 1301 1329 1355 figlioli
1366 1309 1406 1342 et
1445 1318 1520 1342 con
1553 1303 1762 1356 l’imperim

319 1362 476 1411 Questo
505 1358 762 1412 imperadore
790 1372 831 1396 se
859 1357 1018 1397 chiamb
1047 1357 1180 1396 David
1203 1357 1390 1408 Comino,
1417 1357 1568 1411 figliolo
1597 1358 1647 1398 de
1664 1358 1764 1398 Ale-

318 1415 385 1455 xio
416 1415 589 1453 Comino
623 1419 665 1452 et
683 1411 860 1452 fradello
892 1412 942 1451 (13
973 1412 1132 1451 Ζ11311111
1164 1412 1358 1462 Comino,
1397 1412 1431 1451 el
1459 1413 1578 1466 quale
1604 1413 1762 1467 impero

349 1485 395 1509 er
426 1470 575 1511 avanti.
626 1468 667 1507 fo
707 1467 900 1506 mandato
949 1466 1000 1504 da
1031 1466 1389 1520 Constantinopoli
1415 1468 1464 1505 ad
1495 1468 1692 1520 imperare
1723 1469 1763 1507 in

317 1484 588 1577 H'rapesunda
618 1537 699 1562 con
728 1522 756 1561 li
787 1522 927 1574 patrui
960 1527 1000 1559 et
1028 1522 1086 1559 soi
1125 1523 1264 1573 nepoti
1289 1549 1301 1571 ‚
1341 1529 1380 1560 et
1410 1536 1489 1560 con
1521 1521 1635 1562 molti
1668 1522 1763 1562 delli

316 1579 500 1632 principi
530 1584 572 1618 et
599 1576 782 1631 generosi
808 1575 872 1615 del
899 1574 1058 1628 palam,
1088 1582 1128 1613 et
1153 1589 1229 1614 con
1261 1575 1299 1613 le
1324 1575 1419 1616 loro
1450 1575 1647 1616 riccheze⁴
1677 1578 1762 1616 fla-

316 1634 451 1675 vendo
496 1633 688 1685 adunque
734 1638 922 1670 rezevuto
963 1629 1015 1669 ad
1057 1643 1129 1668 sua
1158 1629 1412 1670 obbedientia
1454 1626 1494 1670 io
1522 1631 1690 1685 imperio
1723 1638 1764 1672 et

317 1690 503 1738 ordinate
538 1687 575 1727 le
603 1700 694 1726 cose
731 1686 781 1725 de
809 1684 1074 1738 Trapesunda
1095 1713 1107 1731 ‚
1152 1685 1187 1723 el
1233 1691 1408 1737 tyranno
1434 1686 1562 1725 torno
1586 1686 1664 1726 3113
1691 1701 1764 1726 sua
1800 1721 1801 1724 ,

319 1745 458 1793 mdia,
492 1742 698 1782 habiando
728 1742 905 1793 compito
935 1753 1019 1777 uno
1053 1739 1256 1777 annodal
1284 1753 1408 1779 zorno
1439 1740 1544 1780 della
1570 1755 1641 1781 sua
1669 1756 1766 1795 par·

316 1800 408 1839 tita.
436 1797 501 1837 nel
530 1811 639 1836 anno
669 1797 719 1835 de
733 1795 841 1849 69'70
870 1793 1020 1833 mando
1050 1793 1308 1833 ambaxadori
1338 1794 1376 1833 al
1403 1795 1574 1835 vaivoda
1599 1793 1651 1836 de
1678 1798 1766 1836 Vu-

316 1853 475 1902 1331113,
518 1850 776 1891 nuntiandoli
820 1849 894 1889 che
925 1855 1057 1902 presto
1092 1848 1239 1888 dovese
1262 1851 1404 1888 venire
1434 1849 1482 1889 ad
1513 1849 1685 1890 inclina-r
1713 1852 1765 1892 ad

316 1908 356 1948 13
384 1923 456 1947 sua
482 1908 683 1960 presentia
711 1912 751 1944 et
777 1912 921 1957 portar
948 1903 983 1942 el
1014 1902 1178 1942 tributo
1201 1903 1259 1945 „de
1288 1904 1423 1944 ducati
1457 1906 1496 1944 X
1514 1905 1631 1956 ,milia
1650 1935 1662 1957 ‚
1690 1907 1765 1948 che

318 1964 348 2003 li
392 1964 494 2003 deve
525 1962 598 2001 dar
635 1961 730 2014 ogni
762 1973 894 2008 311110,
924 1972 1115 2010 appresso
1150 1972 1290 1997 menar
1314 1973 1390 1998 3011
1421 1974 1507 1999 esso
1537 1962 1644 2013 putti
1670 1962 1760 2001 500.

318 2018 370 2058 El
401 2016 575 2057 vaivoda
601 2029 763 2068 respose
792 2014 865 2053 che
890 2014 919 2052 li
948 2012 1084 2052 ducati
1113 2013 1166 2051 113
1198 2013 1250 2053 (13
1266 2014 1472 2064 mandare,
1508 2030 1571 2055 ma
1598 2016 1626 2056 li
1655 2018 1765 2070 putti

243 2082 406 2128 344non
434 2073 488 2111 ha
516 2072 570 2110 da
608 2072 736 2121 dare;
784 2076 824 2107 et
852 2067 982 2106 andar
1010 2075 1142 2120 presto
1169 2066 1247 2106 alla
1276 2082 1346 2108 sua
1373 2071 1571 2122 presentia
1591 2100 1604 2121 ‚
1634 2071 1764 2111 molto

321 2127 494 2169 1113113110
525 2140 577 2179 po
605 2126 707 2167 fare.
782 2124 932 2173 Queste
959 2122 1096 2175 parole
1126 2123 1291 2162 referite
1318 2124 1459 2163 feceno
1484 2125 1700 2166 deveniat-e
1727 2127 1766 2167 el

320 2191 496 2238 tyranno
537 2181 738 2220 indomito
781 2185 822 2218 et
850 2178 996 2216 feroce.
1056 2177 1104 2216 Et
1141 2177 1301 2217 subbito
1331 2178 1481 2218 mando
1513 2194 1594 2218 uno
1627 2181 1668 2221 di
1705 2181 1764 2220 soi

323 2237 533 2279 excellenti
554 2250 628 2275 con
656 2248 741 2274 uno
767 2233 895 2273 scriba
922 2231 1017 2271 delli
1036 2232 1239 2279 honorati,
1271 2233 1343 2272 3113
1371 2234 1608 2287 togliesseno
1632 2235 1660 2274 li
1687 2236 1765 2275 tri-

259 2320 261 2322 ·
322 2293 439 2339 buti,
493 2289 771 2330 notificandoli
814 2288 887 2329 che
915 2288 964 2326 de
991 2287 1030 2326 le
1056 2288 1157 2325 altre
1182 2301 1278 2326 cose
1305 2302 1392 2327 seco
1419 2302 1460 2328 se
1491 2291 1761 2342 conse'gliaria.
1810 2328 1813 2332 .

323 2347 477 2387 Venuti
502 2347 693 2398 adunque
715 2344 742 2384 li
776 2343 943 2382 mezzasi
973 2349 1013 2381 et
1030 2341 1237 2380 notificate
1267 2343 1304 2380 le
1332 2357 1425 2382 cose
1453 2342 1573 2392 dicte,
1607 2344 1643 2383 el
1673 2345 1764 2384 vai..

323 2403 429 2441 voda
469 2403 736 2454 primamente
765 2398 841 2445 fico
878 2398 914 2435 al
946 2397 1039 2449 palo
1075 2396 1106 2435 li
1146 2397 1312 2435 mezzasi
1334 2427 1345 2445 ‚
1377 2405 1414 2436 et
1439 2398 1524 2438 fece
1555 2399 1584 2437 li
1613 2400 1766 2439 morire

326 2457 376 2496 de
404 2464 538 2495 morte
580 2455 741 2495 dolente
782 2459 824 2492 et
850 2454 1117 2505 victuperosa.
1186 2452 1320 2504 Dapoi
1362 2453 1478 2505 passo
1516 2468 1592 2493 con
1623 2455 1659 2493 la
1692 2469 1765 2494 sua

324 2526 519 2565 possanza
561 2508 824 2550 discorrendo
866 2507 904 2546 le
943 2516 1057 2559 parte
1091 2506 1140 2545 de
1171 2507 1318 2557 Istrian,
1359 2514 1398 2546 et
1435 2508 1619 2547 havendo
1647 2523 1764 2562 presa

323 2567 450 2607 molta
478 2572 592 2604 zente
622 2564 747 2603 torno
775 2564 816 2602 in
847 2561 1049 2601 Vulachia
1068 2591 1079 2608 ‚
1113 2567 1155 2599 et
1182 2563 1277 2599 tutti
1311 2562 1450 2614 quanti
1481 2562 1645 2615 impalb.
1689 2564 1779 2610 Ca-¹

323 2635 462 2670 musa,
493 2634 574 2659 uno
603 2619 697 2658 delli
730 2617 949 2665 excellenti,
981 2615 1236 2669 vogliandose
1263 2624 1437 2655 mostrar
1463 2618 1642 2667 valente,
1671 2633 1766 2671 pas-

329 2676 370 2716 ,b
400 2677 442 2714 in
471 2674 673 2713 Vulaehia
702 2688 778 2712 con
807 2672 959 2711 Turchi
985 2673 1026 2710 X
1054 2671 1178 2710 milia.
1210 2676 1251 2709 et
1277 2672 1542 2711 scontrandoli
1571 2673 1607 2711 el
1634 2669 1764 2712 Vola-

323 2730 426 2780 cho,
462 2729 560 2769 tutti
587 2728 615 2767 li
647 2740 795 2781 prese,
818 2733 935 2780 parte
963 2727 1045 2767 vivi
1072 2733 1111 2767 et
1139 2733 1254 2778 parte
1279 2728 1402 2765 morti
1430 2728 1471 2765 in
1500 2722 1688 2781 bateglia.
1716 2727 1765 2766 Li
