1890 3204
569 166 643 207 AD
685 159 803 207 cAr.
844 159 932 207 xv.
979 160 1176 206 NOTAE.
1489 145 1594 201 561

138 265 279 308 -iumh
315 277 412 306 nam
441 265 544 307 aliae
571 273 666 307 sunt
708 282 798 307 aves
837 268 964 321 magis
1004 265 1181 318 vocales,
1221 277 1478 319 quarumque
1506 281 1604 306 sua-

140 323 243 363 ›vior
272 322 386 362 vocis
414 321 697 362 inflexionibus
727 324 848 363 variis
875 329 1017 362 cantus
1047 322 1235 363 sentitur.

260 376 313 421 P.
330 379 399 433 57,
420 391 480 421 ια.
510 376 671 432 Σάξων]
702 379 788 418 Cur
811 379 877 417 hic
893 378 1098 418 Saxonum
1114 376 1253 432 potius
1274 378 1507 417 meminerit
1529 393 1605 418 no-

146 439 234 473 ster
261 446 384 486 quam
405 432 729 473 Alemanuorum
747 447 817 473 seu
836 435 1156 485 Germanorum,
1184 431 1348 472 nescio:
1380 441 1450 472 ant
1477 435 1508 473 si
1531 449 1607 487 per

143 488 324 529 Saxones
353 487 455 542 quos
484 488 552 528 hic
587 490 799 538 nominat,
843 502 913 529 eos
933 488 1131 543 intelligat
1161 487 1233 542 qni
1263 488 1608 543 Transsylvaniae

144 549 304 598 partem
332 557 457 583 unam
472 543 673 594 incolunt,
699 543 869 598 reliquis
885 544 1044 584 duabus
1062 559 1084 583 a
1111 543 1264 584 Ciculis
1277 548 1319 582 et
1339 541 1608 600 Transsylva-

146 598 211 638 nis
236 599 460 653 occupatis.
488 597 680 639 dubitare
708 600 833 640 etiam
863 611 1075 655 possumus
1103 613 1154 640 an
1184 599 1365 639 Polonos
1392 601 1604 655 intelligat,

145 653 257 693 infra
285 653 486 708 siquidem
527 668 614 708 cap.
636 655 687 694 32
726 653 838 708 ῥῆγα
871 655 955 695 τῶν
981 652 1123 704 Σάξων
1160 652 1342 708 appellat
1374 655 1608 710 Hungariae

147 722 286 763 regem
314 707 549 749 Ladislaum
581 710 772 750 casimiri
797 706 992 751 Poloniae
1019 709 1128 764 regis
1159 711 1339 750 fratrem·
1407 710 1607 752 Leuncla—

142 763 236 804 vius
269 763 481 804 adeundus
510 765 552 805 in
581 765 803 806 Pandectis
831 776 871 809 n.
899 775 990 805 122.

256 819 308 860 P.
338 819 388 876 57
407 848 420 871 ‚
452 834 516 860 20.
555 819 978 867 κατασπαταλοῦντος
1007 813 1098 875 οὖν]
1128 821 1193 861 De
1221 820 1426 875 legatione
1453 821 1608 877 Temy'.

144 874 236 929 ris,v
266 876 360 929 ·qui
411 874 536 929 vulgo
592 875 858 916 'ramerlanes
900 875 1076 927 dicitur,
1118 876 1170 916 ad
1200 877 1420 917 Baiazitem
1450 877 1611 932 legendi

147 937 243 971 sunt
268 930 479 970 Phranzes
508 930 581 974 lib.
603 945 620 971 ι
656 946 746 986 cap.
770 945 816 971 αι
837 961 850 982 ,
877 932 1081 971 Laonicus
1122 931 1193 976 lib.
1223 945 1248 972 2
1287 933 1364 973 sub
1393 929 1539 984 linem,
1571 940 1613 974 et

144 985 424 1026 Leuuctavius
453 986 559 1041 lib-7
591 986 687 1028 hist.
715 985 910 1026 Musnlm.

256 1041 308 1081 P.
327 1041 397 1093 58,
417 1056 475 1082 ¹2.
503 1041 632 1098 ξυρίῳ
648 1042 836 1095 καθᾶραι
856 1035 956 1090 τούς
975 1035 1194 1096 πώγωνας]
1224 1038 1440 1096 Principes
1451 1039 1615 1083 Turcos

143 1096 392 1150 ignominiae
410 1096 636 1136 inurendae
662 1111 788 1137 causa
809 1096 977 1136 barbam
1005 1097 1126 1137 alicui
1159 1096 1344 1152 praecidi
1362 1097 1504 1138 iubere
1526 1110 1621 1139 mos·

144 1151 240 1191 fnit.
311 1151 583 1193 Leunclavius
626 1153 700 1193 lib.
730 1155 760 1204 4
804 1155 847 1191 in
877 1152 1074 1192 Urebane
1116 1153 1215 1193 Gasi
1254 1152 1327 1191 ubi
1356 1152 1408 1192 de
1435 1153 1616 1207 pristinis

147 1206 386 1247 'rumorum
427 1208 624 1248 institutis
660 1210 765 1262 agit,
804 1207 949 1247 haecce
988 1208 1162 1249 scribit:
1206 1207 1244 1247 si
1272 1208 1339 1247 cui
1365 1220 1443 1247 rex
1480 1209 1616 1249 iratus

143 1271 265 1313 esset,
292 1264 545 1317 ignominiae
582 1273 620 1304 et
651 1276 814 1319 poenae
853 1276 986 1302 causa
1016 1263 1194 1303 barbam
1235 1263 1396 1303 homini
1424 1265 1619 1318 praecidi

144 1317 320 1358 iubebat.
358 1326 399 1358 et
438 1317 510 1359 lib.
543 1331 590 1358 ro
629 1318 859 1372 exemplum
887 1317 1009 1357 huius
1052 1318 1194 1359 affert:
1225 1317 1324 1357 dum
1356 1319 1617 1359 Suleimanus

142 1372 329 1412 filiorum
360 1374 548 1414 Baiazitis
570 1387 677 1414 unus
706 1373 862 1415 bellum
890 1387 984 1412 cum
1006 1373 1135 1413 fratre
1165 1387 1239 1413 suo
1265 1374 1407 1427 Moyse
1435 1375 1615 1426 gerebat,

144 1427 322 1468 Chasani
366 1429 481 1483 Agae
520 1428 691 1469 barbam
745 1428 918 1475 iniuriae
966 1442 1014 1467 ac
1059 1428 1336 1468 contumeliae
1376 1429 1618 1470 inferendae

148 1496 270 1523 eausa
299 1484 486 1538 praecidi
503 1485 724 1528 mondavit.
753 1484 860 1538 apud
882 1484 1103 1526 Cantacuz.
1134 1485 1254 1523 etiam
1294 1483 1366 1522 lib.
1384 1482 1410 1535 4
1454 1499 1546 1538 cap.
1564 1498 1616 1525 22

143 1537 317 1592 legimus
353 1539 610 1594 Stephanum
650 1540 817 1580 Serviae
857 1540 1046 1590 Graiam,
1090 1546 1309 1593 postquam
1350 1540 1618 1580 Macedoniae

143 1590 338 1634 Edessam
382 1594 424 1634 in
465 1594 709 1650 potestatem
735 1607 850 1635 suam
883 1594 1148 1648 prodentibus
1179 1594 1338 1648 aliquot
1366 1595 1524 1635 civibus
1553 1610 1617 1635 re-

143 1648 344 1703 degisset,
393 1650 553 1691 iussisse
602 1648 649 1690 τὸ
679 1650 839 1703 γένειον
863 1649 934 1702 ,ἐπ’
960 1648 1095 1690 αὐτοῦ
1121 1649 1368 1700 τίλλεσθαι,
1395 1650 1563 1690 barbam
1594 1666 1616 1691 c

141 1713 277 1745 mento
304 1720 346 1744 se
384 1719 520 1745 coram
555 1705 657 1745 velli
684 1706 834 1756 Lyzico
880 1708 964 1745 eius
1007 1705 1114 1744 urbis
1148 1706 1383 1759 praefecto,
1421 1706 1530 1758 qnod
1571 1722 1615 1748 se

144 1760 283 1799 acrius
311 1760 452 1799 urbem
483 1763 651 1800 intranti
682 1774 892 1814 opponere
920 1758 1127 1799 voluisset.
1188 1759 1461 1799 Leunclavius
1487 1761 1556 1803 lib.
1587 1777 1610 1816 7

144 1812 303 1866 legatos
336 1814 427 1854 illos
467 1815 655 1869 Temyris
698 1815 918 1854 Baiazitem
948 1815 1113 1867 indigne
1142 1813 1359 1862 hahuisse,
1393 1815 1500 1854 dona
1533 1816 1613 1856 sibi

144 1869 267 1909 missa
314 1869 434 1910 flocci
476 1871 635 1920 secisse,
687 1870 935 1924 tandemque
965 1868 1181 1922 epistolam
1211 1869 1391 1922 superbe
1421 1884 1469 1910 ac
1500 1871 1611 1911 inso-

143 1923 277 1965 lenter
306 1925 494 1979 scriptam
530 1926 586 1965 eis
607 1925 833 1965 'tradidisse
862 1931 1015 1964 narrat.

255 1979 304 2019 P.
325 1981 391 2030 58,
419 1981 477 2022 15.
507 1977 613 2020 ἔστω
634 1978 942 2032 κεχωρισμένος
974 1975 1056 2018 dn&
1080 1979 1156 2031 τῆς
1177 1975 1315 2018 αὐτοῦ
1330 1979 1511 2031 νομιζιιου
1531 1996 1608 2033 γα..

140 2032 285 2088 μετῆς]
316 2036 521 2075 Laonicus
544 2035 613 2075 lib.
635 2050 657 2075 2
689 2036 764 2075 sub
789 2035 908 2074 finem
931 2034 1009 2075 alia
1032 2034 1159 2073 verba
1180 2035 1438 2087 respondisse
1451 2037 1608 2076 Baiazi-

142 2097 224 2129 tem
256 2088 397 2145 legatis
413 2091 669 2146 Temyrinnis
692 2090 845 2130 trudit:
877 2085 952 2129 τὸν
977 2088 1024 2129 δὲ
1038 2086 1316 2142 Παγιαζήτήν
1337 2088 1606 2141 ὑπολαβόντα

144 2143 189 2192 ἐς
218 2142 290 2185 τὸν
326 2139 500 2198 ἄγγελόν
544 2144 704 2200 φάναι,
746 2144 786 2185 εἰ
811 2141 953 2184 τοίνυν
996 2140 1055 2196 μὴ
1087 2142 1183 2198 ἐπίῃ
1210 2140 1448 2195 μαχόμενος
1479 2142 1607 2197 ἡμῖν,

142 2198 188 2246 ἐς
219 2201 310 2252 τρῖς
335 2199 412 2255 τήν
438 2197 592 2241 ἑαυτοῦ
618 2205 797 2253 γυναῖκα
819 2196 951 2252 ἐχέτω
970 2197 1210 2248 ἀπολαβών.
1239 2201 1277 2238 si
1301 2202 1433 2255 itaque
1465 2200 1607 2250 bellum

142 2256 259 2296 nobis
301 2270 382 2296 non
426 2257 606 2297 intulerit
627 2286 639 2306 ‚
680 2269 852 2295 ica-orem
894 2268 1011 2294 suam
1055 2251 1304 2308 [dimissam]
1334 2264 1394 2294 ter
1424 2258 1540 2310 apud
1564 2272 1607 2297 se

142 2311 352 2351 admittat.
380 2313 550 2365 exponit
583 2311 772 2364 deinceps
819 2310 978 2359 virum,
1009 2310 1174 2363 quando
1205 2323 1376 2361 uxorem
1404 2312 1604 2365 repudia-

143 2367 235 2417 vit,
275 2367 543 2406 iureiurando
583 2367 783 2406 affirmare
825 2380 913 2405 eam
945 2364 1055 2418 apud
1084 2379 1126 2404 se
1163 2378 1373 2418 nunquam
1404 2366 1605 2407 admissu-

142 2435 264 2472 rum3
302 2421 359 2461 ita
384 2429 431 2462 ut
467 2423 544 2476 ipsi
574 2423 631 2462 sas
659 2436 743 2461 non
783 2421 866 2471 sit,
896 2435 989 2459 cum
1019 2434 1041 2458 a
1071 2421 1192 2459 trinis
1215 2420 1422 2473 splenibus
1452 2422 1605 2463 dimisit

142 2489 310 2516 uxorem
331 2506 344 2528 ‚
376 2492 467 2517 eam
506 2478 653 2516 iterum
694 2477 807 2516 domi
830 2478 1012 2529 accipere
1042 2475 1119 2515 nisi
1151 2475 1355 2515 adulterio
1390 2477 1601 2530 pollutam.

144 2531 251 2571 idem
277 2532 482 2572 Laonicus
514 2533 581 2572 lib.
610 2534 631 2572 3
648 2563 660 2584 ‚
688 2532 758 2571 nbi
782 2533 832 2571 de
848 2532 1079 2571 Turcorum
1108 2531 1292 2570 moribus
1320 2532 1500 2583 disserit,
1530 2535 1604 2573 ad-

143 2587 318 2630 enudus.
355 2590 463 2627 ratio
506 2590 560 2628 ob
591 2602 714 2642 quam
744 2587 1022 2640 turpissimum
1061 2585 1235 2626 habetur
1262 2588 1310 2626 ad
1342 2602 1510 2628 uxorem
1540 2591 1604 2627 di-

145 2642 310 2682 missam
350 2643 487 2683 redire
529 2643 629 2682 haec
671 2650 745 2682 est.
775 2643 941 2696 periurii
967 2657 1014 2681 ac
1043 2642 1214 2681 levitatis
1243 2648 1341 2683 nota
1372 2655 1419 2682 ne
1443 2644 1605 2684 macula

145 2711 187 2735 se
210 2697 448 2752 adspergit,
481 2699 551 2752 qui
586 2714 628 2737 se
662 2713 747 2737 non
775 2698 950 2751 amplius
978 2697 1248 2737 admissurum
1280 2699 1455 2748 iuravit,
1488 2700 1580 2737 dein

144 2764 238 2807 ceps
280 2767 382 2793 vero
429 2754 638 2805 admittit3
684 2755 736 2793 ab
762 2754 933 2793 honesto
977 2753 1153 2807 denique
1179 2761 1220 2793 et
1243 2754 1399 2795 decoro
1427 2755 1604 2794 alienum

303 2831 441 2866 Ducus.
1383 2832 1430 2867 36
