1916 3210
201 1497 320 1532 2215

336 165 449 240 540
777 195 795 226 .·
914 187 1198 228 numam

332 286 375 327 ni
407 285 539 329 omlis
565 300 637 327 seu
665 288 918 342 imperatoris
945 288 1184 340 occupavit,
1215 285 1282 328 alii
1310 287 1431 339 alias,
1469 297 1562 331 cum'
1589 289 1775 334 Uroeeas·

332 343 527 396 Stephani
553 342 605 382 F.
634 343 798 395 ignavia
827 356 872 382 ac
910 341 1061 382 desidia
1089 349 1244 397 tempus
1271 346 1524 398 transigeret.
1554 343 1622 385 hio
1650 347 1776 387 Lana*

331 408 402 436 rus
430 397 585 450 primus
626 397 704 437 fuit
732 399 895 437 Sei-viae
934 397 1100 450 despota
1127 413 1148 438 e
1180 399 1337 439 -samilia
1366 399 1558 440 Privazia·
1576 401 1662 442 sive
1683 401 1776 443 Priss

335 451 465 491 bazia.
494 466 630 506 pugna
657 465 782 506 porro
807 450 874 490 illa
904 453 1113 491 commissa
1141 460 1199 493 est
1230 453 1270 493 in
1299 468 1443 506 campo
1460 454 1776 497 Cossovomnn'o

335 507 510 561 Regii-ae
538 520 647 560 791,
686 505 834 545 Christi
873 505 1005 559 1389,
1049 521 1130 546 non
1166 522 1264 548 vero
1304 521 1412 548 anno
1448 509 1575 563 {5903
1610 511 1776 551 ⁴iit-vnit

333 561 604 601 Leunclavius
638 563 679 600 in
709 560 922 600 pandectis
957 562 1141 602 'I'urcicis
1181 577 1271 616 cap.
1301 564 1369 613 54.
1395 577 1527 604 annus
1557 565 1666 604 enim
1693 579 1768 619 79¹

330 616 463 667 coepit
502 630 611 655 anno
640 614 791 655 Christi
828 615 949 665 1588,
989 616 1185 661 Decemb.
1214 617 1296 669 50,
1334 618 1407 661 fer.
1436 617 1489 670 4,
1535 619 1650 672 cyclo
1677 621 1776 661 solis

333 671 483 721 XXV,
515 671 592 712 litt.
625 669 685 717 E,
715 670 767 713 D.
805 678 978 724 propter
1017 673 1208 717 occisum·
1244 686 1340 712 vero
1378 687 1423 714 ex
1454 674 1608 714 insidiis
1637 675 1774 714 Mora*

331 732 444 776 tem,
473 739 630 766 morem
658 739 704 765 ac
731 725 1063 766 consuetudinem
1089 727 1183 767 inde
1218 741 1400 768 manasse
1424 730 1481 768 ait
1507 727 1777 770 Leunclavius

334 786 384 819 ut
421 778 556 819 nullus
601 779 756 832 legatus
781 779 996 835 Sultanum
1039 781 1236 833 accedat,
1268 784 1344 822 nisi
1377 798 1401 824 a
1430 783 1588 824 duobus
1613 778 1776 838 Capigis

334 833 502 874 brachia
526 834 888 888 complectentibus
917 836 1103 880 ducatur.
1133 851 1179 877 ex
1207 844 1323 890 parte
1350 851 1493 878 verum
1517 852 1600 879 esse
1626 845 1777 879 conce-

331 888 481 929 datur:
511 890 680 930 honoris
701 891 827 930 nihilo
846 891 980 931 minus
997 893 1127 946 gratia
1143 891 1183 931 id
1205 893 1327 932 etiam
1347 906 1455 933 nunc
1481 893 1569 934 fleri
1591 899 1772 945 constat3

328 950 371 983 et
386 958 496 983 anno
513 944 612 999 1647
631 945 752 985 Vezir
768 946 997 987 -Azemum
1022 961 1091 986 seu
1112 947 1291 1000 primum
1302 947 1499 988 Vezirum
1519 949 1673 1003 palatio
1702 963 1777 990 suo

332 999 606 1052 egredientem
633 1014 875 1054 rursumque
903 1000 1004 1041 illud
1034 999 1325 1054 ingredientem
1354 1002 1467 1052 vidi,
1509 1002 1697 1044 duorum>
1716 1002 1777 1044 lh»

329 1054 541 1093 mulorum
580 1055 774 1095 manibus.
807 1056 973 1095 brachia
1018 1055 1369 1110 complectentium
1406 1056 1679 1101 suble‘.=,vatum.¹
1706 1071 1778 1098 eo*-

329 1109 510 1162 demque
538 1110 661 1149 modo
690 1111 997 1151 Genitzerorum
1016 1113 1148 1165 Agam
1175 1125 1244 1151 seu
1275 1112 1542 1165 praefectum,
1573 1114 1644 1166 qui
1672 1127 1778 1153 eum.

330 1163 425 1203 dem
455 1165 650 1208 Vezirum
682 1167 961 1214 conveniebat,
992 1166 1167 1206 duorum
1195 1165 1441 1206 famulorum
1468 1168 1655 1208 manibus
1672 1167 1777 1208 sub-

329 1219 508 1258 levatum
534 1220 725 1260 incedere
754 1221 929 1275 adspexi.
963 1221 1030 1261 hic
1059 1223 1214 1262 Lector
1238 1221 1466 1263 monendus
1493 1229 1553 1263 est
1584 1222 1670 1263 falli
1696 1223 1776 1262 Le·-

329 1273 565 1315 unclavium
594 1274 664 1318 lib.
694 1275 721 1316 6
750 1275 842 1320 hist.
873 1276 1064 1319 Musulm.
1096 1276 1260 1330 quando
1287 1291 1425 1320 mense
1454 1278 1573 1318 lunio
1598 1278 1775 1318 Ramad-

328 1342 401 1367 zan
433 1328 682 1370 celebratum
721 1344 807 1371 esse
834 1331 890 1370 ait
932 1345 1040 1370 anno
1073 1331 1246 1386 Hegirae
1277 1345 1350 1386 79¹
1370 1346 1383 1371 z
1422 1334 1639 1385 neomenia
1666 1332 1776 1372 enim

328 1382 449 1423 huius
487 1386 636 1424 mensis
674 1385 875 1424 Ramazan
919 1387 1056 1425 ieiunii
1088 1387 1321 1427 'rumorum
1350 1400 1398 1426 eo
1426 1401 1534 1428 anno
1560 1387 1705 1429 incidit
1730 1389 1775 1428 iu

330 1438 504 1491 Augusti
532 1439 639 1478 diem
666 1438 718 1490 24
747 1441 844 1479 anni
879 1441 982 1494 1389
1011 1455 1128 1480 aerae
1158 1441 1322 1481 Christi.
1570 1449 1572 1451 ’

441 1493 491 1533 Ρ.
517 1506 577 1547 17,
597 1495 634 1534 5.
668 1492 910 1545 ἀγνοοῦντος
939 1494 986 1533 δὲ
999 1494 1281 1549 Σαβουτζίου]
1312 1496 1572 1536 Conveniunt
1597 1497 1703 1536 inter
1729 1511 1773 1538 se

328 1547 507 1587 historici
530 1549 581 1587 de
594 1549 783 1588 Baiazitis
801 1549 853 1589 ad
871 1550 1089 1602 imperium
1108 1553 1327 1589 evectione.
1361 1550 1495 1589 Ducas
1519 1559 1773 1592 excaecatum

328 1602 450 1641 fuisse
468 1602 610 1656 prodit
625 1603 860 1654 Sabuzium,
875 1604 1073 1644 Laonicus
1090 1611 1131 1644 et
1141 1604 1344 1644 Plu-anzes
1357 1604 1650 1658 strangulatum
1668 1620 1774 1646 asse-

327 1663 441 1698 runt.
497 1657 767 1697 Leunclavius
794 1657 863 1699 lib.
893 1659 918 1699 5
946 1658 1090 1698 eodem
1117 1660 1257 1699 mortis
1288 1673 1434 1712 genere
1459 1660 1611 1712 perisse
1633 1661 1777 1701 scribit

327 1719 369 1751 et
399 1712 615 1752 Baiazitem
642 1711 882 1763 Gilderum‚
913 1720 1057 1752 nostro
1089 1714 1219 1753 llirim
1238 1743 1251 1764 ,
1295 1713 1408 1767 quod
1433 1727 1582 1754 nomen
1607 1717 1775 1767 fidmen

325 1768 661 1819 interpretantur,
689 1774 787 1808 natu
816 1768 1036 1818 maiorem3
1064 1768 1315 1821 fratremque
1342 1769 1452 1807 illius
1475 1769 1666 1822 lacupem
1692 1771 1775 1811 Ze·-

325 1820 450 1860 lebim
477 1828 576 1860 natu
603 1822 806 1861 minorem
833 1822 969 1864 fuisse.
1026 1823 1225 1863 Laonicus
1251 1823 1525 1862 Suleimanem
1551 1824 1672 1864 fuisse
1698 1839 1776 1864 na·-

325 1882 370 1914 tu
401 1876 616 1927 maiorem,
641 1877 859 1919 Baiazitem
883 1891 979 1916 vcro
1005 1877 1204 1917 minorem
1231 1878 1370 1921 tradit.
1426 1877 1630 1919 Phranzes
1657 1878 1774 1920 illum

326 1929 659 1979 Musulmanum‚
690 1932 814 1971 Turci
847 1933 1059 1985 lacupem‚
1099 1934 1305 1972 Laonicus
1331 1940 1371 1972 et
1399 1934 1547 1973 Graeci
1575 1933 1776 1975 Suleima-

327 1999 423 2024 nem
452 1985 686 2040 appellant,
718 2000 840 2040 quem
868 1987 1003 2026 Duc-as
1027 1987 1246 2027 Sabuzium
1273 1989 1467 2031 nominat.

432 2040 479 2080 P.
514 2055 577 2095 17,
613 2040 673 2083 15.
731 2042 829 2094 Cap.
858 2042 900 2091 4.
959 2042 1023 2081 De
1051 2043 1235 2082 Baiazitis
1272 2042 1526 2095 expeditione
1566 2045 1608 2084 in
1650 2043 1773 2085 Asiae

326 2096 496 2135 minoris
536 2096 697 2148 regulos
737 2096 891 2137 Turcos
945 2096 1119 2136 adeundi
1157 2098 1360 2137 Laonieus
1402 2097 1471 2138 lib.
1511 2113 1563 2152 2,
1601 2098 1772 2144 Leuncl.

326 2150 399 2192 lib.
441 2151 496 2200 6,
523 2158 564 2190 et
591 2151 794 2190 Phranzes
827 2150 897 2190 lib.
935 2164 947 2189 ι
989 2165 1074 2204 cap.
1103 2166 1168 2205 29.
1572 2161 1575 2164 '

435 2205 499 2245 De
524 2206 664 2245 Lazari
707 2205 894 2258 despotae
937 2205 1019 2245 filia
1046 2208 1173 2246 Mar-ia
1190 2235 1201 2257 ‚
1232 2207 1428 2260 Stephani
1455 2221 1616 2258 sorore,
1646 2222 1772 2262 quam

326 2259 520 2302 Baias-itas
547 2274 715 2299 uxorem
741 2259 867 2311 duxit,
897 2274 982 2299 non
1011 2262 1198 2301 convenit
1217 2276 1310 2301 cum
1332 2262 1578 2302 Leunclavio
1604 2270 1768 2304 noster:

326 2313 394 2352 ille
428 2316 537 2353 enim
578 2316 649 2358 lib.
680 2315 708 2355 6
733 2314 828 2359 hist.
866 2315 1058 2359 Musulm.
1102 2317 1317 2357 Baiazitem
1343 2316 1544 2371 Bulcoglii
1573 2318 1772 2371 principis

326 2368 545 2408 Christiani
578 2370 702 2410 filiam
729 2384 895 2410 uxorem
935 2371 1091 2411 duxisse
1118 2372 1271 2422 refert;
1308 2379 1348 2412 et
1371 2386 1459 2426 cap.
1490 2370 1543 2423 54
1572 2372 1770 2416 Pandect.

326 2422 419 2465 hist.
442 2425 569 2467 Ture.
614 2426 657 2463 in
687 2425 922 2479 genealogia
947 2425 1163 2466 Bulcorum
1193 2428 1419 2466 accuratius
1446 2427 1617 2479 explicat
1643 2439 1772 2481 quae-

326 2491 421 2516 nam
453 2478 522 2518 illa
549 2480 696 2519 fuerit:
745 2481 940 2534 Stephani
971 2495 1116 2535 nempe
1143 2482 1376 2522 Serviorum
1400 2482 1588 2534 despotae
1614 2482 1738 2522 filiam
1755 2513 1770 2534 ,

328 2546 409 2570 non
439 2547 621 2574 sororem
653 2535 760 2576 facit.
791 2543 830 2574 et
867 2535 960 2574 loco
989 2535 1180 2576 historiae
1208 2539 1328 2577 citato
1359 2536 1566 2575 adnotavit
1598 2538 1771 2578 Mariam

329 2586 442 2625 illam
456 2588 637 2628 Serviam
664 2589 880 2630 Baiazitem
908 2590 1049 2629 vinum
1082 2591 1221 2631 bibere
1247 2591 1419 2644 primam
1445 2591 1642 2637 docuisse,
1675 2606 1768 2630 cum

329 2642 578 2682 Osmanidae
621 2643 808 2683 abstemii
849 2645 1041 2684 haetenus
1079 2647 1258 2688 fuissent.
1299 2660 1392 2684 cum
1438 2652 1578 2685 nostro
1615 2645 1771 2686 faciunt

327 2697 528 2739 Laonicus
557 2697 630 2740 lib.
659 2699 683 2736 5
700 2728 712 2748 ,
741 2701 810 2752 qui
838 2699 1042 2751 Eleazari,
1081 2703 1151 2754 qui
1185 2702 1358 2740 Lazarus
1383 2707 1468 2750 est,
1496 2698 1619 2739 filiam
1646 2701 1770 2741 fuisse

328 2751 495 2803 scribit,
525 2760 564 2791 et
594 2768 615 2791 a
644 2753 819 2807 Temyre
848 2762 1025 2807 captam,
1055 2769 1140 2795 non
1167 2755 1251 2795 sine
1285 2755 1467 2795 Baiazitis
1495 2755 1770 2810 indignatione
