1890 3204
294 162 331 218 6
343 185 359 221 ι
372 165 408 222 8
863 219 865 221 .
878 183 1164 226 numum

292 286 344 326 tis
371 284 573 325 ancicae
619 285 803 326 moribus
845 287 939 325 satis
966 287 1158 340 congruit
1174 315 1186 336 ,
1217 285 1396 326 hariolos
1423 290 1465 325 et
1492 285 1642 335 isicos,
1670 288 1736 328 ve!

292 347 338 378 ut
366 340 571 380 Laonicus
609 340 797 381 Zichidas
835 340 1030 394 appellat,
1073 342 1143 395 qui
1189 342 1232 380 in
1273 341 1523 380 Mebemetis·
1557 344 1737 383 exercitu

293 394 429 447 plures
457 402 601 445 erant,
638 402 798 448 tempus
828 395 1088 434 commodum
1119 396 1212 436 urbi
1240 395 1533 449 expugnandae
1558 396 1736 437 indicas-

224 487 226 489 ,
292 463 361 489 se:
390 451 448 489 sic
473 451 580 489 enim
608 464 698 503 spes
717 449 995 489 obsidentibus
1012 451 1157 491 iniecta
1177 451 1280 492 urbe
1306 451 1516 505 potiundi,
1545 452 1739 507 auctique

151 2232 193 2267 V.
212 2236 275 2280 ¹98

291 503 343 544 ad
375 511 567 558 coeptum
596 504 885 558 perficiendum
911 507 1045 544 animi.

408 569 453 610 P.
485 569 580 625 276,
619 570 655 611 5.
712 566 736 610 ὅ
771 569 817 610 δὲ
850 567 1053 622 βασιλεὺς
1081 566 1182 610 ἴδιὸν
1217 568 1270 610 τὰ
1299 568 1439 624 τείχη]
1497 569 1738 624 Notant2hi·

292 624 431 664 storici
468 625 661 665 Saraceni
697 640 720 665 a
754 632 872 678 gente
909 639 981 665 sua
1003 626 1161 678 Cpolim
1191 625 1349 679 saepius
1374 625 1581 664 obsessam*
1603 624 1735 665 fuisse.

291 681 424 733 primo
464 681 691 733 imperante
730 681 950 721 Constante
978 679 1150 720 Heraclii
1197 687 1371 734 nepote,
1411 692 1520 719 anno
1545 681 1629 720 eius
1665 679 1735 731 15,

293 734 441 774 Christi
466 734 575 785 6543
603 741 780 789 tuncque
807 742 915 776 totus
946 750 1042 790 ager
1074 735 1311 789 Cpolitanus
1340 734 1528 789 direptus*
1553 735 1739 774 fuit-,mu-

291 788 429 828 eundo
448 788 705 829 Constantini
737 791 934 846 Pogonati
963 805 1071 831 anno
1087 790 1126 838 5,
1160 789 1306 829 Christi
1335 789 1428 844 672.
1458 789 1579 830 tertio
1602 789 1737 830 Leone

292 843 451 883 lsaurio
494 845 720 898 imperante
750 859 860 885 anuo
889 845 1040 885 Christi
1070 859 1163 900 7¹7·
1192 851 1340 899 quarto
1373 844 1624 884 Constantini
1653 843 1736 883 Co*

291 900 481 952 pronymi
527 901 776 953 temporibus
798 930 811 949 ,
857 915 966 941 anno
996 899 1151 940 Christi
1181 900 1274 952 743.
1305 908 1447 939 verum
1478 898 1735 939 huiusobsi-

292 952 424 992 dionis
452 961 622 1007 quartae
650 954 819 1008 gloriam
850 962 981 996 tetam
1009 955 1108 995 falso
1134 955 1208 994 sibi
1237 960 1445 1007 arrogant,
1472 954 1642 1007 suisque*
1660 962 1735 992 au·

290 1007 425 1059 spiciis
453 1009 605 1049 bellum
633 1016 790 1063 gestum
819 1011 938 1051 fuisse
964 1010 1202 1065 praedicant
1222 1039 1233 1056 ‚
1266 1011 1375 1049 iuxta
1406 1010 1584 1048 Graecos
1611 1007 1738 1061 siqui*

292 1062 385 1102 drm
415 1065 472 1103 sie
494 1078 538 1103 se
576 1078 640 1104 res
669 1065 802 1104 habet.
832 1066 927 1106 dum
963 1065 1237 1105 Ardavasdam
1266 1070 1548 1117 usurpatorem
1574 1064 1737 1117 Cepi-o...

290 1130 437 1170 nymus
477 1118 585 1159 bello
623 1121 723 1173 petit
763 1127 803 1159 et
841 1121 1054 1175 imperium
1101 1132 1339 1173 recuperare
1380 1125 1575 1166 conmar,
1623 1119 1735 1170 cpo-

291 1171 366 1211 lim
398 1173 558 1214 obsidet
589 1188 637 1213 ac
681 1175 789 1229 capit
815 1190 924 1215 anno
955 1175 1161 1229 praedicto
1192 1174 1285 1227 745.
1312 1175 1456 1228 quinto
1479 1172 1739 1212 obsessa÷fuit

291 1227 470 1267 eiusdem
505 1230 757 1283 Copronymi
786 1244 891 1270 anno
908 1230 981 1283 24,
1007 1230 1158 1270 Christi
1181 1229 1273 1283 764.
1303 1235 1411 1269 sexto
1437 1228 1737 1268 tandem-..anno

290 1291 442 1334 quarto
458 1284 600 1324 Leonis
614 1284 859 1339 Copronymi
872 1285 921 1325 F.
936 1287 1075 1326 lrenes
1087 1286 1236 1334 mariti,
1261 1286 1328 1338 qui
1359 1285 1434 1323 suit
1452 1296 1578 1323 annus
1589 1281 1742 1323 Christi

292 1351 386 1390 779.
414 1352 523 1378 anno
552 1346 760 1393 praeterea
789 1340 939 1381 Christi
969 1341 1072 1395 798,
1101 1346 1296 1394 regnante
1319 1341 1454 1389 Irene,
1484 1339 1670 1378 Saraceni
1692 1339 1735 1376 in

288 1393 509 1433 Thraciam
546 1400 761 1447 penetrant
804 1401 846 1434 et
890 1395 943 1435 ad
969 1387 1169 1435 suburbia
1197 1393 1372 1447 Cpoleos
1403 1395 1537 1433 omnia
1566 1393 1762 1446 demae-⁴

292 1447 456 1487 dantur.
497 1455 639 1502 postea
674 1463 782 1488 anno
811 1449 887 1490 821
938 1464 961 1490 a
988 1463 1105 1490 servo
1146 1450 1322 1503 quodam
1352 1449 1521 1502 fugitivo
1549 1447 1736 1498 amoma,

289 1504 360 1555 qui
388 1502 440 1542 ad
467 1502 693 1542 Saracenos
719 1505 993 1559 transfugerat
1022 1505 1226 1558 fidemque
1250 1504 1518 1543 Christianam
1552 1504 1740 1542 eiurave-

289 1563 368 1604 rat,
404 1557 541 1611 Cpolis
573 1557 734 1598 obsessa
762 1558 852 1602 fuit.
876 1573 984 1600 anno
1003 1557 1259 1614 quoque9¹4
1289 1558 1453 1611 Bulgari
1484 1557 1640 1597 urbem*
1658 1557 1735 1597 ob-

289 1611 450 1651 sidione
493 1614 723 1653 cinxerunt.
758 1628 782 1653 a
811 1613 938 1654 Gallis
964 1622 1004 1654 et
1029 1615 1197 1654 Venetis
1224 1627 1334 1653 anno
1371 1613 1472 1664 1204
1501 1613 1660 1652 obsessa
1690 1625 1737 1651 ae

289 1674 515 1720 expugnata
544 1667 636 1707 fuit.
667 1682 755 1707 eam
783 1683 946 1723 quoque
974 1671 1152 1709 Mox-ates
1184 1669 1223 1707 11
1254 1682 1325 1722 per
1347 1668 1551 1707 trimestre
1571 1673 1736 1720 ⁴tempus

290 1720 474 1771 obsedit,
522 1729 562 1762 et
599 1722 768 1762 tandem
807 1737 914 1763 anno
947 1724 1047 1773 1453
1091 1739 1115 1764 a
1141 1722 1367 1764 Mebemete
1399 1723 1435 1762 11
1461 1729 1736 1776 expugnatur,

287 1778 357 1829 qui
382 1776 602 1816 tormentis
634 1779 781 1826 aeneis,
813 1793 916 1831 quae
944 1781 1145 1819 anteriora
1171 1778 1329 1818 saecula
1358 1778 1615 1831 ignorabant,
1643 1789 1735 1816 mua

287 1845 361 1870 ros
392 1834 593 1885 quassavit
621 1846 668 1871 ac
701 1833 837 1872 diruit.

409 1896 460 1938 P.
494 1897 590 1952 276,
623 1911 682 1938 12.
738 1897 907 1946 στείλας
933 1898 1159 1953 πρέσβεις]
1216 1899 1415 1938 Laonicus
1447 1898 1518 1938 lib.
1546 1896 1572 1936 8
1598 1905 1739 1938 narrat

287 1951 555 1992 Mehemetem
582 1952 763 2006 legatum
798 1953 852 1993 ad
880 1954 1062 1994 obsessos
1099 1955 1252 1994 misisse
1285 1955 1483 1993 lsmailem
1512 1953 1738 2006 Spentiaris

287 2006 367 2058 R,
409 2014 455 2046 ut
494 2021 562 2047 eos
599 2008 652 2048 ad
698 2009 940 2048 deditionem
979 2009 1239 2061 hortaretur,
1281 2007 1344 2049 vel
1385 2007 1517 2061 potius
1546 2014 1592 2046 ut
1620 2007 1736 2047 urbis

289 2069 437 2101 statum
473 2062 715 2117 exploraret.
755 2064 806 2103 ad
837 2063 952 2103 illum
981 2078 1083 2104 vero
1113 2067 1288 2104 Graecos
1328 2063 1584 2117 respondisse
1623 2061 1736 2102 nullo

291 2117 414 2156 modo
453 2131 494 2158 se
521 2118 753 2168 dedituros,
791 2119 860 2159 sed
891 2126 1095 2171 extrema,
1126 2126 1174 2159 ut
1198 2119 1340 2159 urbem
1370 2124 1610 2167 tuerentur,
1638 2131 1733 2172 pas-

286 2185 415 2211 suros.
801 2190 809 2198 -

397 2238 447 2279 Ρ.
480 2251 575 2291 277,
612 2253 646 2278 1.
713 2239 847 2279 ταῦτα
888 2236 911 2279 ὅ
947 2237 1149 2290 βασιλεῦς
1191 2235 1403 2292 α’κούσας]
1460 2235 1734 2295 Leunclavius

285 2292 356 2334 lib.
389 2292 435 2331 15
475 2295 731 2334 contrarium
781 2310 826 2335 ex
851 2294 1021 2335 historia
1053 2297 1284 2336 Tun-corum
1312 2293 1465 2343 refert,
1496 2292 1731 2342 Constanti-:-

286 2362 386 2386 num
415 2347 567 2387 scilicet
596 2356 636 2389 et
664 2350 764 2388 Chir
793 2351 944 2390 Lucam
984 2349 1036 2389 de
1075 2349 1282 2390 deditione
1307 2347 1492 2388 facienda
1514 2346 1730 2401 cogitasse,

286 2402 361 2441 nisi
395 2403 591 2443 Italorum
638 2406 875 2444 auctoritate
917 2412 958 2445 et
999 2405 1204 2455 factione,
1233 2406 1303 2458 qui
1331 2403 1367 2442 ei
1400 2417 1598 2456 nusquam
1625 2416 1729 2442 con..

287 2459 445 2496 sensuri
476 2465 616 2507 erant,
648 2459 700 2498 ab
730 2459 807 2499 hoc
837 2461 1044 2513 proposito
1077 2460 1242 2499 retracti
1266 2460 1444 2504 fuissent.

394 2521 445 2560 P.
476 2537 571 2576 277,
602 2538 643 2576 9.
703 2520 794 2564 τότε
826 2520 847 2563 ὃ
878 2522 1043 2576 Λόγγος
1063 2517 1375 2576 ’[ουστινιανός]
1434 2522 1730 2574 Huius-coepti

282 2578 561 2616 meminerunt
586 2579 783 2619 Laonicus
812 2580 883 2622 lib.
910 2580 951 2625 8,
978 2580 1220 2619 Leooardus
1250 2578 1432 2620 Chiensis
1462 2584 1502 2617 et
1529 2576 1730 2624 Phranzes

283 2631 355 2671 lib.
378 2632 400 2671 5
430 2646 561 2672 c.,11.
591 2633 643 2673 de
672 2648 775 2673 nave
799 2635 1004 2675 Genuensi
1037 2634 1216 2674 aTurcis
1238 2634 1419 2673 demersa
1446 2632 1553 2672 idem
1567 2631 1730 2679 Phraas-

283 2700 344 2727 zes
375 2686 502 2738 capite
521 2700 567 2726 12
599 2688 785 2736 disserit,
817 2690 887 2729 sed
919 2704 942 2728 a
973 2697 1108 2729 nostro
1135 2690 1176 2729 in
1204 2688 1449 2742 quibusdam
1475 2686 1674 2726 dissentit.

396 2751 449 2792 P.
478 2766 571 2806 279,
595 2767 652 2792 ιι.
681 2751 960 2795 κατεσκεύασε
991 2751 1064 2794 καί
1089 2753 1296 2808 γέφυραν]
1326 2752 1562 2793 Leonardus
1575 2751 1726 2791 Chien-
