1904 3198
331 128 403 182 30
677 144 862 188 nucu:
894 145 1177 190 MlCHAELIS
1215 149 1441 190 NEPoTls

326 244 508 297 πετάσας
524 245 677 301 μικρὸν
701 248 773 304 την
792 246 1118 303 περικεφαλαιῖπν
1151 245 1232 290 ἀπὸ
1251 250 1324 304 τῆς
1347 244 1485 303 ὅψεως
1506 251 1581 292 τοῦ
1601 249 1772 303 ἰδεῖᾊῑτί

326 312 372 356 τὸ
387 315 573 356 ἐλλεῖπον
604 309 687 355 α’πὸ
705 316 779 355 τοῦ
801 313 1086 368 προμαχῶνος,
1114 312 1186 354 καὶ
1201 317 1320 367 βέλος
1350 314 1525 371 ἀφίεται
1543 315 1767 371 τζαγρόβε..

326 383 396 428 λος
407 382 497 420 κατ’
511 380 657 431 αὐτοῦ,
674 377 747 420 καί
757 380 982 432 περονᾶται
994 375 1038 418 τὸ
1055 377 1294 422 ἐπισκύνιον
1313 379 1384 422 διὰ
1396 382 1530 434 μέσον
1540 382 1621 424 τῶν
1631 380 1768 438 ἀφρό-

286 454 313 487 C
327 461 401 497 ων,
422 446 495 486 καί
519 445 659 486 πίπτει
687 442 904 495 κύμβαχος
924 438 1086 484 ἄνωθεν
1103 439 1231 498 κάτω,
1250 446 1322 487 καί
1335 442 1443 488 οὕτω
1466 447 1616 500 βιαίως
1635 448 1766 501 α’πέρ-

325 514 423 565 ρηξε
438 508 513 564 τήν
532 508 691 564 ψυχήν.
723 507 981 562 ἁρπάσαντες
1004 508 1045 548 δ’
1066 506 1191 552 αὐτὸν
1209 509 1248 552 οῖ
1261 513 1513 565 στρατιῶται
1537 510 1656 554 ε”νὸον
1688 526 1765 558 πε·
1778 509 1803 549 5

322 576 469 624 σόντος
504 577 576 629 τῆς
603 574 782 630 τάφρου,
796 573 957 613 πολλῶν
987 571 1197 617 πεσόντων
1228 573 1435 632 Τοόρκων,
1464 575 1618 633 ἔφερον
1639 573 1768 618 αὐτόν

321 640 467 695 νεκρὸν
495 642 540 682 ἐν
566 642 622 697 τιῖἱ
639 642 733 680 πολι
735 653 838 694 yma>
865 637 936 692 τῆς
965 638 1160 694 Σμύρνης
1177 637 1222 682 τὸ
1247 642 1434 692 κείμενον
1460 643 1505 683 ἐν
1519 643 1571 697 τῇ
1599 641 1767 696 κορυφῇ

320 708 397 747 τοῦ
425 702 576 760 ὅρους,
621 701 722 758 όπερ
751 699 954 758 φρούριον
983 703 1185 757 ἐτύγχανε
1218 704 1440 760 ἀκρόπολις
1467 721 1568 748 ποτε
1592 709 1666 760 τῆς
1685 723 1767 747 πα-

319 773 452 820 λαιᾶς
466 787 533 811 και
530 769 919 824 διεφθαρμένηςῩ
880 765 1087 824 ἀμόρνης,
1118 770 1393 819 ἅνακαινίσας
1411 770 1514 814 αὐτὸ
1524 770 1767 827 προλαβών

319 837 476 890 ὀλίγοις
515 833 648 876 ἔτεσιν
678 829 874 887 Ἰωάννης
903 849 929 874 ο
958 834 1130 883 Λοῦκας
1150 833 1351 910 βασιλεύς
1381 836 1465 879 τῶν
1481 830 1714 889 Ῥωμαίων·
1742 833 1763 877 ὃ
1784 854 1830 879 ιο

316 900 442 954 Ἀτην
458 902 503 942 δὲ
519 897 706 954 α’ρχηγὸς
722 898 928 953 Τούρκων,
949 897 970 938 ὃ
985 897 1202 955 καιπατῆρ
1218 901 1291 940 τοῦ
1315 899 1490 955 “Ομοῦ’ρ,
1529 899 1646 956 παρὰ
1683 917 1766 945 των

312 963 532 1018 εῬιιιῃααιων
560 966 605 1006 ἐν
631 969 727 1012 ταῖς
745 963 923 1018 ἡμέραις
942 963 1211 1018 Ἀνδρονίκου
1240 966 1317 1006 τοῦ
1338 966 1530 1020 γέροντος
1548 963 1679 1020 ἔλαβε
1688 968 1767 1040 κατ’

315 1037 493 1084 κατεῖχε.
514 1030 700 1072 τοιοῦτον
734 1024 814 1084 ἤδη
842 1028 886 1070 τὸ
918 1030 1030 1078 τέλος
1043 1029 1064 1071 ὁ
1096 1030 1254 1085 Ὁμοῦρ
1284 1028 1418 1084 ἔσχεν.
1736 1070 1739 1073 s

270 1108 301 1139 D
426 1098 467 1137 8.
521 1095 571 1138 ‘O
599 1097 646 1137 δὲ
688 1094 1036 1149 Καντακουζηνὸς
1069 1093 1284 1150 συνθήκας
1330 1094 1508 1151 ποιήσας
1542 1097 1649 1150 μετὰ
1688 1101 1764 1142 τοῦ

313 1159 446 1217 κριὶλη
457 1160 530 1202 καί
549 1163 694 1217 φιλίαν
709 1158 932 1201 ἔνσπονὸον
949 1158 1294 1213 μεσολαβοόντων
1307 1159 1500 1216 κάστρων
1516 1162 1590 1204 καὶ
1600 1162 1762 1205 πόλεων
1780 1166 1826 1206 15

313 1229 385 1268 καί
400 1229 614 1281 ἐπαρχιῶν
626 1228 698 1280 τῆς
713 1226 950 1279 δυστυχοῦς
970 1225 1186 1277 βασιλείας
1215 1229 1298 1268 τῶν
1310 1224 1546 1281 Ῥωμαίων,
1575 1230 1650 1271 καί
1671 1228 1764 1272 ἀντὶ

305 1292 542 1344 Ῥωμαίους
554 1290 761 1339 δεσπότας
777 1291 1094 1346 κληροδοθέντες
1105 1294 1165 1340 εἰς
1176 1291 1376 1347 ἡγεμόνας
1386 1293 1646 1348 βαρβάρους,
1664 1297 1762 1348 Τρι-

309 1355 492 1410 βαλλούς
506 1372 549 1399 τε
569 1359 848 1410 καίΣέρβους·
862 1352 1014 1411 ἤρξατο
1031 1358 1076 1398 δὲ
1092 1358 1368 1412 κατατρέχειν
1379 1360 1450 1399 καί
1464 1355 1587 1407 αὐτὸς
1605 1362 1677 1402 καί
1695 1362 1761 1400 λε-

310 1426 473 1476 ηλατεῖν
501 1424 574 1463 καί
595 1422 787 1477 φθείρειν
815 1419 954 1470 πάσας
966 1420 1042 1470 τάς
1069 1421 1209 1471 πόλεις
1231 1423 1305 1476 τῆς
1333 1420 1500 1479 Θρᾴκης
1523 1418 1648 1479 ἄχρις
1680 1425 1760 1467 av’-

308 1490 381 1542 τῆς
395 1489 682 1542 Σηλυμβρίας.
697 1485 735 1528 οἱ
754 1487 801 1528 δὲ
816 1489 888 1541 τῆς
911 1486 1071 1536 πόλεως
1088 1486 1352 1542 ἒννοήσαντες
1371 1487 1417 1529 τὸ
1444 1488 1613 1543 γεγονὸς
1641 1487 1756 1546 παρὰ
1770 1506 1822 1532 20

309 1557 382 1594 τοῦ
406 1553 564 1607 Ὁμοῦρ
580 1551 624 1594 τὸ
653 1555 831 1606 πέρυσιν
861 1555 1068 1606 χειμῶνα,
1104 1551 1177 1594 καί
1207 1555 1457 1602 σκοποῦντες
1480 1548 1547 1596 ὅτι
1564 1556 1711 1597 τοῦτον
1734 1554 1757 1596 ὅ

308 1615 659 1672 Καντακουζηνός
672 1619 971 1670 μετεπέμψατο
998 1620 1071 1659 καὶ
1086 1615 1213 1667 αὐτὸς
1240 1615 1292 1673 ἦν
1307 1616 1439 1668 αἴτιος
1468 1620 1540 1674 τῆς
1558 1621 1758 1674 ἑνδημίας

305 1686 382 1724 τοῦ
392 1683 565 1738 Ὁμοῦρ,
583 1683 659 1723 οὐκ
681 1680 829 1732 εἰδότες
847 1681 910 1724 ὅτι
933 1682 1185 1737 αὐτόκλητος
1212 1680 1432 1738 §himas-25*
1451 1681 1518 1726 ὅτι
1533 1683 1756 1727 κλώθουσα

305 1745 598 1804 ἀντιστρόφως
616 1746 666 1789 τὰ
676 1750 840 1803 νήματα
885 1747 990 1802 κακή
1016 1747 1122 1803 τύχη
1147 1747 1457 1802 τῶνῬωμαίων
1476 1753 1754 1806 προυξένησεν

304 1813 436 1855 αὐτὸν
462 1815 538 1855 τοῦ
562 1815 700 1855 ἐλθεῖν
731 1812 804 1854 καὶ
816 1831 819 1834 ’
835 1816 1123 1869 καταπατῆσαι
1150 1814 1332 1868 χώματα
1355 1815 1518 1872 εὐθαλῆ
1532 1816 1752 1869 Ῥωμαίων
1767 1819 1818 1859 25

301 1932 494 1977 pugnaculi
531 1932 641 1975 pinna
670 1930 820 1962 inferior
855 1935 1040 1970 cerneret,
1067 1931 1269 1974 sagittarius
1294 1942 1313 1965 e
1337 1932 1522 1976 superiore
1548 1941 1749 1978 propugna-

302 1979 385 2011 culo
413 1989 494 2011 eum
522 1977 688 2010 vulnerat
715 1976 841 2009 adacto
869 1977 964 2008 inter
989 1976 1109 2008 media
1137 1978 1328 2021 supercilia
1354 1979 1440 2012 telo.
1464 1990 1651 2023 percussus
1676 1981 1752 2012 Ho-

300 2037 380 2058 Jnur
414 2036 457 2057 ex
485 2025 559 2056 alto
592 2034 762 2068 praeceps
798 2023 835 2055 in
873 2028 980 2067 caput
1014 2023 1130 2064 cadit,
1162 2025 1348 2069 vitamque
1370 2024 1439 2058 hoc
1461 2026 1622 2059 violento
1651 2027 1751 2059 exitu

300 2072 427 2104 finivit.
459 2071 497 2103 in
536 2071 666 2102 fossam
702 2070 842 2114 lapsum
871 2070 1006 2102 milites
1034 2070 1143 2103 Turci
1175 2082 1303 2125 magno
1340 2083 1490 2105 numero
1525 2079 1750 2106 accurrentes

298 2123 479 2150 mortuum
504 2117 542 2149 in
571 2116 744 2160 oppidum
773 2116 943 2158 Smyrnae
970 2117 1096 2149 vertici
1119 2118 1251 2149 montis
1277 2118 1486 2162 impositum
1511 2119 1640 2163 raptim
1664 2122 1750 2151 eise-

298 2170 402 2205 runt,
432 2163 530 2208 quod
558 2169 711 2195 castrum
735 2163 866 2196 veteris
893 2173 1107 2207 eversaeque
1132 2163 1303 2206 Smyrnae
1327 2175 1389 2196 arx
1413 2165 1594 2209 quondam
1620 2165 1749 2206 suerat,

297 2222 371 2244 non
395 2211 527 2242 multos
557 2215 640 2242 ante
666 2221 777 2242 annos
815 2221 836 2241 a
859 2209 1020 2242 Iohanne
1047 2210 1148 2242 Duca
1175 2211 1413 2243 Romanorum
1438 2212 1654 2255 imperatore
1678 2212 1748 2244 ite-

299 2269 374 2290 rum
401 2256 607 2296 aedificata,
634 2267 740 2300 quam
768 2257 854 2290 Atin
877 2256 1074 2288 Turcorum
1093 2256 1263 2301 princeps
1288 2257 1455 2290 Homuris
1479 2263 1583 2302 pater
1607 2258 1748 2291 Andro-

297 2304 379 2337 nico
406 2304 547 2336 seniore
576 2302 794 2346 imperante
801 2315 821 2335 a
846 2303 1013 2335 Romanis
1035 2309 1160 2347 postea
1188 2303 1325 2347 recepit
1350 2309 1386 2336 et
1410 2303 1581 2337 obtinuit.

389 2354 421 2386 8.
470 2350 516 2382 At
554 2348 821 2382 Cantacuzenus
856 2361 936 2382 cum
967 2349 1060 2382 crale
1085 2350 1157 2381 icto
1194 2349 1357 2383 foedere
1369 2350 1532 2396 initaque
1566 2351 1746 2393 amicitia,

298 2409 377 2429 cum
412 2395 645 2441 praeterisset
678 2396 866 2428 interiecta
899 2401 1033 2436 castra,
1077 2395 1182 2428 urbes
1220 2396 1494 2442 provinciasque
1530 2398 1745 2431 infortunati

297 2444 446 2477 Romani
483 2442 644 2487 imperii,
682 2453 775 2487 quae
811 2443 975 2475 dominos
1011 2442 1101 2475 alios
1136 2443 1299 2475 Romaeis
1325 2443 1439 2487 pulsis
1467 2444 1615 2477 sortitae
1643 2451 1745 2478 erant

296 2491 569 2535 praefectosque
602 2488 773 2521 barbaros
804 2488 993 2522 Triballos
1028 2494 1063 2522 et
1087 2489 1245 2530 Servios,
1285 2499 1470 2522 excurrere
1508 2490 1742 2535 Selymbriam

296 2548 432 2581 usque,
472 2540 617 2568 cunctas
646 2535 821 2567 Thraciae
854 2535 960 2568 urbes
988 2541 1125 2569 vastare
1149 2535 1391 2580 praedamque
1421 2547 1524 2580 agere
1549 2539 1679 2582 coepit.
1703 2543 1742 2571 at

296 2583 350 2615 illi
376 2583 439 2628 qui
466 2582 566 2615 urbis
594 2582 782 2615 moenibus
807 2592 843 2614 se
869 2583 1121 2622 continebant,
1149 2593 1241 2626 quae
1267 2582 1311 2614 ab
1337 2583 1495 2615 Homure
1523 2585 1607 2616 anni
1632 2594 1740 2628 supe—

296 2630 397 2663 rioris
430 2629 549 2663 hieme
590 2634 687 2672 gesta
722 2634 844 2668 erant,
879 2634 1066 2672 reputant,
1106 2632 1141 2661 et
1183 2629 1470 2662 Cantacuzenum
1513 2631 1740 2663 aecer-sivisse

294 2677 402 2709 istum
427 2675 676 2715 considerant,
717 2681 970 2719 auctoremque
999 2676 1038 2708 ei.
1058 2675 1167 2707 fuisse
1191 2681 1376 2720 susceptae
1403 2677 1660 2720 profectionis:
1684 2677 1738 2708 la-

293 2722 396 2756 tebat
421 2723 518 2757 enim
542 2727 670 2767 sponte
704 2733 767 2756 sua
798 2722 992 2755 Homurem
1027 2721 1230 2764 advenisse,
1257 2728 1320 2756 aut
1346 2724 1477 2756 malam
1493 2725 1737 2757 Rom-aeorum
