1916 3210
457 135 671 181 rrAmcE
711 135 1047 186 lmrmmz
1084 133 1339 179 menam.
1500 114 1614 191 509

163 245 302 301 filans>
346 243 511 286 Ancora
540 241 642 283 tolse
668 241 776 294 putti
804 241 871 280 ‹loi
897 238 1024 290 milia,
1052 238 1080 278 li
1106 237 1218 294 quali
1240 240 1468 293 conscripse
1499 240 1541 278 in
1570 238 1615 279 lu

164 297 342 345 exercito
381 299 583 339 daynovo
610 296 760 336 electo.
826 297 882 335 La
925 300 1080 334 armata
1119 295 1171 334 de
1200 293 1303 335 fusto
1333 303 1374 334 et
1398 295 1504 348 galle
1534 294 1615 335 fine

163 355 218 397 ad
249 361 373 402 cento¹
398 360 562 395 octanta
591 352 739 391 mandi)
767 354 807 391 in
838 349 1118 404 l'Arcipielago
1145 357 1287 392 contra
1314 349 1350 390 le
1380 349 1506 390 insule
1545 351 1615 391 Ci-

163 410 305 460 clade,
333 409 384 454 de
413 409 451 449 le
470 407 601 463 'quale
629 407 775 447 nisuna
804 407 972 461 podette
1001 405 1242 459 acquIStare.
1272 406 1312 446 la
1339 421 1411 446 sua
1439 420 1616 460 persona

165 479 243 509 oon
266 464 326 505 ›la
347 479 439 504 *sua
474 471 592 504 corte
628 463 668 501 in
700 462 792 516 quel
823 477 933 502 anno
964 460 1138 500 iuvet-nb
1166 468 1228 502 tra
1256 462 1616 515 Constantinopoli

165 527 209 564 et
235 519 543 573 Andrinopoli,
590 525 629 557 et
666 518 870 557 habiando
911 523 1146 556 comenzato
1190 517 1242 556 ad
1284 517 1463 558 fabricar
1511 531 1617 557 nave

163 574 319 631 grande
360 568 405 616 et¹
427 589 512 614 uno
552 573 715 614 theatro
758 573 800 612 in
830 574 869 612 la
901 574 1055 622 citade‚
1084 572 1120 612 el
1152 572 1247 626 qual
1280 587 1322 613 se
1352 572 1510 612 chiama
1543 587 1615 612 ve·-

163 629 455 686 fflopmtirion
496 636 537 670 el:
578 631 618 668 in
652 630 789 683 lingua
829 628 989 683 persica
1019 629 1246 667 besestano.
1316 629 1389 668 Ne!
1413 643 1521 668 anno
1547 627 1615 671 del

130 695 133 699 ’
162 685 277 742 6969
307 686 396 727 fece
425 693 581 725 armata
609 685 660 724 de
687 685 790 738 galle
818 691 860 723 et
899 685 1005 725 fuste
1035 684 1116 723 fine
1155 683 1207 723 ad
1236 698 1314 723 200
1345 691 1387 724 et
1411 699 1514 725 nave
1553 698 1613 724 ιο.

162 740 269 784 Esau
298 749 535 781 veramente
563 742 605 779 in
636 740 674 780 la
705 742 941 794 primavera
975 739 1175 794 passando
1206 739 1475 794 Hellesponto
1504 739 1614 779 ando

164 794 208 841 lu
236 791 382 838 Pmsie
410 797 461 835 de
492 795 668 850 Bytinia,
698 797 845 836 nisuna
879 808 1056 850 persona
1083 784 1320 835 intendente
1347 796 1382 834 el
1412 810 1487 836 suo
1515 809 1617 850 pen-
1629 799 1694 847 34¹

0 859 25 983 Ξ
163 853 311 899 αἰετὼ,
358 851 464 892 Dirb
505 866 599 892 cosa
629 852 826 891 notabile.
905 852 955 891 El
988 866 1063 891 suo
1102 852 1270 890 nomodi
1315 851 1367 890 da
1395 850 1536 903 scalo,
1580 851 1619 891 el

165 908 288 1004 manle
317 921 391 947 era
417 907 552 947 iudice
578 907 630 946 de
658 907 807 955 iudici,
846 907 1039 947 havendo
1067 907 1223 961 grande
1249 906 1415 946 baldeza
1443 906 1509 947 eol
1539 906 1620 946 du·-

163 977 188 1003 e
218 978 244 1004 ι

163 1032 240 1079 Per

269 977 345 1018 per
373 963 410 1003 la
438 963 735 1003 domesticheza
777 963 814 1002 la
841 963 961 1018 quale
989 963 1223 1007 lzaveacon
1250 976 1340 1002 esso
1359 991 1372 1014 ,
1415 969 1458 1020 et
1490 961 1620 1003 anche

8 1060 9 1063 ,
263 1017 304 1060 la
329 1019 549 1060 riverentia
576 1019 676 1058 ch'el
702 1019 837 1058 duclla
864 1018 893 1058 li
923 1025 1132 1058 mostrava
1161 1031 1235 1071 per
1262 1032 1370 1058 esser
1398 1032 1472 1058 suo
1499 1017 1619 1073 peni-

0 1082 17 1122 }
163 1074 368 1124 tenfiero,
397 1074 565 1114 essendo
593 1075 629 1114 el
659 1074 796 1114 duclla
822 1088 893 1128 per
922 1075 1055 1128 partir
1083 1073 1187 1112 have
1210 1073 1438 1113 ardimento
1466 1088 1489 1113 a
1517 1072 1619 1113 dirli

164 1136 307 1184 queste
348 1129 514 1184 parole:
555 1145 580 1168 o
611 1129 797 1178 domine,
842 1144 917 1169 con
945 1137 1090 1184 questa
1118 1136 1274 1169 armata
1302 1137 1344 1170 et
1373 1136 1520 1184 questo
1550 1143 1619 1169 ex-

164 1185 322 1236 ercito,
345 1185 420 1225 che
448 1191 495 1225 tu
521 1185 589 1224 hai
619 1185 905 1240 apparechiato
935 1200 1014 1239 per
1041 1198 1154 1224 mare
1183 1192 1225 1226 et
1250 1200 1323 1239 per
1352 1192 1485 1236 terra,
1515 1184 1620 1224 dove

165 1240 253 1282 voli
280 1239 464 1281 andare?
520 1240 670 1292 Quello
700 1248 933 1281 veramente
961 1240 1146 1280 mirando
1177 1240 1215 1280 el
1242 1256 1317 1281 suo
1344 1240 1618 1294 penitentiero

164 1309 243 1336 con
277 1298 353 1347 ira,
386 1295 415 1335 li
442 1310 604 1349 respose
626 1304 667 1336 et
697 1297 828 1338 disse:
858 1297 980 1350 sappi
1008 1296 1095 1346 che,
1125 1309 1166 1342 se
1196 1297 1236 1336 io
1260 1311 1416 1350 sapesse
1434 1297 1509 1337 che
1537 1310 1622 1336 uno

166 1350 264 1392 delli
290 1350 437 1392 cavelli
462 1350 568 1391 della
590 1352 670 1392 mia
686 1352 814 1393 barba
843 1366 1000 1392 savesse
1029 1351 1066 1391 el
1099 1352 1181 1390 mio
1213 1352 1411 1402 mistiero‚
1441 1353 1485 1391 lu
1512 1352 1621 1392 evel-

164 1406 269 1454 ,leria
298 1407 351 1449 da
379 1407 418 1447 le
446 1407 583 1447 radice
610 1414 653 1448 et
679 1407 896 1448 buttarialo
927 1407 968 1446 in
999 1407 1108 1446 foco.
1166 1406 1301 1448 Tanto
1331 1406 1467 1462 quello
1494 1407 1619 1447 homo

165 1475 238 1503 era
262 1460 459 1502 iracundo
492 1469 532 1502 et
555 1471 730 1503 secreto.
792 1464 987 1503 Hebbero
1018 1477 1151 1516 paura
1176 1477 1253 1516 per
1281 1463 1418 1518 quello
1444 1477 1620 1516 appara-

163 1524 211 1559 tu
237 1517 338 1558 tutti
365 1518 392 1557 li
422 1517 598 1558 vulachi
631 1519 705 1558 che
734 1518 926 1558 habitano
953 1519 1034 1558 allo
1061 1520 1236 1570 Stomio,
1266 1527 1306 1559 et
1335 1519 1478 1566 Casas,
1510 1520 1622 1558 Tra-

165 1573 345 1627 pesunda
360 1580 400 1612 et
412 1572 557 1626 Sinopi
573 1602 585 1623 ‚
609 1580 649 1613 et
666 1574 703 1614 le
720 1573 853 1630 iugale
875 1575 925 1614 de
953 1574 999 1613 lu
1025 1575 1138 1627 Egeo
1152 1575 1310 1628 pelago,
1342 1574 1488 1613 Rhodo
1515 1582 1555 1614 et
1584 1575 1622 1614 le

163 1629 359 1671 insolette
382 1643 406 1668 a
427 1623 486 1668 lu‘i
505 1628 684 1670 subiecto
699 1659 711 1680 ‚
730 1630 834 1669 Chio
852 1637 894 1670 et
910 1630 1054 1677 Lesbo,
1075 1630 1231 1669 bench&
1247 1629 1275 1668 li
1300 1630 1468 1670 desseno
1490 1629 1622 1670 tribu-

165 1690 228 1724 to.
261 1684 418 1724 Partito
449 1684 642 1737 adunque
671 1683 707 1724 el
735 1685 871 1724 ducha
898 1685 950 1725 da
976 1685 1154 1725 Bithinia
1183 1685 1289 1725 ando
1318 1688 1359 1725 in
1390 1687 1543 1739 Angira
1570 1685 1622 1725 de

165 1738 336 1788 Galata,
358 1745 401 1779 et
420 1737 611 1779 havendo
633 1740 689 1779 lui
715 1741 845 1779 ficcati
895 1740 923 1780 li
968 1741 1028 1780 soi
1059 1742 1305 1794 paviglioni,
1339 1740 1377 1779 el
1408 1741 1544 1780 ducha
1571 1740 1622 1780 de

167 1793 311 1848 Sinopi
342 1794 370 1834 li
398 1793 548 1832 mando
577 1809 651 1834 suo
677 1795 855 1849 figlivolo
884 1811 964 1836 con
986 1796 1117 1835 ricchi
1151 1796 1263 1836 doni.
1322 1795 1374 1835 El
1404 1797 1527 1850 quale
1557 1795 1622 1834 in-

165 1849 403 1889 clinandose
444 1850 702 1889 servilmente
750 1851 884 1890 saluto
931 1851 967 1890 el
998 1854 1176 1904 tyranno
1225 1866 1301 1904 per
1329 1865 1453 1891 nome
1484 1851 1535 1890 de
1565 1852 1622 1891 Is-

165 1904 271 1944 mael
298 1919 372 1945 suo
407 1902 547 1958 Patre,
579 1913 618 1944 et
646 1906 833 1958 presenti)
861 1906 889 1944 li
918 1907 1014 1945 doni
1042 1914 1080 1945 et
1108 1907 1248 1959 presto
1276 1906 1315 1946 la
1343 1906 1619 1946 obhedientia.

165 1960 219 2000 El
260 1967 437 2015 tyranno
475 1962 721 2013 acceptando
768 1961 798 2000 li
826 1962 921 2001 doni
962 1964 1140 2000 conmise
1168 1963 1208 2001 al
1237 1976 1388 2001 zovane
1418 1962 1618 2001 dicendo:

166 2015 222 2055 Di
253 2031 277 2056 a
313 2023 384 2055 tuo
437 2023 548 2064 patre
581 2030 694 2056 come
735 2018 775 2055 io
820 2017 958 2070 voglio
990 2016 1162 2070 Sinopi,
1197 2025 1237 2057 et
1270 2017 1337 2056 s'el
1365 2031 1430 2056 me
1459 2017 1556 2056 dara
1581 2017 1619 2057 la
1632 2030 1700 2078 342

166 2085 242 2111 sua
268 2071 517 2121 voluntade,
549 2070 588 2110 io
623 2072 674 2111 de
700 2072 812 2111 hono
841 2087 937 2111 core
965 2071 994 2111 li
1026 2072 1125 2111 davo
1143 2071 1183 2111 la
1214 2072 1422 2124 provintia
1450 2072 1501 2112 de
1520 2072 1620 2112 Phi-

167 2126 370 2181 lipopuli:
406 2127 645 2167 altramente
670 2142 691 2166 a
735 2127 793 2166 lui
819 2142 949 2181 vengo
980 2135 1133 2181 presto.
1191 2128 1244 2167 El
1271 2142 1421 2166 zovane
1451 2136 1620 2169 tornato

166 2182 220 2223 ad
244 2182 386 2223 lsmael
417 2197 491 2222 suo
526 2190 673 2236 patre,
706 2183 733 2221 li
781 2184 971 2223 resen-ette
1011 2191 1118 2223 tutte
1147 2184 1183 2223 le
1212 2183 1354 2237 parole
1383 2182 1448 2222 del
1476 2191 1621 2238 tyran-

167 2251 239 2279 no.
320 2238 557 2292 Navigando
590 2237 776 2278 l'armata
809 2239 948 2278 arrivb
979 2239 1029 2278 ad
1053 2239 1212 2293 Sinopi.
1271 2239 1322 2278 El
1351 2247 1525 2292 tyranno
1555 2240 1621 2280 in-

165 2300 254 2334 teso
281 2294 319 2334 el
347 2309 488 2334 zonzer·
517 2292 622 2334 della
651 2302 805 2333 armata
822 2324 833 2345 ‚
867 2309 951 2334 esso
991 2309 1067 2334 con
1099 2294 1142 2334 lu
1172 2295 1343 2342 exercito
1371 2294 1511 2335 arrivb
1541 2295 1621 2336 alla

165 2355 290 2390 terra.
350 2349 493 2390 Ismael
515 2365 597 2390 non
627 2350 807 2389 savendo
845 2351 952 2390 altro
986 2350 1177 2390 che'fare
1195 2381 1208 2400 ,
1243 2350 1329 2390 usc¹1
1360 2349 1412 2389 da
1440 2351 1618 2405 Sinopit,

167 2402 435 2446 humilmente
473 2405 754 2445 inclinandose
793 2406 869 2445 alla
896 2421 965 2445 sua
995 2407 1170 2459 signoria
1199 2407 1231 2446 si
1258 2406 1509 2446 ricomanda.
1567 2407 1619 2447 El

168 2465 348 2514 tyranno
376 2461 544 2513 accepto
574 2461 710 2513 quello
750 2476 825 2500 con
858 2461 990 2515 aleg1·a
1016 2462 1159 2501 faccia.
1187 2461 1387 2501 comando
1412 2461 1488 2501 che
1515 2462 1622 2502 fosse

169 2514 260 2556 tolti
287 2516 382 2556 tutti
417 2517 444 2556 li
473 2519 531 2556 soi
566 2517 715 2555 thesori
733 2547 744 2567 ‚
773 2517 928 2566 cavalli,
965 2517 1078 2567 muli,
1106 2516 1280 2557 camelli.
1338 2517 1488 2556 Poiche
1520 2517 1620 2558 heb-

170 2568 224 2610 be
261 2571 342 2611 ben
380 2572 534 2612 fornito
578 2572 719 2624 Sinopi
758 2572 861 2611 delle
901 2573 1125 2612 munitIOne
1163 2587 1277 2612 come
1317 2587 1358 2612 se
1391 2572 1547 2624 devea,
1579 2581 1620 2613 et

170 2624 314 2666 lassato
352 2628 485 2667 ducha
536 2642 617 2668 uno
656 2628 696 2666 di
727 2630 787 2667 soi
829 2629 969 2679 servi,
1020 2643 1105 2669 esso
1132 2643 1209 2667 con
1238 2629 1279 2668 lu
1307 2629 1482 2667 exercito
1514 2629 1620 2667 ando

170 2679 241 2735 pii:
281 2682 428 2722 deun-o
462 2682 499 2721 in
534 2684 570 2722 le
613 2690 727 2736 parte
759 2683 810 2722 de
840 2683 1069 2723 l'Armenia.
1130 2684 1248 2723 Uzon
1279 2685 1454 2733 eezinu,
1485 2683 1620 2724 duclm

166 2737 213 2777 in
239 2735 269 2776 li
293 2738 450 2778 confini
478 2739 527 2779 de
560 2739 715 2787 Persia,
750 2754 834 2779 non
861 2739 1035 2780 havente
1060 2753 1257 2794 possanza
1286 2739 1338 2779 ad
1365 2738 1548 2780 resistere
1581 2740 1619 2779 al
