1916 3210
325 151 618 197 ms‘romtm
663 151 1004 197 nYzANTmAe
1026 152 1149 196 cn».
1179 154 1303 195 xm.
1463 132 1497 189 3
1511 150 1530 188 ι
1543 130 1575 188 5

131 258 209 306 λας
231 253 316 312 γὰρ
336 250 493 313 ιαῦτοῖς
520 252 544 298 ὅ
581 253 786 310 δεσπότης
810 252 1020 311 Γεώργιος
1043 251 1300 311 έξηγόρασαν
1325 251 1582 308 μοναστριάς

129 322 328 372 νέας-,καί
351 320 544 379 γηραιάς,
575 322 656 372 ἕως
683 318 833 364 ἑκατὸν
862 318 1144 378 ἠλευθέρωσε.
1195 322 1271 363 καί
1299 318 1338 362 οὶ
1365 321 1450 362 τῶν
1475 318 1583 361 ἐντί-

129 403 224 441 μων
248 389 334 439 καὶ
363 389 410 431 ἐκ
435 389 582 444 γένους
618 390 823 430 παλατιόυ
861 386 1011 437 πάντες
1028 388 1291 443 -συρρὲοντες
1317 383 1583 440 αἰχμάλωτοι

131 453 178 495 εἰ*
203 454 358 512 Σερβίᾳ
382 453 622 508 ἐλάμβανον
649 454 722 496 καί
749 456 850 509 παρ’
882 455 1020 496 αὐτοῦ
1046 455 1120 496 καί
1144 451 1260 510 παρὰ
1290 455 1366 509 τῆς
1387 449 1582 506 βασιλίσ-
1593 454 1629 489 P·
1646 454 1710 498 178

95 522 210 575 5οης
232 517 289 564 τὰ
315 518 424 576 πρὸς
449 521 727 576 ἑξαγορασίας
756 519 912 577 ἐφόδια
942 522 1063 563 ἕνεκα
1093 517 1388 576 ἐλεημοσύνης.

247 587 335 630 Τοῦ
359 584 635 644 φθινοπώρου
665 581 741 630 οὖν
769 587 1022 643 ἀρξαμένου,
1050 589 1130 630 wc
1153 585 1274 637 ἔτους
1301 580 1382 642 ἤδη
1410 583 1584 639 τρέχον-

130 665 201 700 τος
229 651 350 711 ,ξςξβ
362 685 379 709 ,
415 652 490 696 καὶ
535 651 608 696 τὸν
633 654 826 708 χειμῶνα
854 651 961 696 οἴκοι
991 651 1263 707 διαβιβάσας,
1289 650 1511 708 ἠβουλήθη
1539 651 1587 693 ἐν

129 715 228 772 ἔαρι
248 719 326 777 τῷ·
342 718 523 778 δεσπότῃ
555 723 808 775 προσβαλεῖν
837 721 910 762 καί
937 718 1009 775 τὴν
1036 721 1178 762 πᾶσαν
1204 719 1387 774 Σερβίαν
1414 731 1587 773 προσοι-

129 785 308 828 arsafium
351 785 406 842 τῇ
438 785 638 845 ἧγεμονιᾲ
685 783 830 829 αὐτοῦ.
885 787 958 828 καί
985 784 1067 841 γάρ
1098 782 1120 826 ὅ
1151 785 1351 840 δεσπότης
1376 781 1481 837 μετὰ
1510 780 1588 837 τὴν

73 852 204 906 ιοεῆς
231 849 400 902 ,πόλεως
426 849 586 896 ἅλωσιν
613 856 714 895 καθ’
749 851 931 908 ἑκάστην
959 851 1230 908 ἐκδεχόμενος
1256 845 1309 908 ἦν
1331 848 1406 907 τὴν
1433 847 1589 906 πικράν

127 916 289 973 ταύτην
329 917 527 973 ἀγγελίαν
567 923 642 962 καί
666 917 712 963 τὸ
756 921 832 962 τοῦ
859 924 1103 963 πλεονέκτου
1144 920 1353 974 α’ὃὺεημα·
1430 913 1482 972 ἦν
1507 913 1588 972 γὰρ
1617 918 1623 921 ’

131 980 362 1038 πρακτικός
384 985 520 1040 γέρων
558 988 632 1028 καί
656 985 741 1028 τῶν
778 987 857 1028 τοῦ
896 984 1105 1039 τυράννου
1147 986 1418 1040 ἀδικημάτων
1460 986 1590 1025 πολυ-

130 1047 299 1104 παθὴς,
339 1049 398 1100 ὥς
435 1050 634 1100 πολλάκις
670 1049 924 1107 εἰρήκαμεν,
970 1050 994 1091 ὁ
1044 1050 1260 1104 δεσπότης.
1315 1051 1380 1098 τίς
1416 1043 1494 1091 οὖν
1532 1049 1593 1099 εἰς

131 1113 180 1156 τὸ
209 1116 341 1169 μέσον
372 1116 491 1159 αἰτία
518 1118 596 1159 τοῦ
625 1115 906 1172 άδικήματος;
937 1116 1120 1171 ἐμήνυσε
1147 1118 1278 1171 λέγων
1304 1115 1362 1165 ὥς
1389 1112 1441 1169 ,,ὃ
1468 1114 1632 1165 τόποςΒ

74 1178 184 1224 ι5ὃν
212 1179 428 1235 δεσπόζεις
462 1181 539 1225 οὐκ
566 1180 658 1226 ἔστι
698 1181 800 1236 σός,
830 1183 923 1225 ἀλλ’
952 1183 1054 1224 οὐδὲ
1091 1178 1315 1237 πατρικάς,
1347 1180 1537 1238 δηλονότι
1565 1179 1593 1236 ἦ

133 1249 323 1305 Σερβία,
353 1248 450 1292 ἀλλ’
474 1249 562 1292 ἔστι
591 1252 671 1292 τοῦ
698 1246 909 1304 Λαζάρου
938 1248 1038 1291 υἱοῦ
1063 1249 1139 1291 τοῦ
1157 1246 1392 1306 Στεφάνου·
1447 1243 1596 1303 ἀνήκει

131 1309 209 1358 οὖν
231 1316 343 1369 ἐμοί.
412 1311 558 1368 ἔξελθε
586 1311 664 1358 οὖν
701 1317 867 1370 ταχέως
889 1316 935 1356 ἐκ
958 1315 1043 1358 τῶν
1070 1312 1200 1370 ὅρι’ων
1229 1315 1375 1370 αὐτῆς.
1431 1313 1518 1369 ἔχω
1547 1315 1596 1356 δὲ

131 1378 423 1438 δωρήσασθαί
441 1397 510 1426 σοι
535 1383 665 1439 μέρος
687 1383 734 1426 ἐκ
762 1383 837 1438 τῆς
864 1381 940 1438 γῆς
968 1381 1044 1423 τοῦ
1063 1378 1326 1436 πατρός·σου
1355 1381 1434 1423 τοῦ
1456 1378 1595 1423 Βούλὸ

132 1462 208 1490 κου
235 1446 310 1491 καὶ
344 1445 422 1505 τήν
458 1445 583 1492 πόλιν
620 1451 798 1506 Σοφίαν.
865 1450 907 1491 εἰ
930 1450 977 1491 δὲ
1003 1448 1089 1504 μή,
1125 1446 1308 1503 ἔρχομαι
1338 1446 1446 1490 κατά
1475 1449 1596 1494 σου.”

68 1515 269 1559 αοεαῦτα
299 1507 376 1557 οὖν
411 1511 606 1572 μηνύσας
636 1516 693 1557 δι’
733 1511 827 1564 ἓνὸς
852 1517 935 1558 τῶν
962 1514 1221 1558 πιστοτάτων
1249 1510 1384 1557 αὖτοῦ
1411 1512 1598 1568 δούλων,

134 1578 376 1636 προστάξας
415 1581 462 1624 ἐν
509 1578 690 1637 ἡμέραις
729 1580 862 1624 εἴκοσι
887 1580 962 1624 καὶ
1002 1582 1125 1624 πέντε
1158 1579 1389 1638 εὑρεθῆναι
1413 1579 1596 1623 ἐνώπιον

135 1646 271 1689 αὕτοῦ
293 1648 372 1689 τοῦ
395 1650 555 1700 μαθεῖν
579 1645 655 1704 τὴν
683 1645 932 1704 α’πόκρισιν·
960 1650 1000 1691 εἰ
1030 1649 1073 1690 δ’
1097 1647 1149 1690 οὖ
1175 1648 1237 1703 μή
1256 1681 1267 1699 ,
1298 1646 1376 1703 τήν
1403 1645 1596 1705 κεφαλήν

136 1710 271 1755 miro&
309 1713 449 1768 τεμών
492 1713 541 1757 τὸ
571 1716 696 1769 σῶμα
745 1712 863 1771 ῥίψει
907 1719 995 1765 τοῖς
1022 1717 1178 1772 θηρσὶν
1205 1715 1266 1765 εἰς
1294 1712 1439 1771 βοράν.
1495 1710 1517 1755 ὃ
1548 1713 1595 1755 δὲ

135 1892 267 1938 stipem
294 1897 332 1926 et
358 1892 625 1937 eleemosynam
652 1894 804 1939 captivis
826 1894 1066 1941 Adrianopoli
1093 1901 1297 1941 erogarunt.
1326 1896 1473 1941 Georgii
1493 1907 1595 1929 nam-

136 1951 209 1985 que
228 1939 402 1986 despotae
425 1940 596 1974 mandato
617 1941 794 1975 moniales
814 1948 959 1976 centum
984 1943 1133 1977 iuvenes
1158 1954 1200 1977 ac
1222 1944 1363 1978 vetulas
1389 1943 1595 1988 redemptas

135 1986 299 2021 libertati
341 1987 589 2022 restituerunt.
625 1988 786 2023 illustres
815 2000 923 2034 porro
959 1995 996 2023 et
1019 2000 1040 2022 a
1077 1990 1252 2035 palatinis
1279 2001 1391 2036 genus
1420 1990 1595 2023 ducentes

135 2034 292 2080 captivi,
326 2034 366 2068 in
387 2034 547 2068 Sei-viam
585 2035 760 2080 profecti,
796 2036 841 2069 ab
868 2047 911 2069 eo
952 2042 990 2070 et
1018 2038 1139 2082 regina
1171 2039 1369 2084 pecunias,
1393 2037 1528 2084 quibus
1555 2047 1596 2071 se

136 2081 376 2124 redimerent,
403 2082 652 2126 eleemosynae
677 2083 825 2117 nomine
854 2090 1081 2129 acceperunt.

229 2129 434 2163 Autumnus
460 2129 595 2163 deinde
621 2130 803 2175 simulque
828 2130 874 2163 ab
908 2131 996 2164 orbe
1022 2131 1171 2165 condito
1195 2142 1311 2164 annus
1338 2132 1432 2176 6962
1457 2131 1596 2173 iniere;

137 2182 426 2222 sequentemque
466 2176 622 2210 hiemem
649 2177 873 2212 Mehemetes
900 2177 999 2212 domi
1026 2179 1221 2223 transegit,
1247 2179 1434 2223 despotam
1462 2178 1598 2211 adven-

136 2228 239 2257 tante
253 2234 337 2257 vere
355 2226 403 2267 (a.
422 2225 524 2270 1454)
539 2224 722 2266 invadere,
748 2231 934 2271 totamque
951 2226 1110 2259 Serviam
1127 2227 1281 2271 imperio
1308 2236 1373 2258 suo
1400 2225 1597 2271 adiungere

136 2270 259 2311 animo
279 2271 430 2316 agitans.
458 2270 556 2306 hunc
579 2271 748 2306 acerbum
773 2273 965 2314 nuntium,
996 2273 1241 2319 iniuriamque
1276 2272 1323 2306 ab
1359 2273 1597 2318 inexplebilis

136 2317 310 2353 avaritiae
349 2324 503 2362 tyranno
528 2325 613 2365 post
636 2325 777 2365 captam
807 2320 932 2353 urbem
967 2320 1038 2353 sibi
1063 2320 1310 2361 inferendam,
1343 2320 1509 2366 quotidie
1535 2332 1598 2354 ex-

135 2363 311 2410 pectabat
333 2365 504 2412 despota3
530 2367 594 2414 qui
619 2378 731 2401 senex
754 2368 860 2412 longa
886 2378 1005 2401 rerum
1037 2368 1262 2413 experientia
1283 2367 1432 2402 edoctus
1447 2394 1456 2409 ,
1482 2373 1597 2413 utque

137 2412 385 2454 narravimus,
422 2412 554 2447 damna
588 2415 703 2447 multa
736 2415 782 2447 ab
822 2415 958 2448 iniusto
997 2421 1151 2459 tyranno
1174 2426 1366 2461 perpessus
1391 2421 1479 2449 erat.
1505 2415 1599 2448 hanc

138 2463 261 2493 autem
286 2459 378 2494 belli
403 2466 529 2494 contra
557 2462 613 2495 ius
639 2462 767 2507 fasque
795 2473 939 2495 causam
968 2463 1159 2507 praetexit.
1186 2463 1414 2507 ‚‚provincia‚
1448 2463 1506 2495 cui
1532 2462 1599 2495 do-

137 2507 299 2548 minaris,
315 2518 383 2541 nec
398 2513 460 2541 tua
487 2513 543 2541 est
559 2520 627 2542 nec
639 2510 752 2554 patris
769 2510 823 2543 tui
838 2523 845 2541 :
874 2515 928 2543 est
940 2509 1114 2555 Stephani
1130 2509 1253 2542 Lazari
1271 2510 1307 2552 s.;
1333 2515 1527 2556 propterea
1552 2509 1599 2542 ad

138 2564 196 2587 me
209 2554 379 2599 pertinet.
400 2555 500 2589 iliius
523 2555 648 2601 itaque
668 2557 801 2589 finibus
821 2557 874 2589 nil
897 2563 1085 2590 cunctatus
1112 2555 1258 2590 decede.
1276 2556 1383 2591 Vulci
1406 2558 1519 2603 patris
1544 2557 1598 2590 tui

140 2600 294 2634 ditionis
321 2607 460 2647 partem
488 2602 686 2648 urbemque
710 2604 883 2649 Sophiam
925 2604 994 2637 tibi
1022 2604 1130 2637 dabo.
1158 2605 1213 2637 sin
1237 2604 1381 2645 minus,
1408 2605 1599 2638 confestim

140 2647 179 2680 in
195 2653 231 2682 te
243 2648 433 2683 movebo.“
458 2650 548 2683 talia
573 2662 638 2695 per
662 2651 842 2695 quendam
862 2651 932 2684 sibi
952 2653 1107 2684 maxime
1134 2651 1246 2685 fidum
1272 2652 1468 2685 satellitem
1496 2663 1600 2685 snum

141 2693 316 2740 despotae
352 2697 579 2741 significavit.
616 2698 746 2742 illique
784 2710 884 2731 servo
910 2711 975 2731 suo
1002 2699 1106 2732 XXV.
1145 2698 1223 2732 dies
1246 2700 1478 2744 praestituit,
1506 2699 1601 2732 intra

142 2751 235 2788 quos
264 2752 285 2775 a
316 2743 467 2790 despota
493 2755 705 2791 responsum
729 2746 801 2791 ipsi
828 2748 982 2788 afferret,
1007 2747 1163 2781 moranti
1188 2746 1317 2793 capitis
1343 2758 1518 2793 poenam,
1544 2747 1602 2780 in·-
