1890 3204
276 173 391 232 566
859 189 1145 234 numum

267 310 374 353 prae
399 297 562 336 caeteris
584 295 821 351 celem'pedes
847 302 954 344 sime,
976 308 1131 333 cursum
1152 306 1248 334 vero
1265 305 1346 348 per
1356 292 1516 348 lengum
1540 293 1675 348 spatia

270 353 406 393 statim
435 351 661 415 deficientes
687 351 849 389 minime
875 350 1122 389 continuant.
1503 390 1508 395 ,
1662 356 1664 362 ·
1704 360 1713 379 2

383 405 434 447 P.
461 406 530 455 08,
566 420 623 445 ιο.
681 402 921 457 ζατρίκιον]
979 403 1041 442 Ita
1073 404 1301 458 appellatur
1332 401 1451 442 ludus
1497 400 1718 445 schacchm

216 488 218 491 .
272 475 365 500 rum
395 461 448 501 ab
474 459 735 500 Artemidoro
765 460 804 497 in
839 458 1161 498 Oneirocriticis.
1675 458 1678 463 “
1703 468 1719 509 ἰ

383 515 564 570 Ρ.69,[ι.
597 508 833 566 σιαχρούχ]
869 513 911 553 Si
940 513 1232 553 Leunclavium
1256 513 1479 566 sequimur,
1501 510 1719 567 legendum

272 570 355 610 erit
372 569 456 623 σχὰ
458 587 487 622 χ
509 567 632 622 ῥούχ,
652 583 735 621 quo
752 569 890 607 Ducas
907 575 1049 608 noster
1066 569 1107 608 id
1130 568 1352 608 sionificare
1373 568 1478 618 vult,
1501 567 1611 620 quod
1627 563 1717 613 Itali

269 626 422 666 Scacco
449 634 594 671 mutto,
626 622 734 662 Galli
762 623 919 663 Eschec
949 632 1037 663 mat
1061 601 1296 677 appefiant,
1323 622 1486 677 quando
1512 621 1554 661 in
1585 622 1720 662 zatri-

272 680 355 720 chii
390 680 491 720 ludo
523 678 689 731 regulus
718 676 770 716 ad
797 678 1001 731 angustias
1031 677 1090 717 ita
1118 678 1310 719 redactus
1335 684 1419 728 est,
1447 683 1499 718 ut*
1527 691 1621 717 mox
1649 687 1720 718 caz-

271 735 448 788 piendus
493 740 535 774 et
562 732 848 772 deturbandus
877 732 917 772 in
949 733 1102 773 nullam
1133 732 1306 787 amplius
1334 747 1377 773 se
1399 746 1562 773 movere
1587 731 1719 786 possit

244 796 449 848 'pm-tem,
476 796 521 828 ut
552 786 687 828 salvus
708 787 872 827 evadat.
908 788 1179 828 Leunclavius
1209 787 1279 828 lib.
1316 801 1363 827 12
1393 785 1718 827 Schach-Ruch

270 843 372 885 duas
413 844 625 884 distinctas
660 856 779 882 voces
807 842 923 892 facit,
970 843 1119 897 quibus
1150 857 1216 883 rex
1246 842 1413 882 Ruchus
1439 842 1716 895 significetur:

271 913 321 939 eo
349 899 516 939 nomine
549 899 605 938 sic
631 905 798 938 vocatus
827 904 885 948 cst
912 898 1103 951 Temyris
1126 898 1257 948 filius,
1291 897 1360 951 qui
1383 896 1717 936 Laouichach-

271 954 423 995 ruchus
467 953 633 996 dicitur.
686 952 739 992 ad
779 953 888 992 hunc
937 953 1255 1000 schaechorum,
1294 959 1341 991 ut
1380 952 1481 991 mihi
1526 950 1714 1002 videtur,

270 1010 411 1050 ludum
440 1008 648 1048 alludebat
676 1009 846 1048 Sinanes
877 1009 996 1047 Bassa
1014 1038 1026 1058 ‚
1056 1023 1148 1048 cum
1179 1022 1288 1047 anno
1323 1006 1424 1047 1583
1457 1005 1583 1048 allato
1612 1015 1720 1059 nun?

272 1065 338 1104 cio
365 1064 487 1104 cladis
531 1064 572 1102 in
603 1063 775 1103 Perside
807 1076 830 1101 a
859 1062 1010 1102 Turcis
1038 1070 1248 1116 acceptae,
1277 1061 1449 1101 Sullano
1477 1062 1630 1102 Mon-ati
1656 1061 1718 1102 ΠΙ

272 1119 372 1161 dixit
397 1119 618 1159 Schachum
645 1117 849 1166 Schacho,
897 1117 939 1157 id
968 1126 1026 1158 cst
1055 1128 1187 1172 regem
1217 1117 1300 1171 regi
1328 1116 1631 1170 opponendum'
1656 1130 1719 1158 es-

274 1189 317 1215 se
336 1204 347 1226 ,
375 1180 424 1214 ut
450 1188 514 1213 res
543 1174 777 1213 Turcorum
823 1187 846 1211 a
875 1173 1010 1213 Pei-sis
1035 1174 1180 1213 fractas
1209 1173 1248 1212 in
1276 1172 1422 1211 melius
1450 1171 1692 1222 restitueret.

143 1231 261 1277 P-234
383 1230 432 1269 P.
461 1229 531 1282 69,
569 1242 583 1267 ι
618 1258 632 1270 .
700 1224 775 1267 καὶ
809 1225 1123 1282 ψυχαγωγήσας
1158 1227 1231 1267 καί
1257 1222 1570 1280 παρηγορήσας]
1627 1225 1718 1266 Ad..

272 1284 429 1324 eundus
457 1285 594 1323 Leunc
615 1311 626 1321 .
668 1282 738 1324 lib.
769 1297 793 1337 7
824 1282 1019 1323 historiae
1063 1281 1409 1331 Musulmanicae,
1449 1281 1519 1320 ubi
1550 1281 1718 1331 modum

273 1341 443 1392 explicat
471 1352 554 1392 quo
583 1338 740 1392 Temyr
776 1338 996 1378 Baiazitem
1032 1338 1190 1391 excepit
1234 1344 1274 1377 et
1300 1336 1460 1376 habuit.
1517 1336 1722 1377 Phranzes

273 1394 344 1436 lib.
380 1409 394 1433 1
425 1408 514 1445 cap.
533 1406 599 1446 29,
629 1399 669 1432 et
695 1393 898 1432 Laonicus
926 1392 999 1434 lib.
1022 1393 1047 1432 5
1082 1407 1163 1432 uon
1192 1392 1310 1447 longe
1339 1407 1363 1431 a
1390 1391 1483 1435 fine.
1511 1391 1720 1433 sed‘uter-

273 1463 354 1505 que
381 1463 405 1487 a
432 1450 550 1487 Duca
578 1453 620 1486 et
649 1446 896 1486 Leunclavio
926 1447 1178 1490 dissentiunt.

384 1504 435 1542 P.
464 1516 531 1557 70,
567 1514 632 1542 ιι.
661 1495 684 1539 ὅ
716 1500 765 1541 δὲ
800 1497 943 1553 Τεμύρ
972 1498 1113 1552 λαβών
1137 1499 1327 1554 πλοῦτον]
1384 1498 1717 1541 crudelissimum

271 1566 314 1598 et
341 1557 615 1599 avarissimum
656 1556 779 1596 fuisse
802 1555 1020 1611 Temyrem
1054 1563 1256 1596 testantur
1280 1556 1480 1595 Laonicus
1508 1562 1548 1596 et
1577 1556 1716 1596 Leun-

272 1613 440 1657 cluvius,

362 1699 363 1704 ,
382 1668 432 1709 Ρ.
446 1682 510 1721 70,
530 1680 592 1720 ¹7·
615 1661 680 1706 ἔτι
694 1658 812 1712 ὄντος
825 1663 900 1705 τοῦ
911 1661 1136 1716 Παγιαζὴτ
1151 1664 1198 1704 ἐν
1217 1664 1276 1720 τῷ
1287 1663 1418 1718 καιρῷ
1429 1664 1506 1704 τοῦ
1517 1663 1717 1719 πολέμου]

272 1722 539 1762 Leunclavius
565 1721 676 1761 lib.8
701 1723 743 1760 in
770 1720 968 1773 principio
996 1720 1330 1759 omnesBaiazitis
1358 1719 1466 1759 filios
1493 1726 1718 1772 enumerat,

273 1791 450 1830 quorum
480 1776 649 1818 nomina
674 1776 776 1815 haec
805 1775 929 1823 fuere,
958 1772 1182 1826 Ertogrul‚
1208 1774 1329 1814 Emir
1356 1774 1588 1829 Suleiman,
1621 1774 1716 1814 Mu-

272 1832 416 1884 stapha
445 1831 633 1881 Zelebis,
674 1833 737 1871 Isa
760 1829 941 1878 Zelebis,
982 1832 1099 1869 Musa
1131 1828 1315 1880 Zelebis,
1354 1828 1546 1868 Sultanus
1574 1829 1715 1869 Mehe-

274 1893 421 1936 metes,
464 1886 661 1926 Cassimes
703 1884 768 1924 vel
796 1885 1008 1924 Cassumes
1043 1883 1212 1927 Zelebis.
1251 1884 1406 1924 occisus
1436 1890 1497 1924 est
1525 1885 1719 1939 Ertogrul

275 1942 316 1979 in
348 1955 484 1994 pugna
515 1947 656 1981 contra
684 1939 818 1980 Casim
845 1938 1199 1990 Bucharedinem3
1229 1938 1464 1993 Mustaphas
1493 1940 1532 1978 in
1561 1939 1717 1993 praelio

273 1995 522 2050 Temyriano
554 1996 690 2048 periit.
746 1994 995 2035 Suleimanes
1023 2008 1070 2034 ex
1099 2007 1147 2034 eo
1172 1994 1400 2034 subtractus
1427 1994 1559 2033 salvus
1579 1996 1718 2045 evasit,

276 2053 484 2104 etiamque
523 2051 772 2090 Mehemetes
814 2050 938 2090 rebus
980 2049 1199 2102 deploratis
1229 2051 1401 2089 excessit.
1459 2049 1520 2088 Isa
1548 2050 1720 2089 Prusam

275 2120 346 2145 seu
385 2106 585 2144 Burusam
623 2106 764 2156 venit,
811 2105 975 2158 illicque
1019 2104 1181 2157 imperii
1227 2105 1363 2144 sedem
1391 2103 1545 2145 habuit.
1602 2105 1719 2144 Musa

277 2168 417 2212 captus
444 2168 504 2200 est
533 2174 624 2199 cum
653 2165 800 2213 patre3
833 2162 984 2199 interea
1011 2174 1107 2199 vero
1138 2160 1346 2199 Cassumes
1375 2160 1416 2198 in
1444 2159 1585 2198 Sci-aio
1614 2159 1718 2198 edu-

277 2216 460 2257 cabatur.
489 2215 567 2254 hoe
600 2215 694 2255 loco
738 2222 879 2255 noster
909 2215 1146 2268 Mustaphae
1175 2228 1321 2255 nomen
1353 2214 1514 2262 omisit,
1543 2225 1720 2267 eumque

279 2270 384 2308 infra
413 2270 454 2308 in
502 2284 635 2323 pugna
665 2285 745 2309 non
781 2271 1014 2309 occubuisse
1044 2269 1200 2310 asserit.
1232 2284 1351 2322 quem
1381 2283 1509 2321 porro
1537 2268 1617 2307 Ese‘
1643 2283 1718 2308 vo*

239 2372 248 2379 .
277 2332 341 2363 cat
371 2326 531 2373 Ducas,
573 2339 664 2363 euin
707 2327 905 2366 Laonicus
942 2325 1095 2373 lesum,
1147 2324 1414 2363 Lennclavius
1443 2325 1547 2362 Isam
1575 2322 1718 2376 appel-

278 2379 394 2428 lant3
423 2379 627 2433 hodieque
659 2381 784 2419 Tusci
823 2381 1035 2419 dominum
1066 2379 1362 2432 redemptorem
1389 2384 1577 2417 nostrum
1608 2379 1717 2418 Pro-

273 2435 431 2488 phetam
460 2434 568 2472 Isam
598 2443 751 2474 vocant.

387 2489 439 2526 P.
453 2503 518 2542 70,
537 2502 600 2527 20.
619 2484 704 2539 εἶχε
725 2489 771 2529 δὲ
789 2486 860 2528 καί
883 2487 928 2529 ἐν
953 2490 1011 2543 τῷ
1032 2485 1143 2543 οἴκῳ]
1177 2489 1254 2528 Hic
1267 2487 1500 2540 Mustaphas
1514 2493 1654 2540 postea
1674 2487 1716 2526 in

276 2556 438 2581 scenam
469 2544 647 2595 prodibit
667 2545 855 2585 adversus
870 2545 1146 2593 Mehemetem,
1177 2545 1246 2598 qui
1261 2542 1527 2591 Musulmano,
1543 2544 1657 2582 Mose
1676 2548 1717 2581 et

275 2596 356 2636 Es&
383 2612 453 2636 seu
481 2601 540 2637 Isa
570 2600 729 2648 occisis,
763 2614 808 2637 ac
837 2600 1049 2652 Mustaplm
1081 2599 1205 2637 hocce
1232 2597 1447 2646 debellato,
1505 2597 1716 2636 Osmanici

277 2651 442 2705 imperii
479 2666 674 2692 summam
717 2654 826 2693 solus
854 2655 1066 2696 obtinebit.
1093 2654 1293 2706 discrepat
1321 2667 1415 2705 ergo
1445 2652 1715 2692 Leunclavius

278 2721 302 2746 a
334 2714 481 2746 nostro·
505 2715 586 2746 tam
615 2707 655 2745 in
675 2709 913 2761 Mustaphac
944 2716 1074 2748 aetate
1103 2723 1224 2761 quain
1255 2707 1294 2746 in
1326 2715 1421 2746 natu
1450 2707 1606 2748 minimi
1637 2721 1714 2748 no-

277 2762 402 2813 mine,
435 2762 505 2817 qui
533 2762 740 2806 Orchaues
773 2771 938 2811 nostro,
970 2765 1180 2803 Cassumes
1201 2763 1255 2802 illi
1287 2762 1445 2804 dicitur.
1714 2779 1716 2782 f
