1904 3198
297 175 372 232 36
631 192 812 237 nvem:
849 191 1136 236 nncuAms
1171 190 1396 235 NEPoTis

246 295 370 339 Βτοῦ
412 295 695 348 αἰτοιχομὲνου
733 297 939 347 βασιλέως
968 294 1245 348 Ἀνδρονῖκου.
1312 293 1336 335 ὅ
1375 291 1467 341 νὲος
1507 288 1644 345 αὐτὸς
1663 281 1743 338 κοιῗ

295 358 490 412 διάδοχος
537 361 610 414 τῆς
641 363 859 412 βασιλείας
897 356 996 412 ἐμός
1040 360 1127 401 ἐστι
1166 358 1365 412 βασιλεῦς
1410 358 1483 399 καί
1512 350 1736 420 υἱὸςίιῖαὲἆ

293 425 440 466 θέσιν·
482 420 613 473 οὕτως
642 423 721 480 γάρ
750 439 824 476 μοι
856 420 1054 478 ἀνέθηκεν
1082 422 1104 464 ὁ
1133 422 1267 479 πατὴρ
1301 425 1434 466 αὐτοῦ
1459 416 1741 481 &monadi-tegi?

294 489 412 532 θεοῦ.
482 491 529 530 τί
565 488 691 530 κακὸν
719 488 878 543 ἔπραξα
927 491 965 530 εἰ
1007 487 1213 542 βούλομαι
1259 493 1402 544 λαβεῖν
1456 485 1584 530 αὐτὸν
1627 485 1736 541 γαμί-

294 551 424 608 βρόνς
462 554 536 594 οὐκ
567 554 706 596 οἴδατε
735 550 798 596 ὅτι
826 553 961 607 πατὴρ
994 553 1126 595 αὐτοῦ
1162 551 1219 603 ὥς
1247 551 1432 610 οἶδελφὸν
1469 551 1638 607 γνήσιον
1665 549 1775 594 καὶὸ

295 615 408 673 ἑώρα
449 618 521 660 καί
557 618 758 672 εήρόσεχε
785 619 858 659 καί
884 602 1046 674 ἐφίλει,
1093 620 1165 660 καί
1210 616 1284 673 τῆν
1320 615 1539 671 βασιλείαν
1578 613 1737 659 πολλά·-

295 700 358 732 κις
382 684 438 733 ὥς
464 685 619 725 ἐκεῖνον
646 682 777 724 αὐτὸν
801 682 873 724 καί
899 682 1070 739 α’νετίθη
1097 684 1170 724 καί
1195 684 1437 737 συνεμέριζε
1463 680 1616 738 ταύτην
1649 681 1739 734 μετ’

294 751 402 802 ἐμοῦ
411 766 424 800 ‚-
462 751 538 790 οὐκ
575 749 664 800 εἰμί
700 749 783 788 ταῖν
823 746 1020 799 ἐνδόξων,
1047 750 1128 789 τῶν
1153 746 1478 801 εὐγενεστάτων,
1506 747 1592 789 τῶν
1618 760 1738 801 περι-

295 817 458 870 φανῶν,
490 816 574 856 τῶν
601 815 645 854 ἐν
665 810 826 869 πλούτῳ
843 814 1124 866 καυχωμένων
1144 812 1164 853 ὁ
1182 813 1409 867 ὑπέροχος,
1437 813 1519 854 τῶν
1545 814 1592 855 ὲν
1607 828 1737 874 στρα-

292 882 452 934 τηγίαις
495 878 517 920 0‘
558 876 870 930 ἀλκιμώτατος,·
916 879 962 919 τί
981 884 1279 935 καταφρονεῖτε
1294 895 1308 930 ,·
1357 878 1430 919 καί
1453 874 1589 920 ταῦτα
1615 877 1730 932 γένος
1753 894 1799 921 io

178 952 219 986 V.
243 947 369 998 ι4τῆς
396 942 508 986 κάτω
537 943 668 999 τύχης
692 945 766 985 καί
788 941 1101 998 μιξοβάρβαρον
1128 940 1418 998 τυγχάνοντες.
1471 941 1541 984 διὰ
1570 944 1617 985 τί
1636 942 1737 986 τοῦ-

293 1026 340 1050 το
370 1005 520 1064 ἦλθον,
550 1004 585 1050 ὦ
614 1013 808 1060 πολῖταις
855 1009 932 1049 οὐκ
961 1005 1172 1062 ἀδικήσων
1198 1005 1316 1061 τινά,
1351 1002 1459 1050 &aad
1485 1007 1644 1061 μᾶλλον
1673 1008 1736 1048 δι·

293 1075 500 1116 καιιόσων.
555 1077 628 1116 καί
662 1073 757 1123 τούς
795 1075 873 1127 μὲν
899 1073 1146 1123 ἑπταικότας
1177 1075 1330 1129 ἀφίημι
1361 1072 1413 1116 τὰ
1447 1071 1737 1128 παραπτώμα-

188 1148 365 1192 Ρ.ι8τα,
397 1139 494 1190 τοὺς
523 1141 570 1181 δὲ
599 1139 876 1194 ἀδικηθέντας
917 1136 1128 1180 δικαιώσω
1156 1141 1201 1180 ἐκ
1227 1142 1311 1180 τῶν
1340 1140 1454 1192 ἐμῶν
1483 1140 1738 1194 θησαυρῶν,

289 1203 363 1246 καί
389 1207 603 1259 εἰρηναιάν
643 1201 898 1247 κατάστασιν
936 1203 1086 1252 εἰσάξω
1115 1205 1159 1246 ἐν
1186 1206 1238 1261 τῇ
1261 1205 1343 1245 τῶν
1365 1204 1594 1258 Ῥωμαίων
1619 1207 1735 1246 πολι-
1751 1206 1798 1249 15

288 1271 392 1327 τείᾳ.
450 1270 490 1310 εἰ
515 1271 556 1310 δ’
593 1264 667 1310 οὖν
695 1267 742 1310 τὸ
773 1272 855 1309 πᾶν
899 1270 1105 1324 ἐκδικήσω
1132 1268 1205 1310 καί
1231 1266 1512 1311 ἀνταποδώσω
1538 1269 1642 1311 θεοῦ
1667 1285 1736 1310 κε-

286 1332 478 1382 λεύοντός
505 1349 579 1387 μοι
615 1333 685 1376 διὰ
714 1333 791 1383 τας
818 1337 993 1387 α’νομιάς
1017 1334 1149 1387 ὑμῶν.
1222 1334 1416 1385 ἀνοίξατε
1446 1349 1522 1387 μοι
1547 1332 1625 1383 τὰς
1653 1331 1733 1375 πύ-

285 1403 376 1449 λας.
452 1394 612 1452 ἷῖμνυμι
651 1397 726 1441 τὸν
755 1398 957 1454 δεσπότην
986 1397 1176 1454 Χριστὸν
1222 1402 1295 1440 καί
1320 1397 1394 1454 τὴν
1417 1401 1734 1454 πανυπέραγνον

287 1461 423 1506 miro&
447 1466 629 1519 μητέρα,
670 1460 749 1518 οὐχ
783 1463 840 1514 ὥς
878 1463 1032 1519 ἐχθρὸς
1069 1464 1158 1506 ἀλλ’
1198 1464 1256 1513 ὥς
1296 1465 1418 1520 φίλος
1445 1463 1736 1520 φανήσομαι.”

284 1529 324 1571 οἱ
352 1532 399 1571 δὲ
430 1531 504 1584 τῆς
541 1529 699 1579 πόλεως
725 1528 773 1571 τὸ
802 1529 1003 1584 παράπαν
1042 1528 1263 1585 ἀπόκρισιν
1294 1527 1353 1584 μὴ
1384 1526 1521 1580 δόντες
1549 1526 1606 1580 ὥς
1636 1528 1732 1572 Erv—
1744 1545 1796 1573 ao

280 1610 372 1649 χεν,
402 1591 509 1637 ἄλλα
538 1597 913 1650 καταφρονοῦντες,
945 1596 1018 1636 καί
1043 1595 1222 1648 α’τίμους
1249 1593 1398 1650 λόγους
1425 1594 1463 1637 οἱ
1489 1596 1567 1637 τοῦ
1592 1594 1730 1650 δῆμον

279 1662 454 1714 χυδαῖοι
487 1661 533 1702 ἐκ
562 1662 645 1701 τῶν
673 1659 967 1716 προμαχιόνων
995 1663 1204 1713 κατέχεον.
1262 1659 1388 1702 ἀὐτὸν
1413 1661 1460 1703 δὲ
1490 1659 1732 1715 λοιδοροῦν-

377 1772 427 1805 16»
455 1765 536 1818 οὖν,
563 1769 671 1804 immo
699 1767 756 1805 οὔ.
855 1782 905 1816 ¹7·
933 1763 1001 1808 τὰς
1024 1772 1176 1804 alterum
1203 1770 1304 1804 deest
1328 1772 1361 1804 P.

279 1872 343 1916 qui
367 1877 473 1906 antea
498 1874 754 1906 contumeliam
779 1875 877 1918 prius
902 1886 980 1906 sum
1004 1885 1138 1918 passus.
1164 1874 1306 1918 imperii
1334 1878 1433 1907 tutor
1461 1872 1506 1906 ab
1520 1872 1725 1907 Andronico

277 1917 493 1962 imperatore
509 1920 701 1952 novissimo
717 1932 793 1952 sum
809 1921 955 1952 electus.
971 1920 1178 1952 adolescens
1195 1920 1271 1963 ipse
1288 1921 1429 1965 imperii
1442 1919 1557 1961 heres,
1571 1920 1720 1965 impera·

277 1969 335 1997 tor
348 1976 448 1997 meus
464 1970 519 1997 est
535 1964 705 2010 filiusque
718 1977 781 2010 per
806 1966 1058 2010 adoptionem:
1082 1966 1132 1998 sic
1161 1967 1255 1998 enim
1280 1972 1382 2010 pater
1406 1967 1483 2000 eius
1511 1977 1629 2000 coram
1655 1967 1726 2001 deo

276 2011 366 2043 mihi
400 2011 593 2044 mandavit.
627 2012 716 2056 quid
747 2013 890 2057 peccavi
927 2013 956 2045 si
982 2023 1150 2056 generum
1174 2012 1372 2046 adsciscere
1407 2013 1510 2046 illum
1531 2013 1656 2047 volui?
1680 2024 1727 2047 an

274 2056 367 2090 latet
390 2066 451 2091 vos
476 2058 575 2102 quod
599 2064 701 2101 pater
726 2059 803 2092 eius
828 2065 1000 2104 tanquam
1033 2059 1177 2093 fratrem
1202 2060 1396 2102 genuinum
1421 2071 1478 2093 me
1503 2057 1644 2104 semper
1671 2060 1726 2092 fo·-

274 2103 368 2135 verit
403 2109 440 2136 et
464 2103 660 2137 dilexerit?
700 2110 736 2138 et
759 2106 901 2150 imperii
927 2117 1064 2146 curam,
1101 2110 1140 2137 ut
1165 2111 1201 2138 et
1224 2106 1327 2138 illum
1352 2107 1488 2150 ipsum,
1511 2106 1600 2139 mihi
1629 2116 1727 2139 com-

274 2149 413 2181 miserit
437 2155 473 2182 et
495 2161 634 2182 mecum
654 2152 807 2195 partitus
828 2152 962 2185 fuerit?
987 2151 1120 2184 nobilis
1139 2157 1234 2184 certe
1248 2163 1337 2192 sum,
1360 2152 1510 2185 illustris
1536 2157 1573 2185 et
1597 2152 1725 2195 clarus,

275 2206 505 2240 summusque
528 2196 622 2229 inter
646 2208 706 2230 eos
731 2199 794 2242 qui
821 2209 859 2231 se
883 2198 1012 2231 divites
1034 2198 1263 2242 praedicant,
1298 2208 1494 2242 eorumque
1529 2197 1592 2242 qui
1627 2209 1725 2231 arma

275 2241 485 2286 bellumque
514 2248 668 2276 tractant
690 2244 915 2278 fortissimus.
951 2255 1060 2289 quare
1084 2244 1186 2276 vobis
1214 2244 1358 2276 infimae
1386 2244 1492 2277 sortis
1515 2242 1724 2278 hominihus

275 2287 583 2332 barbarorumque
601 2289 683 2322 labe
701 2290 901 2335 inquinatis
926 2290 1112 2335 despectus
1129 2301 1206 2323 sum
1233 2296 1269 2323 et
1293 2290 1458 2335 spretus?
1484 2295 1633 2335 propter
1654 2290 1725 2325 hoc

277 2335 421 2375 accessi,
447 2345 467 2366 ο
485 2334 590 2376 cives,
612 2345 685 2368 non
704 2342 745 2369 ut
762 2347 977 2383 quemqnam
993 2337 1121 2370 damno
1137 2337 1296 2377 afficiam,
1319 2335 1384 2369 sed
1407 2337 1528 2381 potius
1542 2341 1584 2370 ut
1605 2348 1648 2370 ex
1661 2348 1723 2371 ae·-

277 2390 350 2424 quo
367 2386 403 2413 et
420 2380 516 2413 bono
537 2389 640 2414 suum
660 2383 791 2426 cuique
810 2385 977 2416 tribuam.
1002 2384 1046 2416 iis
1067 2383 1228 2428 profecto
1240 2383 1304 2428 qui
1319 2389 1556 2427 peccaverunt
1580 2384 1722 2417 veniam

277 2426 458 2467 concede,
484 2435 680 2473 eorumque
706 2430 768 2474 qui
795 2431 1049 2464 detrimentum
1076 2429 1225 2474 aliquod
1252 2435 1450 2470 senserunt,
1475 2430 1629 2474 propriis
1654 2430 1722 2463 im-

274 2473 395 2517 pensis
421 2473 549 2506 damna
589 2476 796 2509 resarciam:
838 2478 1029 2511 Romanam
1057 2476 1312 2521 rempublicam
1348 2476 1587 2517 constituam,
1613 2477 1720 2522 eique

272 2528 398 2563 pacem
424 2520 614 2553 stabiliam.
640 2521 754 2566 quid?
794 2522 823 2554 si
849 2529 889 2556 ut
913 2523 1001 2556 deus
1028 2523 1146 2562 iubet,
1173 2522 1391 2555 vindicarem
1416 2523 1551 2555 scelera
1574 2523 1719 2557 vestra?

273 2566 413 2609 aperite
449 2577 530 2610 ergo
564 2567 653 2599 mihi
689 2574 829 2612 portas,
864 2569 1047 2603 dominum
1072 2569 1251 2602 Christum
1274 2569 1353 2602 iuro
1379 2569 1552 2614 illiusque
1574 2569 1718 2614 penitus

273 2612 524 2644 intemeratam
562 2619 711 2646 matrem
727 2640 736 2655 ‚
769 2615 867 2659 quod
891 2626 948 2649 me
973 2616 1066 2649 nulli
1089 2615 1251 2655 hostem,
1278 2614 1342 2647 sed
1369 2615 1535 2648 omnibus
1561 2615 1719 2648 benevo-

273 2658 347 2690 lum
377 2659 591 2691 exhibebo.“
617 2661 802 2703 Byzantini
821 2673 904 2694 vero
926 2663 1067 2695 nullum
1092 2671 1316 2706 responsum,
1345 2662 1453 2694 verba
1479 2662 1717 2695 Cantacuzeni

274 2706 474 2748 aspernati,
501 2705 697 2739 dederunt:
731 2708 819 2751 quin
847 2709 953 2741 etiam
979 2709 1024 2742 de
1046 2707 1164 2753 plebis
1189 2708 1265 2741 fece
1301 2707 1464 2741 homines
1505 2719 1548 2741 ex
1582 2719 1716 2753 propu-

275 2751 435 2796 guaculis
460 2752 569 2787 verba
594 2754 853 2788 contumeliosa
879 2755 918 2790 in
936 2766 1016 2790 eum
1044 2754 1236 2796 iactabant,
1261 2754 1451 2801 ipsumque
1475 2753 1615 2800 probris
1630 2765 1715 2801 pro-
