1916 3210
345 162 379 218 3
392 160 457 218 18
668 178 850 222 numi:
893 176 1180 219 nummatis
1214 178 1437 221 NEPo‘ris

344 294 420 321 σαι
455 278 651 324 τίαλοίτια.
704 278 923 333 γενομένης
949 269 1025 318 οὖν
1049 276 1124 330 τῆς
1150 276 1387 332 περιορίας,
1415 273 1777 329 ἕκοὶλυψεᾝῶδν

347 343 423 399 τήν
450 342 640 400 κορυφήν
683 343 813 397 αὐτῆς
839 343 884 383 ἐν
906 341 1178 395 μολυβδίναις
1197 342 1420 395 πλάκεσιν,
1454 337 1778 401 &velow-tadi&

347 407 431 450 οἷπό
461 410 545 450 ταῖν
580 407 884 462 μοναστηρίων.
952 401 1061 461 ἦσαν
1084 405 1160 461 γὰρ
1188 405 1324 463 ἔρημα
1349 409 1570 461 μείναντα·
1589 423 1606 427 ’·
1623 403 1777 462 §rrae

340 474 400 529 »τῇ
421 475 530 530 μονῇ
555 475 633 515 τοῦ
663 468 1014 526 Παντοκράτορος
1060 473 1254 526 εἰσῆλθον
1282 476 1454 529 κναφεῖς
1480 472 1682 521 οἰκοῦντες
1708 471 1782 513 καί

243 549 246 552 ’
305 537 618 594 Βὲργαζόμενοι
655 537 1002 589 σκυτοτομοῦντες
1043 539 1089 579 ἐν
1125 538 1240 596 μέσῳ
1276 540 1351 580 τοῦ
1377 539 1504 589 ναοῦ,
1545 538 1592 580 ἐν
1616 537 1669 596 ’τῇ
1696 536 1817 581 τῶνὸ

349 601 594 658 Μαγγάνων
627 604 735 658 μ-ονῇ
777 602 1183 658 Τουρκοκαλόγηροι,
1204 605 1206 610 ’
1227 605 1271 646 ἐν
1298 605 1344 646 δὲ
1376 609 1468 654 ταῖς
1496 599 1782 653 ἅλλαιςὰπά-

304 703 306 707 .
349 684 445 718 σαις
472 667 905 722 ἅνδρογυναικόπαιδα
937 667 1150 723 Τούρκων.

464 735 604 777 Ταῦτα
632 731 660 774 ἃ
690 730 840 788 γράφω
860 730 967 785 μετὰ
995 731 1071 787 τήν
1098 734 1173 788 τῆς
1199 734 1357 783 πόλεως
1384 731 1563 788 ἅλωσιν,
1592 733 1673 776 οῦκ
1695 730 1783 785 ἒξε-

347 800 422 842 στί
441 814 515 852 μοι
557 795 760 853 γράφειν·
796 796 846 839 οὗ
873 796 953 853 γὰρ
980 793 1032 853 ἦν
1059 801 1215 852 πρέπον
1239 803 1543 855 χρονογραφεῖν
1566 813 1643 853 μοι
1670 796 1785 848 νίκας

343 864 422 906 -καὶ
436 860 795 919 ἅνδραγαθήματα
815 860 1021 918 τυράννου
1041 864 1271 917 δυσσεβοῦς
1294 863 1367 906 καί
1389 866 1552 920 ἐχθροῦ
1570 863 1782 908 α’σπόνδου
1801 881 1848 908 ιο

302 965 309 969 ᾗ
344 931 422 972 καί
444 928 637 983 ὄλετῆρος
661 931 737 970 τοῦ
765 930 910 983 γένους
935 929 1068 984 ἡμῶν.
1122 925 1228 971 ἀλλὰ
1257 927 1302 972 τὸ
1329 929 1477 972 πεῖσάν
1505 945 1580 984 μοι
1606 926 1786 987 γράφειν

349 994 444 1038 ἐστὶ
469 995 590 1037 τοῦτο
629 992 654 1035 ὃ
692 995 820 1045 λέξων
845 992 1038 1048 ἔρχομαι.
1106 994 1266 1048 ἔμαθον
1293 993 1407 1049 παρά
1437 1010 1559 1037 τινων
1586 994 1787 1050 γερόντων

350 1063 500 1113 τιμίων
525 1056 693 1114 ἀνδρῶν
721 1058 784 1100 ἔτι
809 1061 908 1113 νεόςΙ
932 1055 990 1099 ὢν
1019 1054 1081 1100 ὅτι
1119 1059 1166 1099 τὸ
1197 1061 1309 1108 τέλος
1335 1060 1410 1113 τῆς
1437 1059 1680 1114 τυραννίδος
1705 1063 1788 1103 τῶν

343 1126 567 1178 Ὀθμοίνων
604 1122 722 1166 ἔσται
765 1121 876 1176 ὅμοῦ
915 1122 1086 1180 φθάσας
1130 1124 1210 1166 σῦν
1249 1128 1308 1182 τῷ·
1334 1127 1441 1167 τέλει
1473 1127 1547 1181 τῆς
1569 1129 1788 1180 βασιλείας

354 1188 673 1245 Παλαιολόγων.
727 1189 836 1244 ὁμοῦ
866 1188 946 1246 γὰρ
975 1186 1148 1245 ἤρξαντο
1177 1187 1197 1231 ὁ
1220 1188 1381 1244 Ὀθμοὶν
1405 1193 1450 1234 ἒν
1473 1193 1689 1248 τυραννίδι
1717 1192 1790 1235 καί
1800 1195 1851 1236 -15

356 1257 541 1312 Μιχαὴλ
566 1255 587 1298 ὃ
614 1254 906 1311 Παλαιολόγος
933 1258 977 1299 ἒν
1012 1258 1227 1315 βασιλείᾳ,
1255 1256 1336 1312 πρὸ
1366 1257 1506 1313 ὀλίγου
1533 1261 1613 1312 μὲν
1645 1260 1668 1302 ὅ
1697 1262 1789 1303 Μι-

228 1341 263 1376 p,
282 1323 481 1379 ,3οχαήλ,
509 1324 598 1375 μετ’
628 1321 763 1376 ὀλίγον
789 1323 836 1363 δὲ
864 1322 886 1363 ὁ
916 1321 1073 1375 Ὀθμάν
1091 1324 1134 1364 ἐν
1157 1329 1247 1372 ταῖς
1276 1323 1454 1379 ἡμέραις
1483 1325 1562 1366 τοῦ
1586 1323 1684 1368 υἱοῦ
1709 1327 1790 1369 αυ’-

357 1390 435 1432 τοῦ
458 1386 724 1442 Ἀνδρονίκου
760 1388 836 1429 τοῦ
873 1386 1187 1442 Παλαιολόγου.
1245 1384 1296 1444 ἧν
1324 1390 1371 1430 δὲ
1397 1391 1470 1431 καί
1496 1391 1541 1447 ἐν
1567 1396 1659 1441 ταῖς
1685 1391 1789 1447 ἦμέ-

358 1472 454 1512 ραις
477 1456 553 1497 τοῦ
566 1452 747 1509 Μιχαὴλ
775 1455 989 1510 τυραννῶν
1017 1451 1039 1496 ὅ
1067 1452 1247 1508 Ὀθμάν,
1275 1454 1383 1510 πλὴν
1413 1459 1654 1513 λῃστρικαῖς.
1684 1456 1788 1501 κατὰ

357 1524 475 1565 τοῦτο
509 1516 720 1574 ἐπρόκειτο
749 1518 823 1561 καί
847 1519 894 1561 τὸ
922 1521 1004 1562 τῶν
1030 1522 1235 1573 βασιλέων
1279 1523 1352 1563 καί
1375 1522 1450 1577 τῆς
1475 1519 1632 1571 πόλεως
1659 1524 1791 1579 πέρας
1802 1537 1853 1564 20

358 1585 584 1642 προλαβών
621 1586 841 1640 γενέσθαι,
891 1581 983 1627 εἶτα
1018 1584 1064 1627 τὸ
1113 1588 1196 1627 τῶν
1223 1585 1452 1640 Ὀθμάνων.
1507 1586 1630 1643 ἔτυχε
1655 1587 1736 1645 γὰρ
1764 1588 1791 1630 ὃ

360 1650 558 1706 Μιχαὴλ·
587 1649 920 1705 οἰωνοσκοπήσας
961 1651 1050 1692 τότε
1078 1652 1117 1692 εἰ
1151 1649 1225 1705 τήν
1249 1653 1468 1705 βασιλείαν
1493 1655 1791 1710 κληρονομήσει

361 1717 384 1758 ὃ
412 1716 505 1765 υὶὸς
532 1711 666 1757 αὐτοῦ
690 1715 939 1771 τελευτήσας
966 1713 1119 1766 αὐτός·
1160 1718 1349 1771 ἐλέγχετο
1376 1716 1456 1774 γὰρ
1483 1717 1566 1761 ὕπὸ
1590 1721 1666 1761 τοῦ
1691 1735 1792 1764 συν-

226 1793 267 1828 V.
288 1793 347 1838 ¹44
360 1782 516 1832 ειδὸτος
556 1780 710 1831 α’δίκως
749 1779 825 1837 τὴν
869 1780 1085 1836 βασιλείαν
1127 1781 1402 1838 δραξάμενος,
1449 1784 1676 1842 τυφλώσας
1718 1785 1792 1830 τόν

360 1900 542 1934 aedificari
571 1899 685 1932 iubet.
708 1902 991 1932 constructarum
1017 1897 1160 1932 aedium
1180 1899 1322 1944 fastigia
1344 1899 1536 1945 plumbeis,
1559 1913 1648 1948 quas
1671 1913 1692 1936 e
1713 1915 1790 1938 mo·-

358 1947 526 1983 nasteriis
556 1945 707 1979 desertis
732 1945 905 1987 abstulit,
940 1946 1083 1979 laminis
1126 1947 1296 1980 contexit.
1329 1947 1589 1982 Pantocratoris
1613 1956 1792 1985 monaste-

359 1995 454 2028 rium
491 1993 648 2027 fullones
680 1997 941 2037 occupaverant
975 2003 1016 2025 ac
1052 1992 1245 2035 cerdones,
1280 1993 1318 2026 in
1341 1993 1461 2027 medio
1493 1995 1628 2041 templo
1654 1997 1792 2031 calceos

359 2046 585 2075 consuentes.
611 2038 757 2074 dervisii
781 2040 820 2072 in
843 2039 1100 2083 Manganorum
1125 2039 1300 2074 coenobio
1324 2040 1427 2074 sedes
1442 2040 1645 2086 habebant3
1671 2044 1711 2078 in
1733 2055 1793 2078 ce-

359 2089 447 2122 teris
473 2086 583 2120 Turci
608 2097 689 2120 cum
712 2085 884 2119 uxoribus
909 2091 945 2119 et
969 2085 1105 2119 liberis.
1559 2125 1563 2128 Δ

454 2134 557 2179 Quae
579 2138 662 2178 post
684 2132 811 2166 urbem
834 2137 972 2178 captam
990 2138 1088 2177 gesta
1112 2138 1196 2166 sunt
1210 2158 1219 2174 ,
1247 2144 1288 2165 ea
1313 2133 1401 2166 mihi
1418 2135 1573 2168 scribere
1596 2147 1669 2170 non
1694 2136 1792 2179 licet;

359 2192 429 2215 nec
462 2180 691 2214 victoriarum
728 2190 918 2224 rerumque
955 2191 975 2212 a
1009 2185 1180 2223 tyranno,
1223 2180 1338 2224 gentis
1380 2187 1522 2215 nostrae
1557 2193 1718 2216 eversore
1751 2195 1792 2216 ac

361 2228 465 2261 hoste
494 2227 651 2272 capitali,
674 2237 843 2271 prospere
869 2231 1044 2270 gestarum
1058 2226 1163 2259 decet
1186 2237 1242 2259 me.
1261 2226 1447 2260 historiam
1471 2234 1671 2262 contexere.
1698 2240 1792 2275 quae

360 2285 446 2308 vero
473 2273 519 2306 ad
544 2273 772 2307 scribendum
799 2284 903 2305 causa
922 2284 979 2306 me
1003 2273 1205 2318 impulerit,
1230 2272 1289 2306 hie
1314 2276 1466 2307 afferam.
1493 2287 1571 2308 cum
1595 2275 1712 2309 adhuc
1734 2277 1793 2309 iu·-

362 2321 462 2354 ven'is
497 2332 608 2353 essem
625 2345 635 2361 ‚
665 2331 685 2352 a
712 2319 928 2365 quibusdam
966 2320 1129 2361 senibus,
1157 2321 1304 2364 egregiis
1328 2321 1434 2362 viris,
1459 2321 1623 2356 intellexi
1651 2323 1727 2356 fore
1751 2329 1793 2357 ut

363 2367 624 2400 Othmanorum
645 2367 806 2410 tyrannis
831 2377 871 2399 ac
893 2367 1182 2410 Palaeologorum
1205 2367 1395 2411 imperium
1420 2368 1526 2401 simul
1550 2369 1792 2412 conciderent,

363 2415 449 2459 quia
473 2413 598 2446 eodem
619 2419 780 2458 tempore
794 2413 990 2446 Othmanes
1016 2419 1052 2446 et
1067 2413 1222 2447 Michael
1236 2414 1465 2459 Palaeologus
1494 2415 1719 2459 tyrannidem
1735 2417 1793 2450 in-

362 2461 560 2501 vasissent,
596 2460 704 2504 paulo
744 2459 891 2505 quidem
931 2465 1014 2493 ante
1038 2459 1214 2501 Michael,
1248 2461 1440 2506 statimque
1463 2467 1567 2506 post,
1592 2463 1793 2508 imperante

363 2506 566 2540 Andronico
589 2506 776 2539 Michaelis
801 2507 900 2548 filio,
924 2506 1136 2547 Othmanes,
1161 2507 1224 2551 qui
1251 2508 1358 2541 etiam
1381 2507 1558 2542 Michaele
1587 2510 1791 2554 superstite,

364 2553 426 2586 sed
452 2553 648 2586 latrociniis
670 2558 808 2586 tantum
832 2554 1048 2586 innotuerat.
1072 2560 1290 2599 quapropter
1313 2554 1448 2588 ordinis
1472 2556 1562 2589 ratio
1585 2555 1794 2601 postulabat

364 2606 406 2633 ut
432 2600 685 2645 imperatorum
713 2611 754 2632 ac
777 2600 875 2633 urbis
891 2600 1121 2634 antecederet
1145 2601 1345 2641 excidium,
1381 2600 1639 2635 Othmanorum
1663 2614 1793 2648 seque—

366 2651 473 2679 retur.
522 2645 678 2679 Michael
715 2657 758 2678 ex
784 2646 934 2680 hariolis
959 2647 1046 2680 olim
1074 2647 1294 2692 quaesierat,
1322 2659 1366 2679 an
1391 2647 1559 2682 heredem
1581 2650 1618 2682 in
1641 2650 1791 2694 imperio

366 2694 479 2726 filium
495 2717 504 2733 ,
523 2693 587 2725 ubi
614 2693 688 2725 fato
713 2694 969 2734 concessisset,
994 2694 1154 2727 haberet.
1179 2694 1397 2727 conscientia
1423 2696 1516 2728 enim
1543 2696 1686 2729 sceleris
1710 2706 1793 2740 pre-

363 2741 554 2782 mebatur,
579 2750 651 2784 quo
681 2739 870 2785 imperium
895 2740 1022 2774 heredi
1057 2741 1217 2785 legitimo
1245 2747 1432 2776 excaecato
1458 2743 1658 2789 eripuerat,
1696 2741 1789 2776 diras
