1890 3204
557 189 632 230 An
673 187 791 232 cm).
837 185 960 230 xxx.
999 186 1200 230 Noun.
1498 168 1610 244 595

245 291 320 333 Ῥ.
350 303 444 346 207,
474 301 520 344 9.
593 285 764 343 ἀγαγεῖν
794 288 868 344 τὴν
899 289 1084 345 νύμφην]
1154 291 1209 329 A.
1251 287 1351 344 Ileg.
1387 290 1470 346 839
1505 294 1615 333 iuxta

157 346 334 389 Annales
362 346 587 399 Tureicos;
613 348 691 386 sub
721 347 841 386 finem
870 361 907 385 3.
947 346 1048 399 1455
1079 352 1120 386 et
1150 345 1311 385 initium
1351 347 1471 397 1456.

160 440 165 444 ,
275 401 323 446 Ρ.
354 415 450 457 207,
486 415 550 456 ¹7·
623 395 675 453 ἦν
717 398 800 455 γὰρ
830 398 942 453 ἔχων
967 400 1042 441 καί
1063 396 1234 456 ἑτέραν]
1296 401 1374 441 Hic
1403 401 1545 453 locus,
1577 411 1618 444 et

155 458 229 512 qni
257 457 366 498 iufra
393 471 487 511 cop.
517 454 594 504 53,
622 457 803 510 probant
834 457 1035 496 Moratem
1064 470 1110 496 ex
1140 456 1217 496 ista
1246 456 1379 496 Maria
1406 457 1618 497 Meheme-

155 520 240 554 tem
275 527 361 553 non
404 512 649 565 suscepisse,
689 511 802 566 quod
844 511 996 566 aliqui,
1021 513 1127 552 inter
1157 525 1260 564 quos
1284 513 1496 553 Reinerius
1526 514 1620 554 Rei-

157 569 323 610 ueccius
341 595 355 620 ‚
382 567 435 608 ab
456 566 617 608 Orbino
645 568 844 607 confutati
871 567 1137 621 scripserunt.

267 624 321 665 P.
347 630 445 678 ²⁶7⁹
482 621 547 663 18.
605 619 681 662 καί
708 618 858 675 ἑτέραν
893 620 1134 677 προλαβών]
1193 622 1245 664 Α.
1280 623 1382 678 Heg.
1412 624 1520 675 828,
1547 626 1618 679 qui

157 680 295 733 coepit
324 693 360 718 3.
387 677 503 730 ,1434
519 707 532 728 ,
562 677 662 720 Nov.
689 679 766 729 23,
799 678 873 718 fer.
899 680 948 727 5,
984 679 1040 719 ita
1066 685 1113 718 ut
1140 677 1217 718 hae
1244 682 1412 733 nuptiae
1439 680 1619 721 celebra-

157 735 337 775 tae-sint
363 746 403 777 3.
438 733 557 786 1425.

268 789 320 831 P.
351 788 449 841 208,
498 803 533 829 1.
606 784 732 842 ἔαρος
760 787 802 828 δ’
829 786 1101 842 ἀρχομένου]
1174 789 1277 830 Post
1310 791 1473 831 obitum
1497 790 1622 845 Sigisi

158 844 304 886 muudi
347 844 602 899 imperatoris
625 873 637 895 ‚
680 845 753 898 qui
797 844 938 883 incidit
981 846 1023 884 in
1053 855 1209 884 annum
1245 846 1345 901 1437
1365 876 1376 894 ,
1404 853 1451 886 ut
1481 854 1626 887 notant

159 901 428 943 Thwroczius
478 908 519 940 et
555 899 797 949 Bonfiuius,
840 899 994 939 bellum
1024 900 1202 954 Georgio
1231 901 1400 942 Serviae
1434 902 1626 956 despotae

157 955 285 997 Turei
309 970 420 996 1111110
455 954 559 1006 1458
588 956 817 995 intulerunt
835 985 848 1005 ,
877 954 977 994 dum
1006 955 1199 995 Albertus
1229 957 1470 998 Austriacus
1499 958 1626 1012 sigis-

158 1011 305 1053 muudi
343 1025 470 1066 gener
498 1017 539 1050 et
565 1023 774 1051 successor
811 1009 921 1050 bello
950 1010 1149 1050 Polonico
1177 1011 1466 1053 distinebatur.
1498 1014 1629 1068 impar

159 1067 315 1109 viribus
348 1067 547 1120 Georgius
571 1067 724 1106 Savum
758 1072 1012 1106 transvectus
1042 1080 1089 1106 ac
1114 1067 1382 1117 Danubium,
1427 1082 1521 1108 cum
1550 1084 1630 1109 no-

162 1122 314 1164 bilibus
341 1130 382 1162 et
408 1121 694 1162 sacerdotibus
726 1127 767 1161 et
792 1121 970 1161 filiorum
996 1136 1081 1161 uno
1114 1122 1269 1162 Lazaro
1298 1124 1340 1164 in
1360 1123 1628 1179 Hungarhm,

161 1179 206 1219 iu
225 1192 319 1234 »qua
346 1173 499 1232 oppida
527 1177 763 1231 possidebat
783 1206 797 1228 ‚
846 1175 963 1217 abiit.
1020 1177 1318 1231 Synderoviam
1335 1209 1348 1231 ,
1377 1194 1484 1234 quae
1515 1180 1632 1221 Sme-

164 1233 374 1284 drovum,
402 1233 540 1274 Sancti
572 1232 766 1272 Andreae
794 1239 979 1272 castrum
1003 1231 1270 1287 appellatum,
1303 1234 1499 1276 tuebatur
1528 1235 1633 1276 filio-

163 1304 261 1330 mm
290 1289 459 1344 Georgii
486 1302 608 1328 unus.
634 1287 934 1343 Synderoviam
964 1289 1070 1329 fame
1097 1295 1368 1343 expugnatam
1401 1291 1529 1331 Turci
1558 1291 1634 1331 de-

162 1345 323 1386 ditione
352 1345 572 1399 accipiunt.
600 1342 830 1398 Gregorius
849 1343 1043 1397 Stephani
1072 1342 1198 1384 frater
1224 1347 1389 1398 capitur
1419 1353 1462 1386 et
1490 1361 1634 1387 excae·

162 1408 298 1441 catur.
335 1399 440 1440 11300
457 1399 668 1439 Bonfinius
695 1399 781 1438 dec.
812 1399 834 1438 3
863 1397 893 1443 l.
924 1398 967 1452 4.
1006 1400 1205 1440 Laonicus
1234 1400 1309 1440 lib.
1341 1401 1366 1442 5
1408 1398 1633 1443 Smedrovi

163 1456 354 1497 obsessae
383 1470 432 1496 30
461 1455 623 1495 deditae
652 1455 852 1497 meminit.

273 1512 325 1551 P.
355 1524 448 1566 309,
477 1525 516 1566 7.
571 1503 626 1563 ἦν
651 1505 734 1561 γὰρ
763 1507 789 1562 ἦ
819 1506 1025 1563 σιτοθὴκη
1052 1508 1128 1548 τοῦ
1155 1505 1341 1564 κάπρου
1374 1509 1493 1566 κὲνη]
1550 1512 1636 1553 Νο-

160 1565 266 1608 tavit
296 1566 467 1606 Maurus
507 1565 698 1606 Orbinus
725 1564 1006 1606 Sinderoviam
1052 1564 1158 1606 fame
1187 1573 1459 1620 expugnatam
1487 1567 1633 1618 fuisse,

163 1636 261 1663 cum
286 1622 406 1663 110110
434 1622 599 1676 Georgii
639 1634 742 1660 uxor
772 1633 897 1660 avara
935 1619 1085 1661 mulier
1114 1635 1235 1661 omne
1267 1621 1551 1672 frumentum,
1590 1632 1636 1664 ut

160 1679 382 1732 pecuniam
407 1678 672 1725 corraderet,
701 1675 970 1716 distraxisset.
999 1691 1083 1731 quo
1111 1676 1235 1717 simili
1267 1691 1411 1718 errore
1439 1679 1635 1720 muliebri

161 1739 207 1774 et
230 1733 446 1787 impotenti
485 1733 655 1773 avaritia
683 1730 787 1772 aliae
826 1731 949 1772 urbes
981 1733 1024 1771 in
1056 1732 1239 1772 hostium
1265 1740 1506 1786 potestatem
1539 1748 1636 1775 con·

167 1795 398 1831 cesserunt.

275 1841 326 1883 P.
358 1856 455 1894 2¹0,
489 1855 555 1882 12.
610 1837 717 1881 κατὰ
743 1841 818 1881 ’τοῦ
844 1836 1111 1895 Πελογράδω
1140 1840 1419 1894 ἐστράτευσεν
1498 1844 1634 1884 Bonfi-

166 1899 264 1939 nius
290 1900 348 1938 D.
379 1899 422 1938 3.
453 1898 481 1941 1.
510 1898 563 1938 5:
592 1911 638 1937 eo
650 1898 750 1949 sere
779 1911 886 1936 anno
922 1912 1003 1953 quo
1029 1897 1215 1936 Albercus
1243 1898 1367 1948 obiit,
1439 1902 1637 1939 Μαι-1111103

166 1954 347 2005 Mysiam
374 1954 584 2009 occupavit
600 1982 612 2003 ‚
643 1953 793 1992 Albam
827 1953 1030 1992 Graecam
1062 1953 1227 2001 obsedit,
1257 1955 1476 2003 etsi-astra
1504 1970 1635 2011 expu-

323 2018 463 2050 tentat.
494 2008 548 2048 ad
576 2022 729 2046 annum
762 2008 939 2061 Hegirae
967 2008 1063 2059 845,
1095 2009 1164 2062 qui
1195 2009 1328 2061 coepit
1350 2008 1501 2049 Christi
1531 2011 1635 2066 1459

166 2064 275 2106 1111111
311 2065 385 2115 14,
417 2065 490 2107 fer.
528 2078 543 2103 1
589 2077 636 2102 ea
666 2062 857 2102 referunt
889 2063 1028 2104 Turci.
1088 2063 1287 2102 Laonieus
1317 2064 1392 2103 lib.
1424 2063 1449 2105 5
1482 2064 1532 2104 de
1564 2065 1634 2106 illa

166 2120 385 2174 Belogradi
417 2119 629 2159 obsidione
658 2121 905 2158 mentionem
930 2119 1038 2158 facit.
1095 2117 1368 2171 Belogradum
1394 2120 1530 2160 multis
1559 2136 1635 2161 no-

167 2175 349 2217 minibus
389 2175 643 2230 appellatur,
692 2174 800 2214 Alba
826 2176 1014 2226 Graeca,
1049 2172 1154 2214 Alba
1182 2174 1421 2228 Bulgarica,
1459 2175 1634 2217 Nandor

169 2231 294 2272 Alba.

278 2285 333 2326 P.
362 2300 455 2337 210,
490 2286 554 2328 15.
615 2280 696 2335 πρὸ
734 2281 877 2335 ὀλίγου
906 2283 954 2323 δὲ
986 2283 1163 2337 αἰτήσας
1191 2284 1323 2339 αὐτήν
1402 2287 1535 2326 Ducas
1568 2288 1631 2327 Si—
1644 2300 1685 2335 v,
1708 2313 1771 2348 ¹90

167 2341 452 2396 gismundum‚
486 2352 609 2396 quem
638 2340 870 2394 Hungariae
900 2339 1060 2380 Cralem
1088 2340 1288 2394 appellat,
1360 2341 1471 2382 lbam
1498 2344 1630 2382 Grae-

168 2409 259 2438 cam
289 2411 312 2436 a
343 2398 541 2452 Georgio,
574 2395 751 2437 tuendae
781 2395 889 2434 illius
914 2409 1035 2435 causa
1062 2395 1257 2436 adversus
1285 2397 1457 2448 Tun-cos,
1489 2398 1631 2451 petiis-

168 2467 211 2492 se
238 2452 394 2493 scribit.
426 2460 469 2492 at
497 2451 825 2506 Hungaricarum
863 2463 1002 2490 rerum
1035 2452 1259 2506 scriptores
1295 2451 1414 2493 aliter
1443 2462 1625 2495 narrant.

167 2506 435 2549 waroczius
462 2509 688 2562 Georgium
718 2507 976 2561 Sigismundo
1014 2508 1174 2547 cessisse
1198 2507 1561 2550 Nandor-Albam
1588 2517 1631 2549 et

170 2576 264 2603 eum
307 2578 356 2604 eo
394 2571 647 2618 permutasse
696 2576 804 2602 anno
860 2563 964 2613 ¹425
1011 2563 1169 2604 scribit.
1241 2565 1448 2605 Bonfinius
1486 2565 1573 2607 dec.
1606 2566 1628 2604 3

170 2618 245 2658 lib.
274 2620 295 2659 3
326 2619 588 2674 sigismundo
621 2619 783 2658 cessisse
816 2617 960 2658 Albam
991 2619 1194 2659 Graecam
1225 2620 1447 2675 Georgium
1473 2621 1629 2660 scribit.

171 2675 458 2730 Foequentavit
483 2689 637 2730 quoque
663 2675 771 2713 illius
798 2674 936 2713 aulam
960 2674 1158 2728 Georgius
1174 2705 1183 2721 ,
1215 2678 1435 2731 superioris
1464 2676 1631 2727 Mysiae

164 2730 379 2785 princeps,
411 2745 528 2786 quern
554 2731 758 2784 despotam
785 2731 1004 2770 nominant.
1034 2732 1096 2769 hic
1113 2731 1632 2786 S1gisnaut1dibentficetzlia

172 2785 300 2824 victus
340 2787 493 2827 Albam
527 2787 750 2833 Graecam,
790 2786 851 2826 ibi
890 2787 951 2826 ad
978 2786 1161 2825 Danubii
1197 2801 1245 2826 ac
1271 2787 1379 2827 Sam·
1410 2787 1632 2843 cotgsluema
