1916 3210
469 168 683 214 rumen
729 171 1064 215 (ΝΤΕΒΡΒΕΤΕ
1109 171 1362 214 menam.
1469 208 1471 210 ,
1528 155 1644 231 469

136 285 138 287 ’
200 279 313 316 02·oe
331 273 377 315 'si
402 273 570 317 trovam
598 273 771 328 qualche
795 290 887 316 cosa
915 275 1137 324 indirecta,
1167 289 1246 316 con
1278 273 1467 314 matut-ita
1500 282 1539 315 et
1567 290 1647 316 con

201 328 403 384 mnseglio
433 329 475 374 la
496 343 805 371 correzeranno.
891 331 946 370 Et
974 331 1144 371 fermata
1171 337 1310 386 questa
1339 329 1648 383 deliberatione,

201 382 242 425 la
267 385 390 439 quale
415 398 440 425 a
466 387 560 426 tutti
591 385 759 439 piaeque
781 415 791 431 ,
824 386 1115 427 cominzarono
1141 400 1223 426 una
1251 400 1379 425 messa
1409 386 1539 425 molto
1566 387 1650 427 sol-

199 438 333 482 temne
369 438 412 480 in
445 438 487 480 la
511 439 662 480 chiesia
697 440 874 494 grande,
906 440 1111 482 celebrata
1131 440 1182 482 da
1216 442 1333 482 Greci
1366 446 1408 480 et
1437 441 1489 479 da
1514 442 1650 482 Latini

199 493 243 541 in
271 495 450 543 unitate,
477 495 518 534 in
548 494 588 535 la
617 495 739 550 quale
768 495 907 536 feceno
937 498 1328 539 commemoratione
1355 495 1407 535 de
1436 509 1544 550 papa
1574 497 1652 536 Ni-

199 547 329 600 colh,
347 549 491 590 alhora
518 550 718 603 pontefice
748 551 945 595 Romano.
982 553 1040 592 La
1067 551 1163 606 qual
1191 566 1319 592 messa
1347 551 1513 591 essendo
1538 567 1653 591 com-

187 602 299 655 „itaf
325 603 370 644 fo
397 605 585 645 scandito
620 604 657 645 el
683 605 909 659 patriarcba
941 608 1156 662 Gregorio,
1184 606 1238 646 ali
1265 607 1349 646 XII
1388 606 1439 645 de
1478 608 1676 647 Decem-›

257 659 305 700 ie
325 666 364 700 et
393 673 504 701 anno
536 658 662 715 6961.
690 661 806 701 Molti
832 661 983 701 forono
1011 662 1038 702 li
1067 661 1178 717 quali
1207 676 1288 702 non
1314 661 1479 701 volseno
1506 663 1653 717 toglie-

200 727 247 758 te
275 714 341 754 del
369 715 557 756 antidaro
574 745 586 765 ‚
615 715 920 757 abhominando
948 717 1086 771 quello
1119 732 1192 770 per
1217 732 1323 757 esser
1350 723 1412 757 sta
1443 716 1652 757 celebrato

188 768 242 819 jo
267 768 312 818 ¹la
337 784 477 819 mensa
503 771 610 810 della
637 771 805 811 unione.
882 771 934 811 El
960 772 1190 820 cardinale,
1218 772 1294 812 che
1320 786 1391 811 era
1420 771 1550 812 Greco
1579 787 1655 826 per

198 829 372 873 notun-a,
406 840 474 866 ma
512 826 718 867 catholico
757 834 799 866 et
829 826 957 867 molto
1002 829 1114 867 savio
1133 857 1145 879 ‚
1188 827 1344 867 benche
1373 827 1584 867 intendeva
1615 827 1655 867 le

197 879 457 930 simulatione
481 887 522 922 et
549 881 683 922 saisita
713 881 764 922 de
780 882 914 932 Greci,
942 890 1150 922 mostrava
1181 897 1264 922 non
1298 883 1518 923 intendere.
1545 883 1655 922 Bene

198 933 418 976 intendem
458 937 540 984 lui,
576 936 652 977 che
692 951 764 976 era
795 937 846 976 de
879 945 997 991 gente
1023 942 1155 978 Greca
1173 967 1185 987 ,
1220 937 1294 977 che
1323 938 1360 976 la
1387 937 1523 977 radice
1552 937 1657 977 della
1669 940 1738 975 256

199 990 417 1044 superbia,
457 990 485 1030 li
517 991 623 1031 rami
650 992 758 1032 della
794 1006 895 1031 vana
923 993 1075 1046 gloria,
1112 999 1153 1032 et
1177 993 1220 1031 lu
1241 994 1342 1032 fiore
1369 993 1477 1032 della
1505 1007 1659 1046 pompa

201 1059 329 1086 erano
375 1046 548 1086 naseiuti
594 1046 702 1087 della
730 1047 990 1101 generatione
1023 1049 1062 1087 di
1095 1048 1242 1098 Greci,
1294 1048 1320 1086 li
1351 1047 1461 1101 quali
1490 1055 1594 1087 tutte
1622 1047 1660 1087 le

199 1107 317 1146 zente
349 1100 662 1155 despoemvano.
731 1104 801 1142 Ma
844 1117 928 1142 non
971 1117 1176 1156 sapevano
1213 1101 1241 1141 li
1285 1102 1423 1141 miseri
1457 1103 1660 1156 ignoranti

126 1164 129 1167 ’
198 1155 302 1196 ch’el
329 1170 456 1196 zorno
495 1171 564 1196 era
590 1170 787 1211 appresso
821 1157 896 1196 che
933 1154 1114 1197 deveano
1156 1157 1286 1197 andar
1325 1158 1367 1196 in
1396 1158 1590 1210 captivitit
1617 1164 1661 1198 et

202 1211 414 1266 despregio
446 1211 497 1252 de
523 1218 627 1252 tutte
655 1213 693 1253 le
720 1212 985 1266 generatione
1018 1212 1083 1252 del
1115 1212 1283 1251 mundo.
1309 1213 1496 1252 oGrecil
1527 1227 1552 1252 o
1584 1227 1658 1252 no-

202 1269 294 1307 me!
321 1280 347 1306 o
386 1266 521 1321 lingua
551 1266 762 1321 preclara!
798 1275 952 1322 quanto
981 1269 1036 1307 sei
1079 1268 1183 1307 facta
1214 1268 1404 1317 obscura,
1429 1267 1660 1308 adulterata

203 1321 257 1361 da
283 1323 381 1377 ogni
409 1328 525 1362 zente
554 1337 630 1376 per
656 1322 685 1362 li
715 1324 842 1363 vostri
872 1322 1146 1362 irremissibili
1175 1324 1350 1376 peccati,
1384 1337 1454 1375 per
1482 1322 1522 1362 le
1553 1323 1661 1363 blas-

199 1376 344 1427 femie,
374 1391 452 1431 per
480 1378 507 1417 li
537 1377 723 1431 periurii.
783 1378 948 1429 Quante
977 1377 1088 1418 volte
1118 1378 1269 1417 liavete
1295 1378 1428 1417 iurato
1460 1378 1657 1418 observa..

198 1445 246 1472 re
274 1431 312 1472 el
339 1431 504 1472 decreto
537 1432 642 1473 della
671 1434 824 1473 unione
844 1433 950 1473 della
967 1433 1116 1473 chiesia
1148 1433 1365 1472 Orientale
1393 1447 1472 1472 con
1503 1433 1541 1471 la
1570 1434 1657 1473 Oc-

199 1485 514 1527 cidentalerinsu
544 1488 581 1528 la
612 1496 765 1528 sacrata
793 1502 913 1528 cruce
942 1488 991 1528 de
1013 1489 1177 1528 Christo
1208 1503 1285 1528 con
1319 1494 1440 1528 tanto
1475 1489 1654 1528 misterio

199 1542 429 1594 celebrato,
473 1542 629 1583 hasiata
654 1558 732 1584 con
774 1541 812 1582 la
842 1544 1004 1596 buocha
1033 1551 1184 1587 vostra.
1243 1544 1357 1583 Colla
1390 1543 1549 1583 boccha
1579 1558 1657 1583 vo-

179 1604 288 1642 ,stra'
315 1597 464 1638 havete
495 1612 574 1638 con
605 1598 983 1639 excomunicatione
1012 1599 1290 1639 inrevocabile
1317 1598 1583 1638 inmaledicto
1615 1606 1659 1638 et

193 1657 391 1694 *exacrato
428 1655 522 1693 tutti
566 1655 688 1708 quelli
731 1654 806 1694 che
847 1654 1080 1695 contradira
1110 1670 1134 1694 0
1164 1654 1396 1694 contrafara
1425 1655 1463 1693 al
1491 1653 1658 1694 decreto

202 1707 310 1749 della
348 1709 502 1750 unione
545 1708 649 1749 delle
687 1710 754 1749 doi
785 1709 934 1750 chiesie
973 1710 1204 1750 catholiche
1244 1712 1378 1750 Greca
1408 1717 1449 1748 et
1481 1710 1654 1758 Latina,

201 1761 404 1804 affirmato
432 1763 483 1804 da
511 1764 651 1805 tutto’l
698 1764 1042 1805 Christianissimo
1070 1766 1136 1804 nel
1164 1778 1282 1805 sacro
1340 1764 1516 1803 concilio
1547 1764 1658 1818 Lug-

201 1818 412 1870 dunense,
442 1819 508 1858 nel
535 1825 674 1872 tempo
702 1819 768 1859 del
794 1822 933 1874 primo
966 1820 1187 1874 Paleologo
1219 1819 1451 1872 imperador
1479 1819 1520 1858 di
1550 1820 1657 1858 Gre-

202 1874 266 1924 ci,
295 1874 367 1927 poi
395 1875 462 1914 nel
487 1874 665 1914 concilio
685 1875 931 1915 Fiorentino
950 1904 962 1926 ,
992 1875 1059 1914 nel
1085 1881 1223 1927 tempo
1253 1875 1303 1914 de
1332 1874 1476 1913 Ioanni
1508 1874 1655 1915 ultimo

201 1928 460 1983 impet-adore
500 1928 541 1968 di
580 1930 723 1969 Romei
765 1930 939 1983 (perche
979 1929 1245 1969 Constantino
1287 1930 1511 1983 Paleologo
1549 1943 1657 1982 pro-

201 1983 439 2038 imperador
476 1991 665 2038 presente
697 1998 779 2024 non
823 1985 863 2024 fo
889 1989 1131 2034 coronato),
1162 1986 1441 2024 ultimamente
1467 1987 1657 2038 inquesto

199 2053 321 2080 sacro
351 2039 579 2079 ministerio
609 2039 893 2080 concelebrato
915 2040 980 2080 dal
999 2039 1235 2093 patriarcha
1252 2046 1393 2079 vostro
1423 2053 1446 2078 e
1465 2039 1534 2078 dal
1561 2053 1657 2078 car-

201 2093 337 2136 dinale
376 2094 429 2135 de
468 2094 638 2146 Roscia,
676 2096 809 2149 legato
855 2095 1107 2149 apostolico,
1140 2095 1206 2134 nel
1231 2108 1356 2134 nome
1382 2093 1489 2133 della
1518 2101 1658 2134 sancta

198 2149 359 2190 trinita.
416 2150 604 2190 OGreci
632 2152 797 2190 ostinati
824 2164 846 2190 e
875 2151 1073 2203 speriuri,
1109 2151 1169 2190 rei
1200 2149 1252 2190 de
1282 2150 1385 2189 tanti
1413 2151 1657 2189 sacramenti

200 2203 373 2254 violati,
406 2203 499 2245 delli
531 2206 641 2260 quali
670 2220 755 2246 non
784 2219 834 2245 ve
865 2205 964 2245 siete
984 2207 1064 2244 mai
1092 2206 1266 2259 pentiti!
1298 2211 1410 2244 tante
1436 2205 1552 2244 volte
1582 2205 1658 2244 ha-

201 2267 292 2301 vete
319 2274 396 2314 per
434 2261 587 2300 malitia
623 2267 665 2300 et
692 2260 885 2315 superbia
932 2259 1057 2301 offesa
1082 2261 1121 2299 la
1152 2260 1316 2299 maiesta
1344 2259 1500 2300 divina.
1559 2259 1657 2299 Non

199 2316 338 2355 volete
375 2315 620 2356 humiliarve
662 2331 685 2355 a
714 2316 807 2366 dio,
856 2315 931 2355 che
958 2315 1001 2355 vi
1028 2322 1199 2355 remetto
1240 2315 1275 2354 el
1316 2322 1486 2367 peccato
1515 2322 1657 2355 vostro

202 2369 309 2411 della
336 2371 545 2411 blasfemia
574 2377 614 2410 et
643 2371 709 2411 del
729 2372 913 2425 periuro.
942 2385 1029 2410 non
1058 2370 1201 2411 vedete
1230 2369 1334 2409 oh'el
1363 2377 1534 2425 peceato
1563 2385 1659 2410 sen·

201 2439 251 2466 za
275 2425 528 2466 confessione
557 2433 598 2466 et
624 2441 742 2467 senza
774 2427 999 2480 penitentia
1028 2426 1050 2465 ὲ
1078 2425 1355 2465 irrimissibili.
1419 2426 1658 2465 Meritevol-

201 2487 339 2523 mente
389 2480 581 2535 adunque
621 2483 718 2532 voi,
762 2496 881 2522 come
919 2482 946 2520 li
990 2480 1122 2520 Zudei
1167 2481 1219 2521 de
1253 2480 1532 2528 Hierusalem,
1565 2481 1660 2520 fora

201 2535 310 2576 della
336 2537 468 2589 patria
498 2544 636 2577 vostra
665 2537 861 2577 andarete
887 2551 962 2590 per
995 2536 1032 2575 el
1059 2535 1214 2576 mundo
1242 2537 1397 2589 sparsi,
1424 2537 1525 2575 colla
1558 2549 1659 2588 pena

201 2590 427 2645 pianzendo
453 2592 491 2632 el
521 2598 691 2645 peccato
722 2598 874 2634 vostro.
930 2591 1023 2630 Non
1051 2591 1198 2631 havete
1224 2592 1371 2631 voluto
1393 2592 1660 2630 comunicare

201 2645 239 2685 el
263 2659 395 2699 corpo
423 2646 472 2686 e'l
512 2661 665 2701 sangue
693 2647 937 2686 inmaculato
967 2645 1017 2685 de
1048 2646 1212 2686 Christo
1240 2660 1316 2699 per
1343 2647 1378 2686 le
1406 2660 1526 2685 mane
1561 2645 1738 2700 delli257

231 2701 307 2742 reti
352 2701 472 2741 Greci
503 2702 684 2741 secundo
731 2702 899 2742 l'ordine
942 2701 1048 2740 della
1081 2701 1229 2741 chiesia
1253 2707 1389 2741 vostra
1420 2701 1652 2749 Orientale,

218 2769 241 2796 a
271 2755 368 2812 qual
398 2757 467 2798 voi
495 2756 694 2799 chiamate
722 2771 792 2798 ara
821 2771 843 2798 e
871 2757 1021 2812 templo
1049 2755 1091 2798 di
1120 2755 1255 2799 zentili
1285 2770 1360 2812 per
1380 2770 1531 2798 esserse
1563 2757 1657 2796 uni-
