1916 3210
421 158 631 204 iumen
680 142 1016 202 mmmmmss
1070 156 1321 200 menam.
1483 137 1557 194 36
1569 157 1588 193 1

147 262 298 305 somno
327 260 498 318 dispersi
525 268 566 304 et
590 261 806 303 maledecti
834 262 886 302 da
913 262 956 302 lu
985 268 1125 302 eterno
1156 259 1250 310 dio,
1286 271 1382 299 cose
1407 256 1437 297 li
1465 259 1599 299 Grae-

149 315 292 373 ci³¹per
331 317 372 359 la
412 324 521 359 rotta
560 317 650 358 fede
697 325 738 358 et
770 317 901 358 nidati
937 316 1183 358 sacramenti
1213 329 1332 356 senza
1359 313 1600 354 remissione

146 374 300 426 111ῐόῼο
321 372 627 414 ‹anatematizati
655 380 695 412 et
723 373 955 414 maledecti.
1011 373 1150 413 Zuane
1177 371 1372 424 adunque
1393 369 1598 410 Cathacu-

147 429 270 479 §inoff
310 429 483 470 raccolti
516 428 547 469 li
586 429 794 469 foraussiti
836 429 941 469 della
970 427 1078 480 οἰῶ,
1120 434 1164 468 et
1189 425 1454 468 conciliatose
1491 431 1600 466 tutte
1612 437 1659 472 26

147 484 384 539 leporenze
412 485 464 526 de
491 484 534 524 la
553 484 705 524 Tracia
722 514 734 535 ‚
783 485 891 525 ando
922 485 973 524 ad
1001 484 1168 525 Stefano
1200 482 1324 523 Cralli
1346 482 1398 521 de
1426 481 1600 532 Servia3

149 536 218 585 (1111
255 541 402 595 quale,
448 539 579 580 inteso
619 540 656 580 el
693 540 921 581 disonhore
958 547 997 580 et
1022 542 1059 580 le
1088 538 1244 595 grande
1273 536 1395 578 offese
1415 543 1604 578 rezevute

147 602 276 643 senza»
290 594 439 636 alcuna
467 611 542 636 soa
571 610 749 646 casone,
782 597 826 637 fo
858 597 1091 636 lietamente
1121 600 1331 636 rezevuto.
1361 592 1528 634 stefano
1561 592 1604 632 in

206 649 245 692 el
270 657 410 705 tempo
427 665 471 691 'se
492 666 562 691 era
582 652 714 692 molto
736 653 914 692 exaltato
944 666 1019 705 per
1037 651 1075 691 le
1094 665 1238 706 guerre
1267 649 1390 689 civile
1417 649 1469 688 de
1497 650 1607 700 Gre-

150 705 399 760 c1,.perche
439 707 713 747 umiliandosc
756 709 794 747 la
826 708 1021 761 superbia
1056 707 1106 747 de
1136 703 1415 760 l’imperadori
1441 704 1493 744 de
1520 705 1609 744 Ro-

149 760 246 810 mei‚
282 761 322 801 la
348 761 538 803 humilii&
578 763 643 802 del
671 764 837 818 dispoto
882 764 933 803 de
971 763 1114 803 Servia
1157 777 1200 802 se
1237 775 1367 801 venne
1395 760 1527 800 molto
1556 760 1611 800 ad

148 814 351 870 exaltare,
382 833 458 872 per
487 819 614 858 modo
646 819 721 859 che
754 820 862 859 dove
888 818 1023 872 prima
1053 833 1095 859 se
1121 818 1332 858 chiamava
1364 816 1530 870 dispoto
1560 815 1612 856 de

148 871 321 925 Serviat,
366 888 409 914 se
449 874 637 914 cominzb
674 875 725 914 ad
767 875 980 914 intitulare
1020 874 1176 923 Cralli,
1213 874 1251 913 el
1281 871 1376 927 qual
1416 885 1540 911 nome
1567 871 1611 911 in

150 927 298 982 lengun
325 928 490 970 Persica
520 930 700 983 significa
731 932 1000 984 imperatore,
1034 938 1074 970 et
1102 929 1357 969 chiamavase
1378 927 1615 981 imperador

149 983 258 1023 della
289 985 434 1026 Servia
476 993 518 1025 et
548 985 655 1025 della
699 986 915 1026 Romania.
940 1029 946 1037 ⁸
984 986 1022 1025 O
1054 1000 1160 1025 vane
1193 1000 1215 1025 e
1244 983 1383 1024 cieche
1412 985 1540 1022 menti
1571 982 1615 1022 di

150 1039 342 1080 mortali!
400 1041 655 1082 Altramente
679 1055 751 1081 era
781 1042 1002 1084 ordinanto
1037 1041 1079 1080 in
1108 1041 1213 1081 cielo
1242 1041 1294 1079 da
1324 1039 1362 1079 le
1380 1039 1501 1079 fatale
1530 1038 1615 1078 dis-

150 1094 372 1147 positione.
435 1097 528 1137 Non
570 1097 758 1137 intendea
785 1098 951 1137 Stefano
985 1096 1060 1136 che
1085 1102 1233 1152 questo
1267 1095 1390 1134 titulo
1421 1109 1506 1134 non
1536 1094 1616 1134 do-

149 1163 225 1189 vea
253 1150 502 1192 descendere
529 1152 584 1192 ali
612 1152 672 1192 soi
700 1152 868 1201 hered1‚
901 1158 942 1192 et
963 1152 1038 1191 che
1068 1153 1222 1192 Lazaro
1250 1165 1326 1191 suo
1355 1151 1453 1190 fiolo
1484 1150 1619 1190 dovea

151 1219 259 1246 esser
296 1208 491 1254 vilmente
527 1223 649 1262 preso
684 1216 724 1248 et
767 1215 909 1247 morto
949 1215 990 1246 et
1013 1222 1133 1248 come
1169 1207 1334 1247 victima
1368 1206 1539 1246 imolato
1567 1205 1621 1246 da

151 1261 315 1302 ΤΗΙ-0111
345 1263 397 1302 ad
425 1264 565 1316 placat·
595 1263 760 1302 l'anima
790 1265 841 1302 de
870 1263 1037 1302 Morato
1059 1264 1153 1303 loro
1183 1262 1447 1316 imperador,
1475 1268 1516 1300 et
1535 1261 1619 1300 He-

91 1340 99 1347 ·
150 1314 242 1356 lena
263 1317 416 1371 figliola
443 1317 494 1358 de
513 1320 668 1359 Lazaro
699 1333 778 1358 con
806 1319 836 1358 li
867 1319 960 1358 altri
987 1318 1050 1357 soi
1079 1317 1167 1357 fioli
1194 1326 1234 1358 et
1265 1331 1343 1356 con
1375 1315 1515 1357 tutto'l
1545 1330 1620 1356 suo

150 1372 326 1424 imperio
359 1374 642 1414 miseramente
671 1375 860 1414 doveano
897 1387 1039 1413 cazere
1074 1373 1213 1414 sotto'l
1242 1372 1427 1412 dominio
1461 1379 1500 1411 et
1531 1386 1621 1412 ser.

149 1426 239 1467 vith
267 1428 319 1470 de
349 1429 528 1470 Paiasite
553 1430 752 1483 principo
780 1429 831 1470 de
851 1428 1032 1480 Turchi,
1061 1444 1180 1469 come
1207 1428 1247 1468 la
1273 1428 1450 1482 historia
1479 1434 1622 1469 nostra

153 1483 291 1526 avanti
320 1483 375 1524 ha
406 1481 678 1525 demostratoss
713 1485 917 1526 Ottenuto
947 1485 1140 1539 adunque
1171 1484 1449 1524 Cathacusino
1481 1482 1516 1522 el
1547 1483 1634 1523 do-¹

153 1539 346 1594 mandato
370 1539 484 1580 aiuto
515 1540 567 1579 da
601 1540 772 1580 stefano
803 1541 853 1580 de
884 1541 1051 1592 servia,
1079 1548 1119 1579 et
1147 1540 1293 1580 saetosi
1322 1539 1545 1594 comp'agni
1573 1539 1625 1580 de

153 1607 298 1648 guerra
327 1601 480 1636 contra
504 1595 544 1634 la
578 1597 681 1647 nith,
730 1603 770 1635 et
800 1595 1174 1649 apparechiandosi
1205 1595 1286 1635 alla
1316 1595 1514 1635 illaudata
1542 1594 1624 1634 im..

153 1662 292 1703 presa,
323 1650 363 1690 la
398 1653 665 1705 imperatrice
694 1652 762 1691 col
787 1666 864 1691 suo
896 1651 1103 1705 conseglio
1128 1659 1168 1692 et
1195 1658 1304 1691 tutta
1329 1652 1368 1690 la
1400 1651 1481 1691 citii
1509 1650 1625 1705 pieni

152 1704 207 1745 de
234 1705 452 1746 formidine
469 1707 595 1746 molto
613 1721 906 1746 comenzarono
927 1721 949 1746 a
980 1707 1187 1757 dubitare,
1217 1707 1314 1761 ogni
1342 1707 1493 1761 giorno
1525 1720 1623 1747 con-

151 1759 356 1813 sigliando
384 1769 424 1801 et
453 1762 664 1816 pensando
683 1763 722 1802 la
744 1762 854 1802 mala
882 1763 1051 1802 fortuna
1082 1763 1134 1803 de
1155 1763 1292 1812 Greci,
1325 1763 1400 1802 che
1429 1763 1459 1802 li
1490 1776 1623 1802 mem..

153 1815 221 1856 bri
252 1817 413 1870 preuda
442 1817 480 1857 le
507 1832 619 1857 arme
652 1826 796 1857 contra
823 1818 859 1857 el
889 1832 962 1858 suo
985 1833 1091 1873 capo
1111 1850 1123 1869 ,
1158 1826 1197 1858 et
1225 1819 1301 1858 che
1332 1819 1412 1858 fine
1445 1818 1622 1858 dovesse

154 1870 284 1911 haver
322 1880 436 1911 tanta
486 1873 754 1916 adversitade·
801 1876 847 1913 In
877 1881 1024 1927 questo
1057 1881 1197 1927 tempo
1231 1888 1272 1913 se
1299 1873 1392 1913 levo
1423 1874 1590 1913 Homur
1612 1891 1675 1927 ‚27

157 1940 242 1966 uno
271 1927 314 1967 di
342 1927 486 1982 figlioli
511 1928 561 1967 de
581 1928 722 1979 Athis,
750 1929 901 1982 Signor
933 1929 984 1968 de
1003 1929 1182 1976 Smirne‚
1214 1944 1292 1982 per
1325 1928 1366 1968 la
1394 1929 1462 1968 cui
1492 1937 1622 1970 morte

155 1981 284 2022 havea
311 1997 499 2023 successo
519 1984 558 2022 la
586 1983 768 2038 signoria
798 1988 981 2037 paterna.
1009 1984 1091 2023 Era
1119 1985 1244 2024 homo
1278 1991 1361 2023 atto
1393 1984 1471 2024 alle
1500 1999 1622 2038 guer-

155 2051 217 2088 re,
246 2046 443 2087 strenuo,
476 2046 612 2079 astuto
647 2047 686 2079 et
717 2039 883 2079 audace.
941 2047 1087 2093 questo
1118 2054 1193 2093 per
1221 2039 1258 2078 el
1287 2039 1378 2079 sino
1409 2039 1516 2079 della
1545 2054 1620 2080 ne-

155 2107 318 2134 morosa
363 2094 483 2134 lonia
532 2095 662 2134 havea
701 2095 809 2134 facto
850 2102 1088 2134 construere
1126 2096 1249 2134 molte
1275 2110 1381 2134 nave
1411 2095 1620 2147 onerarie,

154 2148 263 2203 galle
291 2157 331 2190 et
347 2151 454 2190 fuste
478 2150 640 2204 loughe.
696 2152 749 2190 Et
776 2156 941 2190 carcate
980 2151 1018 2190 le
1048 2165 1153 2190 nave
1180 2151 1231 2191 de
1261 2150 1419 2201 cavalli,
1453 2151 1504 2191 de
1523 2167 1618 2191 mu..

155 2204 317 2249 uitione
341 2212 385 2246 et
412 2221 539 2258 arme,
573 2214 613 2246 et
641 2206 678 2246 le
705 2206 809 2260 galle
836 2214 875 2245 et
897 2206 1001 2245 fuste
1030 2213 1184 2245 armate
1215 2206 1266 2246 de
1286 2206 1475 2247 valorose
1501 2213 1618 2248 zente

156 2259 406 2314 pirratiche,
437 2262 634 2301 comenzb
670 2278 692 2301 a
721 2276 909 2302 scorrcrc
938 2261 973 2300 el
1013 2277 1124 2300 mare
1158 2261 1289 2302 Ionio.
1345 2262 1401 2302 Et
1426 2277 1548 2316 preso
1579 2261 1619 2304 la

155 2315 236 2356 cite
265 2316 316 2357 de
346 2317 571 2357 Muthilino
610 2326 649 2357 et
678 2326 785 2358 tutta
824 2317 987 2356 l'insola
1016 2317 1067 2357 de
1095 2317 1257 2367 Lesbo,
1289 2317 1434 2372 Chyo,
1465 2319 1617 2371 Samo,

155 2373 268 2412 Naxo
295 2379 335 2412 et
363 2379 467 2412 tutte
490 2373 528 2413 le
559 2373 688 2413 insule
721 2372 1028 2422 circumvicine,
1062 2380 1102 2412 et
1134 2373 1316 2414 vexando
1346 2374 1507 2414 Homur
1538 2389 1616 2416 con

155 2427 195 2466 la
226 2442 300 2467 sua
327 2436 482 2468 armata
510 2428 548 2469 le
580 2429 712 2469 insule
743 2429 908 2468 Ciclade
939 2436 979 2468 et
1007 2428 1105 2468 tutti
1134 2428 1147 2467 i
1179 2429 1242 2468 liti
1281 2429 1333 2470 de
1364 2429 1502 2481 Ionia,
1555 2430 1619 2470 in-

155 2490 239 2524 tese
266 2483 306 2530 le
337 2483 543 2524 discordie
560 2485 601 2524 di
634 2485 783 2536 GreCI‚
811 2492 851 2524 ct
880 2498 998 2523 come
1021 2485 1160 2523 Zuane
1189 2485 1462 2525 Cathacusino
1489 2486 1618 2527 homo

158 2552 362 2593 generoso
397 2547 436 2579 et
463 2541 753 2593 magnanimo,
796 2541 964 2580 desceso
1001 2539 1080 2579 deli
1109 2540 1302 2589 semidei,
1334 2541 1465 2580 have-a
1496 2556 1618 2594 preso

150 2592 195 2633 le
222 2609 334 2634 arme
356 2602 504 2636 contra
529 2595 568 2635 la
597 2612 669 2636 sua
701 2597 846 2650 patria.
903 2595 1030 2634 Alora
1052 2597 1184 2635 Omur
1212 2605 1489 2651 sagacemente
1516 2612 1619 2650 pen-

153 2649 286 2689 sando
319 2657 465 2704 questo
493 2666 602 2691 esser
634 2653 669 2692 el
700 2661 840 2704 tempo
876 2658 1079 2704 oportuno
1109 2652 1160 2691 de
1190 2653 1360 2691 mundar
1389 2653 1441 2692 ad
1470 2654 1616 2693 effecto

159 2703 196 2743 el
223 2719 297 2744 suo
336 2706 459 2760 longo
487 2708 676 2760 pensiero
697 2737 707 2752 ,
748 2707 912 2746 subbito
947 2721 1021 2745 con
1053 2707 1273 2761 cinquanta
1305 2707 1394 2747 vele
1422 2709 1544 2747 cntrb
1576 2709 1615 2748 in

160 2757 203 2798 lu
230 2759 495 2815 Hellesponto
524 2770 564 2802 ct
596 2777 726 2804 venne
772 2764 821 2802 ad
851 2761 1062 2815 Galipoli3
1114 2763 1220 2803 onde
1252 2763 1511 2804 desmoututo
1540 2779 1616 2818 per
