1916 3210
315 143 427 206 382
637 196 642 204 ..
805 165 987 208 nucu:
1021 163 1279 208 ms'ronm

313 269 459 310 bruno.
513 265 570 308 Et
595 280 711 307 come
737 280 793 307 un
821 266 911 306 foco
939 264 1166 320 lampoeava
1195 267 1240 307 fn
1268 280 1382 307 mezo
1410 266 1447 309 el
1476 266 1598 321 cieloq
1627 267 1755 312 inflnu

315 324 391 363 che
419 337 462 363 se
498 324 720 362 terminava
757 327 866 361 sotto
890 320 1111 361 l’orizonte.
1181 322 1335 373 Questo
1363 336 1485 376 segno
1515 322 1756 366 hanoviae?

313 376 526 428 l’Indiani,
557 377 717 428 Cafflei,
748 375 924 429 Egiptii,
951 375 1108 430 Frigii‚
1142 376 1279 425 Persi,
1311 384 1352 416 et
1379 377 1502 431 quelli
1531 378 1607 418 che
1631 376 1753 421 habi—³

314 440 412 472 tano
443 432 482 472 la
511 433 608 472 Asia
637 433 816 481 minore,
848 431 1001 479 Trnci,
1032 430 1174 479 Unni‚
1204 433 1396 483 Dalmati,
1427 432 1530 483 Itali,
1561 433 1750 488 Hispani,

224 523 227 525 Α
315 489 546 536 Germani,
587 493 626 526 et
668 500 710 525 se
748 484 893 524 alcune
935 487 1193 539 generatione
1220 486 1414 527 h'abitano
1444 486 1547 527 oltra
1575 487 1615 528 18
1644 490 1753 530 onde

255 542 378 586 64de1
411 541 565 597 grande
603 554 790 582 occean0.
863 540 982 579 θαι-ὸ
1024 548 1164 593 questo
1203 542 1366 581 orribile
1394 545 1551 582 mostro
1576 556 1647 596 per
1673 544 1752 585 flue

311 596 606 651 al'equinoctio.
663 595 806 646 Questi
837 609 936 635 sono
963 594 993 634 li
1021 595 1202 635 miraculi
1239 597 1290 636 de
1320 596 1430 636 l’alto
1458 597 1553 649 dio,
1581 598 1656 638 che
1682 612 1752 639 su-

309 667 441 693 merse
470 652 657 691 Faraone
683 663 759 688 con
790 650 828 689 18
865 650 976 691 sorze
1004 649 1099 689 d’un
1121 650 1223 690 altro
1253 651 1451 703 Fal-eone,
1482 660 1521 691 et
1551 652 1615 692 col
1640 666 1752 694 mezo

307 708 376 749 del
403 709 577 747 Tartaro
615 706 668 745 ha
695 704 895 745 indutiato
923 704 962 745 le
987 707 1264 759 persecutione
1299 706 1342 746 di
1372 707 1524 747 Turchi
1551 715 1693 754 contra
1721 708 1750 748 li

308 763 446 817 poveri
470 762 606 803 Greci.
1663 770 1666 775 ·

419 815 612 857 Abiando
640 816 767 854 inteso
808 812 846 853 el
874 814 1051 854 Tartaro
1078 813 1107 854 li
1130 815 1363 854 movimenti
1392 814 1444 855 de
1472 813 1681 866 mmuh,
1702 815 1755 856 13·

309 887 400 912 sera
430 872 516 911 fece
558 870 622 910 far
660 871 774 909 eride
800 883 876 924 per
911 869 1045 909 tutto'l
1074 883 1216 923 campo
1242 869 1319 909 che
1347 869 1386 909 la
1412 873 1564 911 matina
1589 873 1684 911 tutti
1709 885 1753 912 se

307 935 539 967 trovassero
586 940 609 965 3
636 924 792 965 cavallo
839 925 880 963 in
909 938 1020 964 arme
1047 938 1120 978 per
1154 924 1417 965 comhattere.
1473 926 1529 965 Et
1554 925 1613 966 lui
1635 925 1754 968 -leva-

306 983 384 1022 tosi
411 981 555 1021 al’alha
582 980 739 1020 ordeni)
767 979 862 1019 tutti
889 977 917 1018 li
947 980 1116 1032 principi
1145 979 1249 1019 delle
1281 979 1464 1030 schiere,
1493 980 1523 1019 li
1549 982 1755 1021 centurio-a

306 1040 350 1076 ni
376 1044 416 1077 et
443 1037 473 1076 li
516 1035 746 1075 chiliarchi.
802 1033 877 1073 Nel
905 1048 1032 1073 corno
1065 1035 1204 1074 dextro
1230 1034 1314 1074 fece
1339 1035 1524 1088 capitano
1553 1034 1592 1074 el
1619 1036 1758 1088 primu

308 1093 350 1131 di
377 1093 436 1131 soi
484 1090 646 1146 figlioli‚
676 1091 716 1130 in
763 1089 804 1129 lo
833 1089 999 1129 sinistro
1025 1103 1099 1129 suo
1130 1095 1274 1144 nepote
1291 1119 1303 1141 ‚
1335 1089 1482 1143 perche
1509 1090 1652 1130 Demir
1685 1103 1779 1139 em,

299 1146 358 1186 ·de
390 1146 510 1186 etade
538 1146 588 1185 de
616 1146 712 1184 anni
741 1145 834 1184 LX.
904 1144 962 1184 Et
991 1143 1178 1183 ordinato
1208 1144 1243 1184 el
1269 1159 1342 1184 suo
1369 1157 1539 1198 campo,
1568 1144 1652 1185 cosi
1682 1159 1756 1185 oo-

307 1201 484 1251 mandi),
516 1200 714 1240 dicendo:
757 1199 795 1238 Ο
829 1200 1064 1252 compagni,
1104 1198 1179 1239 che
1219 1213 1291 1252 per
1320 1206 1431 1239 tante
1457 1200 1661 1252 provintie
1687 1213 1755 1240 me

306 1256 451 1296 havete
487 1257 686 1309 sequitato
728 1268 800 1308 per
846 1262 1038 1294 trovawe
1064 1268 1089 1292 a
1118 1261 1257 1307 questa
1284 1254 1522 1308 desyderata
1548 1253 1757 1308 batagliai·

307 1325 334 1350 0
359 1312 538 1350 exercito
577 1310 761 1350 invicto!
802 1322 828 1348 0
855 1316 1000 1348 natura
1027 1308 1311 1348 adamantina!
1340 1323 1365 1347 ο
1392 1323 1510 1348 muro
1538 1308 1691 1349 fermo!
1725 1323 1752 1349 o

306 1365 569 1420 generatione
592 1363 894 1418 incaptivabile!
953 1363 1109 1402 Havete
1137 1364 1263 1403 inteso
1291 1363 1320 1402 li
1350 1364 1444 1402 sacti
1473 1363 1575 1403 clari
1601 1363 1644 1403 di
1673 1377 1755 1404 no-

308 1420 385 1460 stri
412 1420 583 1470 mazori,
612 1433 693 1458 non
721 1420 765 1457 in
794 1419 906 1468 an,
935 1417 1083 1471 perche
1110 1418 1243 1470 quella
1271 1418 1299 1457 e
1324 1425 1465 1458 nostra
1494 1418 1656 1471 patria,
1685 1432 1754 1459 ma

310 1475 354 1514 in
382 1476 563 1528 Europa,
594 1476 637 1513 in
667 1474 810 1528 Lybia,
841 1480 882 1512 et
913 1486 985 1525 per
1014 1472 1080 1511 dir
1109 1472 1391 1522 hrevemente‚
1420 1473 1463 1511 in
1487 1479 1577 1512 tuta
1604 1472 1644 1512 13
1669 1480 1755 1513 ter-

308 1543 371 1570 ra.
430 1531 585 1569 Havete
622 1530 752 1568 inteso
788 1527 817 1567 li
844 1526 1128 1582 preclarissimi
1168 1528 1268 1580 gesti
1297 1527 1347 1567 de
1373 1528 1504 1567 Xerse
1531 1534 1574 1567 et
1601 1527 1754 1567 Arthe-

309 1598 422 1625 xerse
471 1592 614 1624 contra
639 1584 669 1622 li
698 1583 845 1630 Greci,
892 1582 967 1621 che
995 1580 1138 1620 forono
1166 1582 1251 1620 eroi
1277 1589 1318 1621 et
1345 1581 1511 1621 semidei
1539 1583 1582 1621 in
1610 1590 1755 1636 questo

250 1647 296 1681 65
309 1639 474 1683 mondo.
529 1640 599 1678 Ma
626 1637 757 1691 questi
782 1636 935 1676 Turchi
966 1650 1078 1674 mezo
1108 1636 1270 1675 barbari
1297 1635 1365 1675 chi
1390 1636 1553 1677 credete
1578 1639 1645 1676 voi
1675 1637 1755 1677 che

308 1695 452 1734 siano?
507 1693 620 1733 Sono
647 1707 760 1732 come
786 1692 938 1731 locuste
972 1690 1034 1730 ala
1061 1690 1163 1730 facia
1194 1691 1237 1730 di
1265 1689 1384 1731 leoni.
1412 1699 1416 1702 '
1441 1691 1488 1730 10
1515 1705 1566 1732 ve
1592 1691 1753 1736 rieordo

255 1772 259 1776 <
308 1756 448 1803 queste
489 1761 577 1787 cose
622 1761 716 1787 non-
739 1760 812 1800 per
852 1745 1129 1797 confortarve,
1172 1745 1318 1798 perche
1358 1744 1398 1784 13
1425 1745 1549 1799 preda
1590 1747 1613 1785 e
1638 1748 1679 1786 in
1711 1745 1753 1787 le

310 1811 446 1844 nostre
483 1816 626 1852 mane,
669 1816 735 1841 ma
775 1801 920 1840 azoche
951 1807 1093 1853 questo
1122 1799 1431 1840 mormolichion
1457 1801 1620 1848 (Latine
1640 1814 1754 1841 mas·

308 1860 460 1905 chara)
488 1872 571 1898 non
601 1857 691 1897 fuza
720 1856 809 1895 dale
834 1863 972 1895 nostre
1000 1869 1142 1906 mane,
1171 1868 1237 1894 ma
1255 1855 1313 1894 sia
1336 1868 1434 1894 sano
1461 1862 1503 1895 et
1527 1855 1653 1906 salvo,
1681 1855 1754 1895 πὸ

307 1913 517 1967 portando
545 1911 681 1966 quello
706 1912 749 1950 in
769 1911 904 1950 Persia
937 1911 1030 1950 vivo
1059 1909 1094 1949 el
1115 1923 1298 1963 possamo
1325 1917 1520 1950 mostrare
1541 1909 1596 1950 ali
1625 1912 1757 1950 nostri-

308 1967 476 2022 signali,
506 1974 546 2007 et
569 1965 849 2021 amagistrarlo
898 1963 973 2004 che
1000 1966 1070 2018 piu
1101 1979 1185 2004 non
1216 1979 1267 2004 ne
1294 1979 1488 2005 sconzure
1515 1979 1589 2019 per
1616 1964 1654 2004 le
1678 1979 1754 2005 no-

308 2031 393 2064 stre
423 2022 632 2076 mogliere.
699 2023 851 2072 Questo
889 2019 978 2059 loco
1013 2019 1165 2074 grande
1205 2027 1245 2058 et
1291 2026 1482 2072 patente,
1524 2019 1588 2059 col
1614 2027 1757 2060 monte

309 2079 385 2117 che
411 2077 464 2116 ali
490 2078 582 2116 ochi
609 2077 737 2116 vostri
768 2089 810 2115 se
843 2074 1042 2114 demostra
1061 2104 1073 2122 ‚
1109 2073 1243 2128 voglio
1271 2074 1346 2113 che
1372 2075 1438 2114 dal
1467 2081 1609 2114 nostro
1638 2089 1752 2115 exer-

309 2136 390 2172 cito
418 2133 475 2171 sia
519 2131 768 2171 circundato.
811 2129 850 2169 el
878 2144 1003 2169 corno
1034 2129 1172 2168 dextro
1199 2129 1304 2169 vada
1328 2129 1377 2167 ad
1409 2129 1534 2169 modo
1561 2130 1611 2168 de
1638 2143 1752 2169 mezo

311 2188 457 2227 cercho
486 2187 657 2236 falcato,
687 2192 726 2226 et
765 2184 1004 2224 similmente
1048 2185 1086 2224 el
1113 2198 1238 2223 corno
1264 2185 1442 2223 sinistro.
1469 2191 1509 2223 et
1535 2183 1644 2223 l’uno
1670 2199 1754 2224 con¹

311 2242 441 2281 l’altro
477 2256 603 2280 corno
643 2255 683 2280 se
719 2240 893 2279 habiano
921 2254 945 2279 a
971 2253 1242 2289 conzunzere,
1271 2245 1310 2277 et
1343 2239 1487 2277 dentro
1513 2238 1579 2277 dal
1609 2246 1750 2278 centro

310 2296 339 2335 li
367 2298 490 2335 nostri
522 2297 672 2336 inimici
705 2309 818 2335 come
846 2295 932 2333 fere
959 2294 1139 2335 silvestre
1175 2307 1420 2344 remangano
1446 2300 1607 2334 serrate.
1632 2293 1752 2333 Paia-

310 2351 392 2390 sith
419 2350 562 2390 d'altro
608 2358 726 2390 canto
763 2350 802 2389 al
842 2349 956 2388 levar
985 2348 1050 2388 del
1074 2348 1157 2387 sole
1199 2348 1352 2387 ordeni)
1380 2347 1417 2386 le
1445 2361 1516 2386 sue
1543 2355 1681 2395 zente,
1711 2355 1752 2387 et

313 2406 509 2444 comandb
548 2405 623 2445 che
663 2406 692 2444 li
732 2405 1012 2455 instormenti,
1062 2403 1172 2456 segni
1201 2401 1456 2455 bataglieschi
1483 2402 1534 2441 de
1559 2402 1751 2453 Bellona,

310 2462 406 2500 tutti
446 2474 520 2499 con
568 2459 739 2500 orribile
767 2473 867 2499 voce
905 2472 1133 2499 sonasseno.
1192 2457 1380 2496 Aldendo
1409 2457 1598 2510 adunque
1625 2456 1654 2496 li
1683 2457 1751 2496 doi

312 2515 473 2554 exerciti
515 2514 589 2554 che
618 2516 816 2555 venivano
857 2516 966 2553 citati
995 2513 1058 2553 ala
1087 2511 1287 2565 bataglia‚
1317 2511 1423 2550 l’uno
1450 2518 1588 2550 contra
1617 2510 1749 2550 l'altro

315 2569 380 2609 nel
411 2570 608 2623 principio
636 2584 660 2608 a
689 2569 815 2623 piccol
845 2583 961 2622 passo
1002 2582 1044 2607 58
1072 2577 1275 2621 mosseno3
1304 2568 1368 2619 poi
1401 2580 1476 2605 con
1506 2567 1751 2605 ferocissimo

315 2626 463 2678 impetu
493 2637 534 2663 se
562 2632 768 2664 urtarono.
826 2625 873 2663 Li
901 2623 1062 2663 Tartari
1090 2637 1207 2662 senza
1237 2635 1335 2661 voce
1364 2629 1402 2660 et
1425 2635 1542 2660 senza
1571 2635 1746 2670 remore,

315 2693 428 2718 come
455 2679 652 2718 formiche
687 2680 879 2727 sollicite,
919 2693 960 2717 se
1001 2679 1292 2719 exercitavano.
1346 2677 1414 2715 Ma
1439 2676 1466 2715 li
1493 2675 1648 2715 Turchi
1674 2689 1751 2715 con

319 2748 418 2774 voce
445 2740 484 2774 et
510 2734 612 2774 cridi
638 2734 769 2774 tutto'l
797 2734 896 2774 ciclo
934 2732 1139 2787 impiendo
1169 2731 1235 2771 nel
1263 2732 1394 2785 primo
1419 2730 1609 2773 conflicto
1637 2730 1751 2772 valo-
