1890 3204
286 119 397 204 568
848 141 1126 187 Βυιιι-Αιυι

279 240 469 286 Sardium
495 240 759 296 'metropolita
788 242 910 284 habet
937 241 1187 288 Ἀτταλείας
1218 242 1463 296 Episcopum
1482 271 1496 295 ‚
1523 243 1648 284 alium
1671 243 1730 288 ab.

279 309 330 334 eo
347 325 358 340 ,
389 295 460 348 qui
490 295 622 350 Sylaei
651 312 723 337 seu
751 299 829 337 Per
857 311 903 336 ae
927 297 1213 350 metropolitae
1242 297 1394 337 subest.
1588 322 1591 326 ι
1686 309 1702 316 ’“

389 350 439 389 P.
459 351 524 403 73,
539 366 575 392 2.
604 311 854 405 Νύμφαιοιῗ
906 352 1074 391 Veteres
1102 352 1325 405 Geographi
1353 367 1434 392 non
1457 353 1723 403 meminerunt

279 403 363 444 loci
393 403 501 448 illius
516 420 644 458 prope
657 405 906 458 Magnesiam
924 406 973 444 ad
985 406 1184 460 Sipylum.
1197 407 1355 446 Plinius
1368 409 1408 446 in
1429 407 1548 447 Asiae
1569 407 1722 449 descri-

210 490 212 492 .
279 459 418 511 ptione
445 460 486 500 in
517 460 656 501 Cilicia
693 460 866 500 collocat
892 460 1175 514 Nymphaeum
1206 460 1280 501 lib.
1310 462 1335 501 5
1361 476 1453 515 cap.
1487 476 1552 516 27.
1627 462 1722 503 {deo

277 513 479 562 coniicere
528 528 736 568 possumus
757 544 769 563 ‚
805 515 1114 568 Nymphaeum,
1160 516 1210 555 de
1252 531 1334 570 quo
1359 517 1440 556 hoc
1471 515 1560 556 loco
1586 516 1724 559 nuens

277 570 522 608 mentionem
567 569 691 619 facit,
727 569 866 609 multis
903 570 1069 610 saeculis
1106 571 1241 611 Plinio
1284 577 1326 611 et
1356 572 1442 611 aliis
1475 572 1724 625 Geog'raphis

276 626 474 676 posterius
502 638 597 663 esse.
626 623 678 663 de
707 623 778 664 illo
812 624 970 664 duobus
999 624 1094 664 locis
1126 626 1326 679 Gregoras
1352 626 1575 678 meminit‚·
1607 626 1677 668 lib.
1694 627 1722 667 5

275 678 353 717 sub
397 678 543 729 finem,
583 678 788 732 traditque
831 678 1051 720 Iohannem
1084 680 1293 720 Vataciam
1321 681 1417 734 imp.
1446 678 1532 721 illic
1557 681 1719 735 obiisse·

275 733 346 771 lib.
372 732 520 774 deinde
546 732 574 773 6
601 732 860 787 appellatque
892 732 1127 788 Νύμφαιον
1155 735 1230 788 τῆς
1255 734 1440 783 Λυδίας..
1494 736 1720 790 Logoth'eta

273 802 434 840 quoque
462 789 502 826 in
528 787 730 828 Chronico
762 789 990 843 Cpolitano.

384 843 435 882 P.
466 842 535 892 ν’5,
557 856 633 887 ⁷¹0·
687 842 790 894 μίαν
821 843 976 896 πέτραν
1000 841 1149 894 ἐνθείς,
1181 843 1256 883 καί
1283 843 1385 894 μίαν
1409 840 1594 897 κεφαλὴν
1620 859 1719 886 συν·

275 869 485 950 αρμόσαςί
531 900 670 938 Genus
707 898 811 939 illud
850 905 1083 940 structurae
1118 898 1170 938 ad
1197 899 1500 938 similitudinem
1532 899 1718 939 reticula-

273 958 337 990 tae
362 951 466 990 sacta
495 960 610 1003 erat,
641 953 693 993 de
717 968 798 1007 qua
834 955 893 993 sic
922 955 1134 994 Vitruvius
1160 954 1228 993 lib.
1257 968 1280 993 2
1322 968 1413 1005 cap,
1433 954 1460 994 8
1487 953 1718 994 Structura-

271 1020 362 1048 rum
390 1020 539 1058 genera
563 1016 655 1047 sunt
677 1009 779 1048 haec
794 1038 806 1058 ,
835 1009 1083 1048 reticulatum
1098 1039 1107 1056 ‚
1138 1023 1218 1063 quo
1243 1023 1346 1048 nunc
1371 1022 1509 1049 omnes
1531 1017 1714 1058 utuntur,

270 1070 310 1099 et
333 1063 542 1115 antz'quum
567 1062 678 1117 quod
700 1064 890 1103 incertum
929 1063 1103 1103 dicitur:
1151 1077 1208 1103 ea:
1246 1064 1308 1102 his
1333 1062 1535 1102 venustius
1561 1072 1620 1103 est
1651 1078 1716 1103 re-

269 1117 484 1154 ticulatum
499 1146 511 1163 ‚
549 1117 623 1155 sed
658 1119 723 1157 ad
751 1119 877 1158 rimas
908 1118 1136 1168 faciendas
1169 1118 1259 1157 ideo
1291 1126 1512 1172 paratum,
1540 1118 1650 1172 quod
1671 1118 1716 1159 in

268 1184 403 1214 omnes
423 1179 569 1224 partes
593 1172 791 1212 dissoluta
818 1173 960 1213 habeat
983 1173 1129 1212 cubilia
1156 1182 1193 1211 et
1219 1181 1465 1225 coagmenta.

379 1225 429 1265 P.
448 1226 512 1278 76,
536 1241 597 1279 17·
623 1224 811 1279 καὶπρὸς
832 1224 909 1279 τήν
936 1226 1178 1280 Μιλησίων]
1202 1229 1244 1266 In
1272 1228 1453 1280 margine
1469 1227 1715 1270 correximus

238 1285 242 1288 '
269 1274 542 1326 ΙΙΙυλάσσφνι
579 1281 619 1325 in
650 1283 767 1321 Caria
787 1284 893 1322 enim
914 1283 989 1321 suit
1008 1282 1180 1335 Mylassa
1211 1282 1270 1320 vel
1293 1281 1438 1336 Mylas,
1457 1296 1480 1320 a
1507 1281 1713 1335 Stephano

269 1335 417 1374 etenim
446 1342 486 1372 et
514 1335 603 1375 aliis
629 1338 686 1376 ita
716 1337 962 1390 appellatur.
994 1337 1036 1375 in
1067 1338 1208 1376 notitia
1226 1337 1484 1378 Thronorum
1511 1336 1588 1375 sub
1604 1337 1714 1390 Cpo-

268 1387 396 1431 litano
423 1389 684 1441 patriarcha,
712 1387 1001 1445 metropolitae
1037 1391 1333 1444 Staurupoleos
1362 1390 1579 1430 subiicitur
1610 1391 1713 1445 Epi-

268 1457 418 1495 scopus
445 1444 530 1484 τῶν
559 1441 833 1496 Μὺλάνσων,
879 1446 943 1485 vel
987 1453 1033 1484 ut
1074 1445 1176 1485 alius
1214 1446 1285 1486 MS
1329 1446 1450 1485 codex
1490 1448 1712 1486 correctius

268 1496 431 1536 exhibet
457 1498 539 1539 τῶν
570 1497 844 1551 Μυλάσσων,
879 1507 921 1539 et
946 1508 1158 1552 propterea
1189 1501 1406 1553 Mylassum
1431 1499 1708 1551 reddidimus,

267 1551 379 1604 quud
408 1552 461 1591 ad
489 1553 724 1593 hodiernam
752 1555 1133 1607 pronunciationem
1165 1556 1290 1608 magis
1314 1554 1492 1594 accedat.

378 1607 427 1646 P.
459 1622 538 1661 77,
572 1621 631 1651 10.
698 1607 780 1648 ἀπὸ
818 1609 865 1649 δὲ
909 1609 1167 1655 Λαοδικείας
1200 1609 1242 1655 ἐς
1276 1609 1467 1660 Φρυγίαν
1497 1607 1710 1647 Saloma-

266 1660 379 1712 ρίαν]
436 1663 531 1712 Quo
577 1663 618 1702 in
650 1663 741 1703 loco
769 1671 955 1703 mortuus
999 1663 1052 1703 sit
1076 1665 1296 1713 Baiazites,
1326 1677 1405 1702 non
1439 1662 1710 1716 prodiderunt

266 1716 465 1755 Laonicus
504 1717 709 1758 Phranzes
742 1724 786 1758 et
825 1718 1105 1758 Leunclavius.
1134 1718 1259 1757 animi
1287 1710 1542 1770 aegritudine
1569 1717 1708 1756 conse-

265 1776 374 1812 ctum
405 1771 551 1813 obiisse
579 1773 697 1812 docet
713 1774 941 1824 Laonicus;
969 1786 1131 1811 causam
1150 1773 1262 1811 addit
1277 1772 1561 1821 Leunclavius‚
1595 1772 1707 1825 quod

266 1825 461 1870 Baiazites
486 1841 511 1865 a
539 1827 716 1881 Temyre
752 1827 1011 1867 intellexisset
1038 1827 1123 1866 fore
1152 1834 1197 1866 ut
1225 1826 1547 1867 semerkandum
1574 1832 1708 1867 trans-

265 1879 461 1930 serretur,
494 1880 617 1934 idque
644 1883 781 1922 Ducas
808 1882 1061 1937 aliquatenus
1091 1882 1236 1922 innuit.
1265 1896 1474 1921 venenum
1501 1897 1525 1922 a
1552 1881 1708 1935 Temy-

266 1948 311 1972 re
341 1934 414 1988 ipsi
439 1937 699 1989 propinatum
723 1937 850 1991 aliqui
882 1937 1024 1977 volunt
1041 1966 1053 1988 ‚
1081 1937 1194 1990 quod
1224 1936 1497 1979 Leunclavius
1527 1935 1570 1975 in
1597 1935 1707 1977 calce

264 1988 336 2035 lib.
364 2005 386 2044 7
417 1990 508 2030 hist.
536 1991 727 2031 Musulm.
758 1992 912 2036 scribit.
944 1993 1080 2031 Ducas
1108 1994 1150 2031 in
1163 1991 1343 2045 Phrygia
1368 1990 1570 2032 Salutaria
1596 1990 1707 2030 Tur-

124 2050 166 2083 V.
190 2052 251 2085 180
265 2044 320 2088 cis
361 2045 529 2089 Carasar
564 2047 672 2091 dicta
704 2047 920 2090 Baiazitem
964 2047 1072 2087 diem
1099 2060 1330 2100 supremum
1360 2045 1545 2084 clausisse
1574 2045 1704 2085 docet.

143 2100 146 2102 ’
263 2099 374 2138 locus
411 2107 548 2139 autem
587 2101 655 2141 ille
688 2102 884 2150 Carasar,
921 2116 1003 2156 quo
1030 2103 1190 2142 nomine
1215 2108 1349 2140 noster
1375 2100 1598 2154 Phrygiam
1629 2101 1707 2140 Sa·-

264 2153 451 2197 lutariam
491 2155 705 2209 intelligit,
743 2156 887 2210 procul
928 2157 1054 2196 dubio
1095 2164 1154 2196 est
1184 2170 1304 2210 quem
1343 2154 1704 2194 Rara-Chisarem

263 2209 392 2248 Turni
436 2211 665 2262 appellant,
717 2212 758 2250 id
788 2220 848 2252 est
886 2226 1017 2253 arcem
1055 2213 1237 2264 nigram3
1279 2210 1422 2249 Graeci
1461 2209 1582 2248 medii
1614 2211 1704 2249 aevi

261 2262 396 2305 locum
434 2264 550 2304 illum
579 2262 928 2318 μαυρόκαστρον,
963 2267 1042 2305 hoc
1072 2274 1130 2306 est
1158 2268 1315 2318 nigrum
1347 2273 1520 2303 castrum
1540 2293 1552 2309 ‚
1581 2278 1703 2316 quem

261 2319 418 2370 antiqui
450 2321 648 2374 Corycum
670 2321 944 2374 appellarunt,
977 2329 1022 2361 ut
1054 2328 1167 2360 notat
1195 2319 1358 2360 Leuncl.
1386 2319 1458 2360 lib.
1490 2319 1512 2357 5
1541 2324 1582 2358 et
1613 2332 1700 2371 cap.

266 2371 339 2422 ¹44
367 2374 559 2418 pandect.
585 2376 710 2417 Ture.
729 2377 908 2430 Contigit
937 2390 1044 2416 mors
1070 2376 1393 2416 Baiazitisanno
1423 2373 1593 2425 Hegirae
1606 2371 1701 2423 804,

260 2426 302 2464 id
331 2435 392 2472 est
422 2429 576 2476 Christi
611 2429 738 2482 1402,
774 2439 984 2485 postquam
1028 2445 1154 2469 annos
1191 2430 1236 2481 14
1267 2435 1482 2484 regnasset.
1523 2427 1579 2466 ita
1611 2432 1699 2467 tra-

260 2480 319 2518 dit
359 2483 630 2522 Leunclavius
668 2484 736 2523 lib.
769 2500 805 2538 7.
846 2494 886 2524 at
914 2486 982 2524 lib.
1013 2487 1038 2523 8
1068 2493 1270 2524 mortuum
1303 2485 1360 2522 ait
1388 2496 1492 2524 anno
1523 2482 1699 2534 Hegirae

257 2535 352 2578 805.
411 2538 578 2581 Laonici
605 2546 735 2583 textus
762 2541 981 2584 admodum
1010 2541 1252 2592 depravatus
1281 2546 1364 2586 est,
1401 2539 1469 2590 qui
1499 2550 1622 2577 annos
1644 2537 1696 2576 25

257 2604 351 2629 eum
394 2606 578 2643 regnasse
618 2594 767 2644 prodit.
823 2596 1005 2634 Orbinus
1039 2595 1180 2634 scribit
1213 2607 1378 2632 uxorem
1407 2590 1590 2631 Baiazitis
1616 2591 1697 2629 La-

256 2647 337 2683 zari
367 2645 487 2684 filiam
520 2648 723 2687 Milievam
755 2651 1084 2700 (Dueast-iam
1114 2649 1301 2701 appellat)
1331 2647 1459 2686 altero
1487 2651 1579 2699 post
1608 2659 1696 2690 ma-

257 2701 386 2749 ritum
422 2701 489 2750 die
516 2702 692 2754 emisam
738 2706 803 2753 cui.
850 2712 895 2754 ut
917 2703 1105 2754 illuderet
1144 2706 1319 2758 fetuyr,
1350 2709 1476 2752 vestes
1509 2700 1613 2753 inias
1643 2700 1695 2748 ad
