1916 3210
482 137 700 182 rrAmcE
736 139 1071 183 imnpnss'm
1108 136 1361 182 mcssn'ro.
1525 119 1602 188 48
1615 140 1634 177 ι

187 245 250 290 ab
279 258 354 287 ora
381 258 505 286 nona.
573 244 695 299 Dapo
733 244 771 284 13
802 244 904 285 hora
950 242 1081 285 divise
1114 242 1156 284 lu
1177 242 1362 284 exercito
1398 240 1464 282 dal
1499 243 1642 296 painzo

187 301 268 343 fine
285 299 366 341 ulia
383 308 505 357 porta
532 313 656 340 aurea
677 329 691 351 ‚
712 307 752 339 et
770 299 799 339 1³1
834 300 862 340 li
878 300 1037 340 LXXX
1062 299 1201 340 navilii
1232 299 1285 339 da
1309 296 1531 351 Xiloporta
1562 300 1642 340 fine

187 370 213 399 a
235 354 391 398 Platea.
452 354 503 396 Li
531 353 630 396 altri
657 362 913 405 veramente,
957 354 1035 395 che
1065 362 1236 396 stavano
1267 354 1308 394 in
1336 352 1719 407 Diplochioni‚,283

186 410 329 453 hanno
354 410 594 452 circundato
623 409 663 450 la
683 424 806 450 aurea
824 417 947 464 porta
970 410 1050 450 fine
1069 406 1120 450 ad
1136 410 1179 451 S.
1195 409 1365 450 Dimitri
1387 409 1580 463 Acropoli
1600 417 1643 450 et-

185 465 240 507 ἆει
265 466 321 508 la=
363 465 498 507 incola
524 471 677 520 porta,
706 466 746 505 13
775 465 871 520 qual
903 480 971 507 era
1003 465 1044 506 al
1073 466 1318 506 monasterio
1345 463 1397 504 de
1412 464 1638 518 -Odigitria,

185 481 454 564 duoeugente
482 521 551 562 dal
575 519 731 575 grande
756 521 897 574 palazo
916 551 928 571 ‚
975 528 1016 562 et
1058 521 1254 575 passando
1282 520 1319 560 el
1347 526 1470 573 porto
1499 519 1641 561 hanno

185 577 428 621 eimundato
467 577 548 616 fine
589 575 628 616 al
675 576 892 630 Ulwgha,
941 577 1156 616 chadauuo
1199 576 1251 616 de
1279 573 1403 630 quelli
1435 575 1641 617 habiando

186 627 296 674 scala
320 631 379 674 ,ad
407 631 448 672 13
477 630 604 672 alteza
634 631 686 672 de
714 631 745 671 li
773 633 894 676 muri.
923 632 974 672 El
1003 632 1143 672 lunedl
1171 638 1364 686 sequente
1392 629 1429 671 el
1461 637 1642 685 tyranno

187 700 270 729 oon
301 686 347 728 lu
389 686 565 728 exercito
605 694 646 727 et
677 686 740 728 col
787 687 943 741 grande
970 694 1170 741 apparato
1199 701 1242 727 se
1274 700 1403 726 mosse
1431 693 1575 727 contra
1606 689 1644 728 13

187 743 297 784 eith..
334 742 413 783 Lui
442 757 465 783 3
505 741 662 783 cavallo
689 744 837 782 veniva
877 756 998 783 verso
1030 743 1058 782 li
1088 742 1194 782 muri
1226 743 1327 782 rotti
1355 756 1436 782 con
1463 743 1504 781 X
1533 743 1646 783 milia

189 799 335 839 'noveni
370 797 413 839 di
458 800 521 838 soi
547 799 654 838 servi
691 798 813 841 fideli.
855 798 1005 839 valenti
1034 798 1338 838 combattivano
1379 811 1493 837 come
1522 797 1643 839 leoni.

186 853 320 895 dietro
347 859 390 894 et
417 851 471 893 da
497 853 569 894 lati
599 854 627 893 li
655 854 812 893 andava
839 855 908 907 piii
938 854 988 893 de
1029 853 1263 894 centomilia
1290 852 1478 893 huomini
1510 867 1645 894 arma-

189 907 223 951 ti
253 923 278 950 3
305 907 477 949 cavallo.
545 909 592 948 ln
623 908 661 948 le
709 915 826 962 parte
852 909 903 949 de
931 923 1053 960 zoso,
1103 909 1228 951 infine
1254 907 1319 948 ala
1344 916 1465 962 porta
1493 923 1645 961 aurea,

187 965 261 1019 pin
296 964 350 1005 de
374 963 469 1004 altri
497 963 753 1014 centomilia,
784 970 825 1003 et
855 965 922 1004 dal
950 964 1046 1004 loeo
1077 978 1155 1004 ove
1185 970 1297 1004 steva
1325 964 1363 1002 el
1389 963 1520 1003 ducha
1553 965 1646 1004 infi..

191 1033 245 1060 ue
274 1021 313 1060 al
355 1018 497 1074 palazo
542 1019 637 1058 uitri
667 1019 701 1058 L
729 1018 857 1058 milia.
926 1019 980 1058 Et
1008 1033 1126 1073 sopra
1164 1018 1201 1058 el
1245 1025 1371 1073 ponte
1400 1026 1442 1059 et
1469 1033 1594 1073 sopra
1620 1021 1647 1060 li

187 1074 333 1122 navilii
361 1089 442 1115 uua
470 1074 733 1114 multitudine
762 1075 1074 1117 innumerabile.
1108 1073 1244 1126 Quelli
1280 1082 1516 1114 veramente
1544 1076 1648 1115 den-

190 1136 256 1171 tro
284 1129 328 1171 fo
360 1130 498 1170 divisi.
557 1131 619 1170 Lo
648 1129 908 1183 imperadore
931 1144 1010 1170 con
1034 1129 1182 1168 loanni
1203 1129 1414 1169 lostinano
1444 1130 1511 1169 alli
1543 1131 1648 1170 muri

190 1187 350 1236 eazuti,
389 1185 483 1226 fora
515 1185 582 1226 del
611 1180 750 1224 castro
772 1215 783 1233 ,
829 1184 980 1225 dentro
1008 1185 1074 1224 da!
1104 1185 1314 1239 pomerio,
1345 1184 1535 1224 havendo
1565 1201 1646 1226 con

189 1241 267 1282 essi
294 1241 345 1282 de
359 1241 481 1283 Greci
510 1247 552 1280 et
573 1239 705 1280 Latini
738 1240 817 1279 fine
839 1254 861 1279 a
891 1241 957 1279 tre
990 1241 1114 1284 milia.
1170 1240 1228 1279 Le
1248 1239 1533 1293 Meghaducha
1565 1241 1645 1282 alla

193 1303 318 1351 porta
361 1295 571 1351 imperiale
612 1295 743 1336 havea
773 1295 851 1335 fine
881 1310 903 1334 a
932 1297 1218 1349 zinquecento.
1287 1295 1336 1334 ln
1366 1295 1394 1335 li
1432 1296 1542 1335 muri
1569 1296 1647 1337 che

189 1365 294 1392 sono
323 1366 445 1393 verso
487 1351 523 1391 el
572 1365 684 1391 mare
714 1356 755 1390 et
783 1350 836 1390 ali
861 1352 921 1391 soi
951 1351 1094 1399 merli,
1121 1349 1231 1390 dalla
1254 1357 1382 1404 porta
1407 1350 1536 1405 lignea
1569 1352 1646 1392 fine

188 1406 255 1447 313
281 1414 403 1461 porta
445 1407 609 1454 florea,
647 1405 871 1446 halestrieri
915 1414 956 1446 et
983 1409 1113 1446 arceri
1161 1407 1241 1445 fine
1270 1406 1321 1444 ad
1348 1407 1612 1461 zinquecento
1631 1438 1642 1456 ,

190 1468 232 1503 et
262 1462 354 1503 dala
395 1469 516 1517 porta
547 1463 684 1502 Horea
725 1468 871 1502 atomo
899 1462 978 1501 fine
1019 1461 1095 1501 alla
1125 1469 1244 1516 porta
1273 1475 1395 1501 aurea
1414 1492 1426 1513 ,
1457 1477 1531 1516 per
1559 1464 1644 1502 cia-
1657 1471 1726 1516 284

187 1518 396 1561 scheduno
426 1517 556 1558 merlo
585 1530 669 1557 uno
698 1516 854 1558 arciero
884 1532 909 1556 o
939 1517 1176 1557 halestriem
1205 1531 1230 1557 o
1260 1517 1487 1558 funditore.
1540 1519 1646 1559 Tut-

189 1579 233 1614 ta
261 1574 302 1614 la
331 1580 448 1615 nocte
485 1588 603 1614 senza
638 1587 780 1624 somno
820 1574 861 1612 in
896 1572 934 1612 le
973 1587 1044 1613 sue
1072 1574 1249 1612 statione
1293 1572 1535 1627 vigliarono.
1596 1574 1645 1614 Li

189 1628 346 1670 Tui-chi
386 1644 428 1671 se
470 1629 729 1670 afforzavano
761 1636 962 1668 accostare
1001 1627 1038 1667 le
1067 1629 1171 1667 scale
1199 1627 1279 1668 alle
1307 1643 1435 1671 mura.
1492 1629 1544 1669 El
1577 1636 1646 1684 ty..

189 1699 321 1725 ranno
350 1684 415 1725 col
442 1685 615 1726 bastone
641 1685 693 1725 de
720 1685 830 1724 ferro
862 1699 946 1724 non
972 1698 1132 1724 eessava
1161 1683 1385 1724 sollicitare
1404 1684 1441 1724 le
1469 1686 1643 1735 schiere‚

190 1739 455 1781 adortaudoli
497 1740 646 1780 alcuna
674 1739 812 1791 volta,
842 1739 1111 1793 castigandoli
1142 1753 1165 1779 e
1194 1739 1510 1794 reprendendoli
1541 1741 1647 1781 della

190 1797 382 1849 ignavia,
408 1803 450 1836 et
476 1795 552 1835 che
582 1810 664 1836 non
699 1810 960 1848 appozavano
996 1795 1033 1835 le
1065 1793 1169 1834 scale
1199 1802 1240 1835 et
1269 1810 1353 1835 non
1383 1810 1427 1836 se
1456 1803 1648 1849 poi-tava-

192 1865 248 1890 no
279 1851 332 1890 da
360 1851 512 1892 valenti
541 1850 804 1891 Musulmani.
864 1850 999 1902 Quelli
1029 1850 1078 1890 de
1106 1851 1142 1890 la
1172 1850 1252 1889 cite
1280 1851 1511 1890 virilmente
1542 1866 1646 1892 con-
1676 1869 1680 1874 ·

194 1911 402 1956 trastava,
446 1913 602 1961 quanto
642 1920 716 1961 per
754 1906 793 1946 le
834 1905 928 1946 loro
969 1905 1085 1946 forze
1113 1911 1153 1945 et
1191 1920 1360 1946 numero
1391 1911 1550 1959 impare
1579 1922 1648 1947 era

192 1962 400 2017 possibile.
475 1962 615 2001 Ioanni
664 1960 918 2011 Iustiniano,
954 1961 1161 2015 gagliardo
1191 1967 1232 2000 et
1260 1961 1392 2011 forte,
1426 1976 1540 2002 come
1565 1962 1648 2002 bon

194 2019 438 2072 capitaneo,
480 2031 556 2057 con
596 2017 857 2071 l'imperador
903 2023 1062 2056 armato
1107 2016 1304 2070 provedea
1334 2023 1375 2056 et
1403 2031 1648 2058 soccorreva

192 2073 245 2112 ad
278 2073 374 2128 ogni
405 2073 591 2126 bisogno.
647 2075 716 2112 Ma
745 2071 874 2116 oime!
903 2071 968 2112 ala
992 2072 1162 2112 volunta
1189 2072 1240 2111 de
1270 2072 1338 2111 dio
1366 2072 1431 2112 chi
1463 2088 1515 2126 po
1549 2088 1648 2113 con·-

193 2132 400 2168 trastare'?
471 2129 526 2169 Et
570 2142 612 2168 se
639 2127 679 2168 13
708 2129 785 2168 οἱῐὲ
825 2142 903 2182 per
932 2128 1129 2168 sententia
1157 2127 1295 2167 divina
1321 2127 1457 2168 dovea
1481 2143 1648 2183 caggere

193 2186 236 2223 in
264 2185 301 2224 le
329 2199 422 2223 man
452 2184 504 2224 de
532 2183 717 2234 Turchi,
749 2184 844 2239 qual
870 2185 1053 2237 potentia
1083 2182 1133 2222 de
1162 2182 1379 2222 Christiani
1410 2183 1450 2223 la
1478 2185 1647 2225 haveria

193 2241 274 2280 mai
300 2239 458 2294 poduto
487 2239 736 2280 defendere?
792 2239 932 2279 Eccho
958 2239 1035 2279 che
1062 2238 1133 2278 dio
1162 2238 1216 2277 ha
1244 2239 1351 2278 tolto
1379 2240 1429 2278 de
1461 2255 1574 2279 mezo
1594 2241 1648 2281 de

192 2294 238 2334 lu
265 2297 444 2336 exercito
473 2295 516 2335 di
545 2297 663 2336 Greci
696 2294 1054 2349 IoanniLongho‚
1082 2295 1351 2348 armipotente
1376 2302 1416 2334 et
1447 2295 1550 2335 sorte
1575 2310 1646 2336 ca-

193 2351 359 2404 pitaneo
377 2381 388 2400 ,
429 2350 504 2391 che
539 2352 655 2405 paria
694 2365 778 2391 uno
807 2352 981 2404 gigante.
1019 2350 1055 2390 el
1084 2349 1182 2404 qual
1208 2350 1250 2389 fo
1280 2350 1405 2394 ferito
1430 2350 1496 2391 nel
1526 2352 1647 2392 brazo

194 2406 245 2445 de
271 2420 352 2445 una
385 2405 559 2447 ballotta
589 2407 640 2448 de
667 2407 847 2461 piombo.
878 2406 1044 2447 essendo
1075 2406 1116 2445 in
1144 2405 1241 2460 quel
1270 2405 1392 2446 brazo
1417 2407 1459 2446 lu
1491 2407 1643 2455 sendo,

194 2461 234 2501 la
270 2461 438 2502 ballotta
473 2463 594 2516 passo
631 2463 667 2502 la
697 2462 803 2502 lama
847 2460 898 2502 de
927 2462 1053 2501 ferro.
1124 2462 1182 2502 Et
1212 2475 1296 2501 non
1333 2463 1536 2515 possem-10
1563 2471 1647 2502 star

194 2531 269 2571 per
310 2516 349 2556 la
378 2517 525 2569 ferna,
571 2518 678 2558 disse
716 2518 756 2558 al
797 2517 1058 2570 imperador:
1093 2523 1155 2556 sta
1188 2517 1540 2571 gagliardamente.
1598 2519 1644 2558 lo

197 2572 354 2613 andaro
380 2572 459 2612 fine
488 2574 550 2614 ala
593 2588 697 2613 nave
715 2603 728 2623 ‚
758 2579 800 2613 et
831 2573 995 2613 subbito
1042 2571 1147 2613 ch'io
1175 2572 1262 2613 sero
1291 2573 1492 2613 medicato
1511 2603 1524 2625 ‚
1553 2582 1644 2613 tor-

196 2627 310 2667 narb.
339 2628 482 2668 Oime!
510 2629 586 2669 che
617 2635 757 2683 questa
787 2628 809 2666 ὲ
837 2628 969 2668 l'hora
998 2628 1072 2668 che
1099 2643 1141 2668 se
1171 2642 1352 2668 convene
1381 2629 1588 2682 adempire
1616 2629 1643 2671 li

198 2682 293 2722 dicti
321 2683 372 2723 de
406 2684 609 2724 Hieremia
651 2685 701 2723 da
732 2683 769 2723 13
795 2683 950 2724 boccha
991 2684 1040 2723 de
1074 2683 1141 2724 dio
1171 2699 1192 2723 3
1224 2683 1434 2724 sedechia.
1493 2686 1646 2736 Queste

199 2751 287 2778 cose
315 2737 405 2778 dice
431 2739 467 2778 el
498 2740 662 2795 signore
691 2739 760 2779 dio
780 2739 950 2780 Hisrael.
1007 2740 1114 2782 Ecco
1144 2739 1247 2780 ch'io
1280 2739 1438 2781 revolto
1471 2738 1508 2781 le
1535 2754 1644 2780 armo

345 2816 482 2850 Ducas.
1357 2818 1398 2852 31

3 776 8 789 1

20 808 38 830 ,ὲ

4 855 37 883 ,ς’

12 1056 28 1067 θ’
44 1065 45 1069 η

11 1086 31 1103 3.

34 1117 38 1126 .

7 1151 43 1189 ³2¹.-

6 1208 41 1245 W:

12 1643 24 1659 θ
9 1622 11 1629 ’
27 1587 33 1594 ,
6 1412 44 1534 ξι
6 1262 39 1398 *Hwkt
