1916 3210
365 187 481 255 484
843 202 1028 266 000110
1066 200 1322 244 015Το01Α

366 321 446 348 000
475 306 625 362 grande
668 305 876 359 potentia,
926 309 966 342 et
1006 302 1018 341 i
1049 303 1190 342 Romei
1228 314 1392 342 serrano
1419 299 1652 356 tagliativds
1676 301 1800 357 quelli

364 362 491 402 influe
516 361 594 401 alla
622 362 795 400 colonna
823 359 888 398 del
914 356 1065 411 grande
1080 357 1370 410 Constantin03
1395 356 1447 396 da
1474 355 1547 410 poi
1570 364 1802 401 veramente

363 417 537 472 l'angelo
563 417 614 455 de
639 415 706 455 dio
732 412 974 454 descendes-a
1002 412 1068 451 dal
1094 412 1196 452 01010
1227 427 1301 453 000
1321 412 1361 452 13
1386 411 1534 466 spada,
1567 418 1626 452 <et
1649 414 1801 454 riman-
1824 439 1825 442 =

363 472 461 511 dara
506 470 702 523 l’imperio
735 482 810 508 con
855 467 891 506 13
916 466 1038 521 spada
1065 467 1116 506 ad
1149 482 1231 507 uno
1260 467 1385 507 homo
1411 468 1601 507 anonimo
1613 495 1638 516 ,-
1661 466 1801 509 011οι110

242 506 245 509 Δ
282 539 350 573 290
365 526 500 581 quella
534 526 636 564 hora
677 524 767 563 sera
795 529 960 561 trovato
987 528 1093 561 stare
1121 521 1198 561 alla
1225 523 1400 562 colonna
1426 521 1550 561 molto
1578 521 1742 568 humile·
1760 528 1802 563 et

362 594 545 634 pover03
576 586 616 619 et
646 579 731 618 dira
761 591 785 616 a
811 576 945 630 quello
978 575 1170 629 l'angelo:
1198 576 1295 616 tolli·
1312 584 1451 631 questa
1476 575 1630 630 spada,
1657 575 1800 622 01410-

293 670 295 673 .
361 635 472 675 fendi
502 636 538 673 el
568 632 720 686 populo
751 632 801 671 de
829 632 911 672 dio.
939 637 981 670 et
1009 631 1148 671 elbora
1177 631 1206 670 li
1227 632 1380 672 Turchi
1409 645 1573 671 serrano
1601 630 1797 682 inferiori,

276 1470 337 1503 291

360 692 442 730 eti
483 686 627 728 Romei·
664 688 694 726 li
721 686 1002 740 tagliaranno‚
1042 693 1082 725 et
1123 685 1416 726 cacciarannoli
1459 685 1564 726 dalla
1599 685 1733 725 citade
1759 693 1799 726 et

358 745 465 784 dalla
494 744 638 782 Grecia
678 749 716 781 et
749 741 854 781 dalla
900 740 1061 780 Natolia
1086 740 1229 780 infine
1259 740 1328 780 alli
1375 741 1526 781 confini
1565 740 1803 786 (10113,Ρο1·-4

359 801 417 838 513
436 829 448 850 ,
479 798 530 836 3(1
560 811 643 836 uno
674 798 761 836 loco
789 796 988 835 chiamato
1018 795 1329 839 Monodendrio.
1358 797 1510 847 Questa
1537 795 1728 849 adunque
1751 795 1798 836 fo

356 853 395 892 la
418 866 566 892 caxone
600 851 665 891 del
703 851 893 905 confugio
934 865 956 889 a
994 851 1031 888 la
1069 850 1216 890 chiesia
1252 850 1404 904 grande
1434 856 1476 889 et
1502 849 1566 890 ala
1595 849 1798 900 colomna,

357 908 559 947 credendo
603 911 770 946 trevare
805 906 843 944 la
878 905 1152 944 misericordia
1192 905 1243 944 de
1277 904 1359 945 dio.
1426 905 1478 953 In·
1521 918 1602 944 una
1627 903 1727 945 hora
1757 904 1798 944 el·

356 963 511 1016 grande
538 962 694 1015 tempio
724 975 766 1000 se
793 960 914 1000 vidde
942 960 1065 1013 pieno
1095 959 1144 998 de
1168 959 1322 999 homini
1350 965 1391 999 et
1417 958 1468 998 de
1495 958 1668 1008 femine,
1698 966 1739 999 et
1767 958 1795 999 li

354 1019 500 1070 portici
551 1012 657 1069 pieni
696 1015 747 1054 (10
790 1015 939 1068 popolo
966 1014 1271 1053 innumerabile.
1345 1014 1382 1053 Ο
1416 1013 1570 1053 dolenti
1611 1020 1657 1053 et
1677 1013 1798 1054 mise-

353 1075 390 1111 ri
430 1071 592 1111 Romei!
636 1072 788 1120 Qnesto
831 1070 853 1108 e
891 1069 986 1122 quel
1025 1068 1174 1120 tempio
1201 1068 1276 1107 che
1302 1068 1391 1107 heri
1409 1075 1450 1108 et
1473 1067 1513 1107 10
1541 1070 1676 1108 avanti
1703 1068 1798 1110 heri

356 1127 427 1167 voi
453 1127 703 1165 chiamavate
733 1123 952 1178 speluncha
1001 1131 1038 1163 et
1068 1137 1136 1162 ara
1167 1123 1218 1162 de
1246 1122 1400 1177 gentili.
1456 1124 1620 1163 nissuno
1646 1122 1698 1163 (10
1725 1123 1796 1164 voi

356 1190 523 1221 entrava
569 1181 716 1219 dentro
735 1208 747 1230 ‚
790 1178 860 1217 azo
890 1192 970 1217 non
1001 1192 1043 1217 se
1072 1179 1404 1228 commaculasse,
1432 1191 1508 1230 per
1535 1177 1663 1218 haver
1692 1177 1796 1219 cele-

354 1237 470 1275 brata
499 1237 643 1275 dentro
674 1235 711 1273 la
743 1247 869 1273 messa
899 1233 1020 1286 quelli
1039 1233 1113 1272 che
1142 1247 1283 1272 amava
1303 1233 1342 1271 la
1372 1234 1527 1272 unione
1555 1231 1659 1272 della
1686 1231 1796 1273 chie-

354 1292 414 1330 sia
446 1291 497 1330 de
527 1290 608 1329 dio.
637 1289 737 1327 hora
781 1288 875 1327 tutti
906 1288 1047 1327 havete
1077 1287 1265 1341 confugio
1291 1287 1342 1326 ad
1372 1294 1513 1341 questo
1539 1289 1690 1341 tempio
1720 1301 1795 1327 co·-

355 1359 422 1385 me
459 1353 598 1384 vostro
637 1343 824 1385 salutare.
891 1344 959 1382 Ma
998 1343 1040 1382 la
1084 1343 1143 1381 ira
1173 1343 1277 1382 iusta
1303 1342 1355 1382 de
1382 1343 1450 1381 dio
1478 1356 1562 1381 non
1593 1356 1635 1382 se
1661 1355 1795 1382 mossa

356 1399 711 1439 ad‘misericordia
739 1398 789 1437 de
819 1397 884 1436 voi
911 1412 982 1450 per
1020 1397 1047 1436 li
1077 1397 1254 1436 simulati
1285 1397 1455 1450 amplexi
1488 1403 1528 1436 et
1556 1410 1629 1449 per
1656 1397 1686 1436 li
1717 1411 1795 1437 vo-

356 1455 429 1494 stri
461 1454 603 1507 pianti.
670 1453 755 1491 Che
797 1467 839 1491 se
866 1452 908 1490 in
947 1460 1061 1491 tanto
1093 1451 1267 1504 periculo
1312 1450 1481 1505 l'angelo
1512 1451 1562 1490 de
1591 1451 1660 1491 dio
1684 1451 1793 1491 fosse

355 1510 517 1549 desceso
543 1509 610 1548 dal
642 1508 745 1547 01010
775 1514 815 1546 et
843 1507 1008 1547 havesse
1036 1506 1286 1546 domandato
1315 1507 1413 1545 voi:
1444 1506 1576 1546 volete
1602 1520 1792 1546 reoevere

357 1564 398 1603 10
431 1579 530 1617 pace
560 1571 601 1603 et
630 1570 838 1616 acceptare
865 1563 902 1601 la
931 1564 1081 1601 unione
1109 1561 1213 1601 della
1242 1562 1420 1601 chiesia?
1448 1561 1521 1599 che
1540 1561 1576 1599 io
1605 1560 1798 1600 cacciarb'

354 1619 385 1657 li
421 1619 570 1658 inimici
613 1618 719 1657 dalla
755 1617 898 1656 citade.
953 1618 1076 1656 Certe
1111 1618 1176 1656 voi
1203 1630 1284 1655 non
1313 1616 1518 1655 haveresti
1545 1617 1788 1655 consentino.

354 1682 392 1713 et
419 1688 461 1712 se
488 1689 566 1727 pur
594 1673 804 1712 havessate
833 1672 1082 1722 consentite,
1111 1670 1149 1710 el
1181 1672 1494 1711 consentimento
1519 1678 1657 1710 vostro
1683 1671 1790 1711 seria

356 1736 462 1768 stato
498 1729 607 1778 falso,
636 1727 787 1780 perche
814 1727 991 1765 anchora
1018 1727 1078 1765 sta
1106 1727 1147 1764 in
1176 1725 1214 1765 le
1246 1733 1379 1765 vostre
1408 1726 1532 1764 menti
1564 1725 1604 1764 la
1628 1732 1791 1765 senten-

351 1786 407 1822 tia
438 1783 488 1822 de
532 1782 655 1837 quelli
695 1782 769 1821 che
819 1782 1042 1821 dicevano:
1077 1781 1220 1833 meglio
1249 1781 1271 1819 e
1297 1780 1454 1832 cagiere
1484 1781 1525 1818 in
1554 1778 1593 1818 le
1621 1794 1711 1820 man
1741 1779 1792 1819 de

355 1838 507 1877 Turchi
543 1838 616 1877 che
646 1838 695 1876 de
723 1837 917 1875 Franchi.
978 1838 994 1874 1
1025 1836 1179 1874 Turchi
1199 1837 1238 1873 in
1258 1836 1388 1888 quella
1417 1835 1517 1874 liora
1544 1833 1791 1888 prendendo,

353 1893 567 1932 robhando
613 1899 654 1931 et
690 1892 905 1930 amazando
947 1891 1062 1930 Greci
1103 1897 1142 1929 et
1171 1891 1303 1929 Latini
1353 1904 1519 1929 zonzero
1547 1889 1584 1928 al
1611 1890 1792 1943 tempio,

355 1963 433 1987 non
465 1962 532 1986 era
561 1947 735 1986 anchora
772 1952 931 1999 passata
957 1946 1083 1985 l’hora
1124 1945 1252 1998 prima
1281 1945 1330 1984 de
1358 1959 1493 1983 zorno.
1555 1945 1611 1984 Et
1637 1944 1795 1984 haven-

353 2004 405 2042 do
438 2010 598 2042 trovato
628 2001 665 2040 le
694 2008 810 2055 porte
839 2002 903 2040 del
930 2003 1079 2054 templo
1101 2008 1275 2050 serrate,
1317 2000 1417 2039 colle
1442 2013 1606 2038 manare
1635 1998 1673 2039 le
1700 1998 1791 2039 but·

355 2059 398 2097 to
423 2072 499 2110 per
543 2064 664 2099 terra.
731 2056 931 2096 Intrando
972 2056 999 2095 li
1040 2056 1203 2094 barbari
1232 2069 1307 2094 000
1342 2055 1380 2094 10
1410 2054 1532 2108 spade
1554 2055 1791 2107 sanguinose

352 2121 415 2151 tra
448 2113 584 2166 quello
626 2113 770 2151 afflicto
799 2111 950 2164 populo
991 2110 1304 2159 innumerabile,
1333 2123 1447 2149 senza
1478 2116 1681 2149 contrasto
1708 2109 1791 2148 cia-

352 2168 559 2206 scheduno
595 2167 725 2219 ligava
751 2166 787 2205 el
817 2181 890 2206 suo
924 2168 1135 2219 mancipio.
1164 2165 1271 2204 hora
1298 2165 1364 2204 chi
1391 2165 1498 2204 serra
1527 2165 1601 2203 che
1628 2163 1789 2203 absolu-

353 2230 527 2261 tamente
570 2237 682 2274 possa
723 2235 1028 2260 conmemorare
1070 2235 1183 2259 senza
1221 2220 1383 2259 lacrimo
1411 2218 1450 2258 la
1479 2219 1642 2257 infanda
1676 2217 1790 2257 clade

354 2277 448 2314 delh
491 2277 678 2324 citadini,
723 2276 760 2315 10
796 2291 896 2316 voce
932 2284 971 2315 et
1015 2275 1135 2329 vagiti
1177 2276 1217 2313 in
1245 2275 1379 2328 quella
1423 2274 1523 2312 hora
1551 2273 1630 2312 deli
1661 2274 1789 2312 teneri

354 2331 566 2381 1110101101,
603 2332 631 2370 li
661 2331 860 2371 lacrimosi
900 2331 1002 2385 gridi
1045 2338 1084 2369 et
1119 2329 1262 2369 ululati
1293 2329 1396 2368 delle
1422 2335 1576 2378 matre,
1606 2327 1635 2366 li
1662 2329 1788 2367 amari

354 2387 478 2438 pianti
515 2387 609 2425 delli
647 2387 778 2438 patri,
819 2386 858 2425 la
901 2385 1129 2425 miserabile
1157 2384 1354 2439 captivita
1385 2383 1448 2423 del
1476 2382 1624 2435 popolo
1653 2386 1788 2421 tutto?

354 2441 402 2478 Li
433 2440 592 2479 barbari
636 2442 853 2481 cernivano
881 2441 985 2480 delle
1024 2440 1204 2479 donzelle
1234 2447 1273 2478 et
1301 2438 1405 2478 delle
1434 2436 1627 2490 Calogree
1650 2437 1687 2475 le
1714 2437 1787 2489 pin

353 2502 492 2533 tenere
511 2503 548 2533 et
568 2497 603 2534 le
620 2497 691 2548 pin
706 2496 822 2537 belle.
840 2498 897 2536 Le
913 2497 1098 2549 simplice
1110 2494 1280 2542 infelice,
1299 2493 1491 2533 battendo
1509 2492 1537 2532 li
1554 2491 1787 2543 sanguenati

350 2550 460 2603 pecti
485 2558 523 2588 et
543 2551 803 2591 stracciando
825 2551 853 2590 li
884 2552 1008 2605 sparsi
1037 2548 1197 2602 capelli,
1227 2563 1308 2588 non
1333 2561 1524 2587 moveano
1553 2547 1580 2585 li
1619 2545 1786 2585 barbari

350 2604 403 2643 ad
429 2606 700 2656 compassione
724 2607 774 2644 ne
799 2605 1023 2658 cordoglio,
1053 2619 1118 2643 ma
1146 2604 1196 2642 ad
1225 2617 1357 2642 mazor
1384 2601 1552 2642 libidine
1572 2608 1611 2639 et
1629 2601 1787 2653 rapina.

351 2660 557 2712 Ligavano
588 2660 625 2698 10
654 2660 856 2699 madonne
879 2675 955 2700 con
987 2659 1025 2699 le
1055 2658 1202 2705 ancile,
1235 2658 1265 2697 li
1295 2658 1443 2710 signori
1469 2670 1544 2695 con
1567 2657 1593 2694 li
1618 2657 1674 2694 soi
1701 2669 1786 2694 ser-

350 2714 392 2751 vi
419 2716 656 2767 comparati,
702 2714 730 2752 li
774 2717 910 2754 zoveni
938 2729 1013 2754 con
1040 2714 1078 2753 le
1114 2719 1251 2752 tenere
1279 2710 1471 2754 donzelle.
1528 2711 1584 2749 Le
1612 2709 1787 2762 pudiche

290 2793 293 2797 >
351 2782 552 2823 vergenc‚
601 2768 638 2807 le
675 2768 791 2821 quale
831 2784 989 2822 appena
1017 2781 1194 2810 osavano
1233 2766 1468 2821 resguardar
1507 2765 1545 2805 10
1584 2765 1710 2805 faccia
1735 2764 1792 2804 de'
