1916 3210
431 203 664 253 nmen.
687 206 1027 252 umnam-m
1060 208 1317 254 menn-ro.
1477 189 1590 267 397

135 317 234 361 cito:
258 315 303 357 in
327 312 524 356 OEhettlia
558 311 610 352 ad
643 312 686 353 lu
714 311 956 353 assemano
981 311 1205 354 salonichiz
1263 314 1283 355 Ι
1311 313 1424 356 1001ιὶ
1458 316 1588 357 vicini

136 388 162 416 a
184 367 402 415 &dinom-
427 370 525 411 tutti
547 367 678 408 havea
709 369 754 407 εἰ(
780 382 903 422 preso
919 397 933 420 ‚
964 376 1134 424 excepto
1161 369 1344 415 Citunio.
1378 367 1420 411 la
1447 385 1589 425 pen-so..

136 428 284 472 madet
307 425 452 468 dmhav
477 423 590 471 undo
627 437 748 464 verso
786 422 1165 478 Constantinopoli.
1220 426 1422 467 Emanuel
1451 428 1585 482 impe-

133 485 285 527 rudore
317 480 541 546 efoetando
583 480 628 519 lu
667 479 846 519 exercito
875 479 926 519 de
954 481 1115 531 Moses,
1141 480 1246 522 tolse
1269 484 1367 522 tutti
1397 481 1427 522 li
1461 483 1582 523 habi..
1593 491 1641 537 93

134 537 278 582 &dori
318 538 363 578 du
391 536 515 577 casali
549 541 592 575 et
619 534 728 575 delle
756 533 852 574 ville
895 534 1045 576 denti-o
1074 535 1126 576 da
1154 535 1194 576 la
1221 537 1382 586 chade,
1410 538 1584 581 facendo

132 595 185 636 le
212 605 439 648 compagae
475 591 667 631 bruxare.
734 590 848 630 Posti
885 590 1017 631 Moses
1056 590 1085 631 li
1125 591 1189 632 soi
1233 592 1459 648 padiglioni
1496 610 1584 636 non

0 676 9 688 -.
135 648 251 706 longi
275 649 330 690 de
355 648 395 688 la
436 647 542 696 nith,
574 647 671 701 ogni
701 659 827 685 zon-no
859 659 901 685 se
931 646 1137 687 combutia
1166 661 1245 688 con
1273 648 1402 690 hodio
1430 651 1586 705 grande

0 699 8 756 ξ
129 702 377 746 &mortale
404 701 639 753 inimicitia,
668 700 697 740 li
726 700 883 740 Turchi
911 715 987 755 per
1013 703 1052 743 el
1080 702 1298 758 desyderio
1330 711 1374 746 et
1395 707 1585 746 inmode-

0 756 13 778 *”
133 767 224 802 rata
247 758 385 814 voglia
412 758 466 799 de
497 757 678 813 aquistar
706 755 746 795 la
769 756 861 807 cita,
890 763 931 797 et
960 756 989 797 li
1020 759 1141 798 Greci
1169 759 1439 814 indignantise
1466 768 1584 804 tante

129 815 325 858 „meda
350 814 487 870 quella
515 821 629 854 zente
671 811 847 852 barbara
876 826 980 852 esser
1005 814 1232 855 conbatuti.
1262 816 1401 857 usciva
1434 816 1464 857 li
1491 816 1585 858 Ro'.

131 872 214 913 mei
251 871 307 911 de
332 868 373 910 la
401 870 484 910 cita
520 877 560 909 et
587 867 900 908 abbracciavase
939 883 1020 908 con
1046 868 1076 908 li
1104 870 1276 911 Turchi.
1303 886 1388 912 uno
1421 873 1583 914 Romeo

126 926 367 969 cumbativa
402 939 483 965 con
521 931 584 965 tre
608 923 779 967 'rm-chi.
849 924 971 963 Multi
998 923 1052 963 da
1095 924 1204 965 l'una
1232 933 1352 980 parte
1380 935 1420 968 et
1447 927 1580 969 l’altm

128 982 255 1025 morti
281 981 447 1023 cadeva.
518 982 587 1020 Mu
613 978 926 1032 al'imperadore
955 986 1098 1034 queste
1123 981 1301 1034 bataglie
1328 997 1413 1023 non
1444 984 1579 1038 piaci-

128 1050 263 1088 vano,
301 1036 453 1093 perche
492 1037 630 1076 teniva
658 1035 686 1075 li
724 1034 787 1074 soi
814 1033 973 1074 homini
1010 1035 1096 1074 cari
1122 1051 1196 1090 per
1221 1037 1260 1077 el
1290 1046 1580 1080 mancamento

127 1106 252 1135 oome
293 1093 333 1134 la
373 1090 531 1147 pupilla
569 1090 652 1131 deli
679 1089 740 1131 soi
780 1089 885 1130 ochi.
927 1090 1096 1132 diceva:
1138 1093 1215 1132 che
1243 1094 1458 1149 guadagno
1492 1095 1582 1135 razo

126 1148 210 1201 mi,
233 1162 277 1190 se
306 1147 350 1188 di
380 1147 461 1188 mei
489 1154 610 1186 cento
642 1145 800 1186 homini
838 1145 994 1186 d'arme
1023 1160 1076 1186 ne
1104 1148 1236 1200 perdo
1266 1149 1391 1198 dece,
1422 1150 1583 1191 benehe

126 1205 260 1246 Moses
287 1204 340 1244 de
367 1204 478 1244 mille
502 1202 657 1242 Turchi
680 1215 732 1241 ne
750 1199 877 1254 pei-da
907 1205 1061 1241 cento?
1094 1203 1163 1241 Ma
1199 1203 1253 1243 ali
1285 1205 1431 1246 Romei
1463 1206 1581 1246 l'ani..

127 1273 196 1300 mo
237 1267 278 1301 et
321 1261 360 1300 la
401 1258 564 1299 audatia
598 1271 685 1298 non
729 1255 954 1296 manchava
982 1256 1271 1299 abbraeciarse
1300 1274 1380 1300 con
1409 1261 1582 1305 Tul-chi.

124 1314 228 1356 Uno
256 1323 405 1356 zomo·
422 1315 464 1354 fo
493 1312 664 1367 pigliato
702 1312 744 1351 in
770 1311 947 1365 bataglia
987 1312 1041 1351 da
1067 1312 1220 1354 Turchi
1252 1329 1336 1355 uno
1363 1315 1459 1356 delli
1485 1316 1579 1371 glo·

127 1369 230 1411 riosi
259 1371 324 1411 del
352 1368 497 1424 palazo
516 1396 528 1418 ‚
558 1367 595 1408 el
626 1368 748 1422 quale
774 1380 846 1406 era
874 1369 1145 1408 commensale
1173 1369 1224 1408 de
1237 1371 1397 1411 Zuanni
1427 1372 1581 1412 Paleo-

80 1467 82 1469 ,
124 1425 249 1480 logo,
275 1421 431 1480 figliolo
459 1424 511 1464 de
532 1423 698 1463 Manuel
729 1422 1019 1476 irnperad0r33
1050 1423 1088 1463 al
1118 1426 1242 1478 quale
1268 1426 1406 1466 hanno
1432 1427 1582 1482 taglia-

122 1487 166 1521 t‘a
193 1482 232 1521 la
260 1488 379 1523 testa.
436 1480 484 1519 Li
514 1479 660 1519 Romei
687 1477 897 1519 habiundo
927 1478 1059 1518 inteso
1090 1487 1257 1534 questo,
1287 1484 1478 1522 ussirono
1511 1483 1580 1524 fo-

101 1543 170 1576 'ra
194 1536 300 1578 delle
317 1542 455 1591 porte,
485 1541 527 1575 et
543 1549 621 1574 con
639 1534 792 1588 grande
810 1533 948 1573 animo
979 1540 1021 1574 et
1045 1534 1249 1590 desdegno
1278 1539 1579 1579 combactendo
1589 1540 1638 1589 94

125 1591 289 1632 tolseno
318 1591 357 1632 el
385 1605 515 1645 corpo
545 1589 597 1630 de
625 1604 739 1630 mezo
767 1588 814 1629 lu
841 1589 950 1630 stolo
977 1589 1019 1628 di
1049 1590 1219 1641 Tun-chi,
1252 1598 1295 1633 et
1321 1594 1469 1635 dentro
1500 1596 1580 1635 alla

125 1647 217 1688 cith-
239 1647 278 1688 el
305 1654 496 1702 portare.
563 1646 622 1684 La
650 1660 722 1685 sua
747 1648 851 1685 testa
880 1644 932 1684 da
964 1645 1124 1686 Turchi
1154 1661 1223 1688 era
1248 1655 1312 1689 sta
1338 1657 1581 1703 presentata

123 1717 149 1742 a
177 1703 327 1747 Moses.
380 1703 507 1743 Alora
531 1701 702 1742 Nicolao
723 1700 760 1741 N
766 1707 916 1751 otaras,
942 1701 1074 1754 padre
1096 1701 1161 1742 del
1191 1711 1328 1744 morto
1347 1734 1359 1753 ,
1391 1706 1428 1745 el
1456 1707 1582 1761 quale

121 1771 191 1799 em
231 1758 464 1813 intel-petro
511 1757 563 1797 de
595 1755 760 1797 Manuel
790 1756 1054 1810 impet-ador,
1093 1757 1220 1798 homo
1248 1758 1375 1801 molte
1406 1760 1544 1802 riccho
1563 1791 1580 1814 ‚

121 1827 204 1854 eon
245 1814 376 1855 molto
414 1814 583 1853 thesoro
626 1811 865 1866 ricomparb
906 1813 945 1851 la
989 1819 1090 1852 testa
1137 1813 1190 1854 de
1219 1829 1295 1855 suo
1325 1815 1579 1870 fig1501031a

123 1869 248 1924 quale
294 1870 367 1923 poi
406 1875 552 1908 azonta
578 1867 617 1907 al
647 1881 782 1921 corpo
827 1881 906 1907 con
942 1868 1095 1921 grande
1139 1870 1279 1922 planto
1305 1871 1346 1910 fo
1377 1873 1576 1926 sepellita.

121 1925 194 1965 Ma
224 1931 416 1965 ton—namo
447 1923 526 1963 alla
552 1922 735 1977 hystoria
759 1929 916 1965 nostra.
975 1923 1173 1963 Vedendo
1200 1926 1368 1966 Manuel
1395 1928 1575 1981 impera-

119 1978 201 2020 dor
227 1978 269 2020 la
308 1978 509 2020 crudeli&
556 1977 782 2018 insatiabile
812 1977 875 2018 del
906 1985 1113 2030 tyranno,
1146 1987 1187 2019 et
1217 1981 1294 2020 che
1321 1981 1361 2021 la
1388 1996 1460 2022 sua
1490 1984 1573 2023 ini..

119 2034 276 2076 micitia
316 2049 393 2090 per
429 2034 468 2074 la
508 2048 581 2075 sua
611 2032 821 2087 malignita
866 2046 951 2072 non
992 2047 1061 2072 era
1100 2047 1175 2087 per
1201 2035 1328 2076 havet·
1353 2039 1432 2077 mai
1463 2039 1572 2091 fine,

118 2090 301 2132 delibero
329 2091 518 2131 notificat
546 2104 569 2129 a
598 2088 840 2136 Meehemet,
875 2087 1039 2128 fratello
1068 2089 1118 2128 de
1149 2091 1296 2137 Moses,
1326 2091 1573 2135 demorante

117 2160 268 2187 ancora
314 2145 356 2186 in
394 2147 570 2193 Prusia,
610 2144 687 2184 che
713 2158 757 2184 se
782 2143 866 2184 ello
908 2158 978 2183 era
1006 2158 1080 2197 per
1105 2146 1244 2186 venire
1270 2147 1336 2187 alo
1365 2148 1568 2199 Scutario,

117 2201 158 2242 lo
183 2201 444 2257 imperadore
464 2199 628 2241 Manuel
655 2214 734 2240 con
763 2200 800 2239 le
825 2213 897 2239 sue
926 2198 1029 2254 galle
1056 2201 1100 2239 lu
1127 2203 1293 2242 menerh
1320 2218 1342 2242 a
1365 2202 1570 2247 Constan-

118 2258 312 2312 tinopoli.
353 2258 410 2298 Et
439 2271 483 2297 se
513 2258 644 2296 Moses
669 2269 745 2295 suo
778 2254 953 2295 fradello
985 2269 1027 2295 se
1069 2257 1292 2298 convenira
1323 2266 1365 2299 et
1396 2259 1567 2302 abbrac-

118 2313 293 2353 cim-asse
318 2327 397 2353 con
422 2312 496 2363 lui,
529 2310 896 2365 Constantinopoli
922 2311 1007 2351 sera
1034 2324 1108 2350 sua
1127 2327 1217 2351 casa
1243 2321 1285 2354 et
1314 2329 1389 2354 suo
1417 2329 1564 2357 securo

117 2368 318 2423 hospitio:
360 2383 427 2408 ma
468 2382 511 2408 se
537 2369 716 2422 sequisse
761 2365 798 2406 el
828 2366 1044 2406 contrario
1066 2396 1078 2415 ‚
1111 2366 1148 2406 la
1179 2369 1258 2408 cita
1285 2383 1447 2424 sempre
1473 2374 1566 2414 serf}

115 2437 192 2464 suo
221 2425 318 2464 fiolo
348 2432 542 2479 recep103
574 2430 616 2463 et
646 2437 724 2462 con
754 2420 894 2461 l'aiuto
919 2422 970 2462 de
997 2422 1066 2461 dio
1095 2428 1137 2463 et
1163 2437 1238 2463 suo
1265 2439 1354 2465 sera
1383 2426 1566 2469 vincitur

114 2479 222 2520 della
252 2480 427 2533 impresa
457 2486 502 2520 et
527 2478 810 2533 conquistator
849 2478 915 2517 del
941 2478 1114 2529 ducato,
1147 2486 1189 2518 et
1212 2481 1302 2520 sera
1330 2482 1485 2535 figliolo
1512 2483 1565 2525 de

113 2535 395 2599 l’imPerador.
468 2535 703 2575 Machemet
748 2532 956 2573 habiando
1000 2547 1077 2572 con
1119 2533 1273 2588 aliegro
1302 2550 1400 2578 core
1431 2538 1563 2580 inteso

112 2590 152 2630 le
181 2590 288 2631 dicte
314 2590 487 2645 parole,
517 2605 601 2630 non
631 2590 672 2630 fo
702 2603 824 2643 pegro
854 2603 878 2628 a
906 2588 1047 2628 venire
1074 2603 1097 2628 a
1130 2590 1318 2632 Scutar1‘0
1344 2607 1424 2633 con
1454 2601 1564 2635 tutto

114 2645 152 2686 el
180 2660 254 2686 suo
302 2646 498 2686 exercito.
557 2647 618 2685 Lo
664 2643 925 2698 impet-adore
962 2645 1094 2683 inteso
1138 2645 1228 2686 dela
1265 2661 1338 2687 sua
1379 2658 1558 2699 venata,

113 2701 220 2741 colle
247 2701 350 2755 galle
366 2700 684 2755 apparecchiate
707 2715 729 2739 a
749 2700 883 2754 quella
913 2699 1050 2739 banda
1078 2701 1227 2752 arx-ivo,
1255 2709 1297 2743 et
1322 2718 1401 2744 con
1432 2707 1559 2746 molta

114 2757 214 2796 festa
234 2758 269 2796 el
289 2757 414 2811 passo.
438 2764 478 2796 et
494 2757 759 2797 affrontatose
777 2769 854 2794 con
874 2755 1150 2806 Machemeto,
1177 2757 1291 2811 dopo
1320 2758 1358 2799 le
1385 2762 1560 2800 coniun-

113 2811 226 2852 tione
253 2812 356 2854 delle
382 2812 521 2854 dextre
551 2826 670 2852 mane
688 2842 698 2862 ,
730 2811 945 2852 caritevoli
974 2811 1074 2852 hasii
1103 2818 1145 2853 et
1173 2813 1490 2869 abbruzmnenti,
1520 2825 1558 2856 et
