1890 3204
564 179 641 222 ΑΙ)
681 181 802 224 CAP.
827 180 1046 223 xxan.
1086 178 1284 221 NOTAE.
1552 157 1664 214 615

207 288 354 334 vocat,
391 280 578 335 disserit,
622 290 663 323 et
699 284 810 324 inter
851 281 1133 336 proeliandum
1170 294 1194 321 a
1221 281 1302 321 suis
1356 279 1509 320 laesum
1547 281 1800 336 fuisse1³.2‹39

209 338 352 380 tradit.
409 338 619 378 Phraates
646 353 810 393 quoqne
839 338 1052 378 adeundus
1081 337 1150 377 lib.
1184 337 1206 376 '5
1239 350 1326 388 cap.
1364 349 1422 376 10.
1598 366 1601 370 .

278 415 284 421 »
318 395 372 434 Ρ.
400 407 494 449 270,
526 406 592 433 ιιι.
649 394 894 447 προστάττει
925 393 998 433 τοῦ
1026 386 1424 444 εὖθυδρομηθῆναι]
1485 391 1575 430 Hoc
1605 392 1668 432 fa..

207 455 322 489 ctum
362 448 488 490 fuisse
529 449 676 489 asserit
715 450 838 489 etiam
870 447 1106 489 Leonardus
1136 447 1340 497 Chiensis,
1367 454 1408 486 et
1437 460 1513 501 pei·
1540 448 1668 487 stadia

208 519 262 560 7⁰
290 511 406 545 terra
428 510 582 544 tractas
613 504 735 544 fuisse
761 505 945 544 biremes.
974 518 1036 544 res
1073 503 1264 557 equidem
1291 501 1449 554 ardua,
1490 509 1529 542 et
1555 501 1668 542 loco..

207 573 300 600 rum
329 560 485 614 peritis*
513 565 632 599 tanto
671 561 797 614 magis
841 558 1013 599 difficilis
1047 559 1233 609 videtur,
1266 557 1378 612 quod
1406 571 1430 597 e
1456 559 1564 606 mari
1594 573 1670 612 per

144 662 148 666 ἱ
205 613 360 655 clivum
386 627 548 656 sursum
576 614 799 655 trahendae
825 614 1005 655 fuerunt.
1062 616 1315 668 Augustinus
1349 613 1597 655 Iustinianus
1626 616 1667 654 in

208 669 435 710 Chronicis
469 670 756 711 Genuensibus
794 677 902 711 terrn
934 677 1084 711 tractas
1120 673 1160 710 in
1190 682 1322 724 aquas
1349 669 1486 709 dulces
1513 669 1641 709 tradit
1657 701 1668 721 ‚

205 724 249 765 id
275 731 335 767 est
362 725 405 765 in
437 724 659 766 fluviorum
689 726 892 781 Barbysae
932 734 972 766 et
1006 726 1178 779 Cydaris
1207 726 1334 774 ostia,
1363 725 1514 779 quibus
1543 726 1583 764 in
1615 726 1668 765 si·

203 793 307 820 num
337 781 578 821 Ceratinum
604 780 798 824 influunt.
855 780 1126 822 Leunclavius
1155 780 1224 820 lib.
1248 780 1669 822 &transvectionem

203 834 319 876 illam
346 835 604 891 navigiorum
630 844 738 876 terra
767 838 917 877 factam
946 837 1110 890 quoque
1139 836 1297 890 asserit,
1327 842 1373 875 ut
1400 842 1439 875 et
1468 836 1670 876 Laonicus

202 889 275 932 lib.
317 890 344 932 8
388 897 432 932 et
475 891 685 933 Phranzes
723 892 791 932 lib.
843 893 867 932 3
896 907 982 946 cap.
1024 906 1081 932 10.
1109 899 1217 932 extat
1257 890 1365 945 apud
1395 891 1598 932 Zonaram
1628 893 1669 932 in

201 945 352 987 Basilio
390 946 616 988 Macedone
651 954 692 987 et
720 948 826 1002 apud
860 947 1092 988 Cedrenum
1130 947 1212 988 tale
1237 945 1524 986 traductarum
1556 955 1669 988 terra

203 1002 375 1042 navium
421 1017 467 1043 ex
494 1017 579 1042 uno
612 1005 711 1042 mari
743 1005 783 1043 in
812 1001 924 1043 aliud
955 1001 1196 1056 exemplum.
1254 1002 1419 1042 Nicetas
1448 1002 1671 1057 Ooryphas

199 1057 423 1099 Saracenos
459 1065 505 1097 ut
539 1058 761 1112 imperatos
792 1065 834 1098 et
877 1073 923 1098 ex
956 1059 1180 1112 improviso
1208 1056 1479 1112 opprimeret,
1508 1072 1530 1097 e
1561 1060 1669 1098 Cen..

199 1111 422 1153 chi-earum
463 1119 586 1168 portu
610 1115 653 1153 in
681 1115 818 1154 sinum
849 1114 1158 1154 Corinthiacum
1196 1120 1311 1153 terra
1340 1113 1530 1153 traduxit.
1589 1116 1670 1153 Zo-

199 1181 320 1208 naras
347 1163 421 1208 διά
458 1167 533 1208 τοῦ
558 1165 663 1208 κατὰ
704 1165 925 1221 Κόρινθον
965 1167 1124 1218 ἰσθμοῦ
1157 1166 1323 1220 ταχέως
1354 1164 1570 1220 διαγαγών
1593 1167 1670 1217 τοὶς

199 1218 386 1277 τριήρεις
418 1222 464 1264 ἐν
487 1222 540 1278 τῇ
576 1223 682 1279 ξηρᾷ
731 1221 970 1264 ἐπιτίθεται
1010 1226 1094 1270 τοῖς
1124 1224 1339 1274 πολεμίοις
1366 1221 1557 1274 οἷνωϊστί.
1589 1239 1671 1280 pet·

197 1278 400 1318 Isthmum
439 1277 742 1320 Corz‘ntbiamem
785 1289 895 1319 terra
924 1281 1106 1320 triremes
1141 1280 1324 1320 celeriter·
1350 1280 1484 1320 traxit
1497 1309 1507 1328 ‚
1542 1289 1581 1319 et
1610 1295 1667 1320 ex

197 1334 421 1390 improviso
448 1334 593 1374 hostes·
610 1335 805 1374 adoritur.

311 1389 362 1429 P.
387 1401 481 1444 270,
511 1389 575 1429 23.
647 1388 724 1428 τοῦ
753 1389 907 1430 διπλοῦ
935 1390 1096 1442 κίονος]
1154 1389 1256 1429 Uno
1279 1389 1407 1429 verbo
1435 1389 1665 1431 Διπλοκιό-

196 1456 286 1484 νων
319 1443 488 1492 dicitur,
518 1444 668 1484 Turcis
685 1457 788 1484 vero
808 1445 1076 1494 Betziktaclzs,
1110 1445 1152 1484 id
1177 1452 1234 1484 est
1261 1445 1466 1484 Cunarum
1484 1444 1663 1494 Saxum,-

195 1499 308 1554 quod
347 1510 371 1539 a
403 1498 550 1539 Galata
595 1498 650 1539 ad
683 1499 866 1540 Pontum
908 1500 1115 1540 Euxinum
1157 1499 1445 1553 navigantibus
1474 1507 1569 1553 post
1595 1515 1661 1539 su-

193 1561 384 1608 peratum
410 1554 574 1608 locum,
602 1554 675 1609 qui
705 1555 916 1596 Ortachioi
937 1556 1195 1610 appellatur,
1224 1556 1277 1595 ad
1299 1555 1503 1595 sinistram
1525 1556 1659 1595 statim

192 1610 387 1654 occurrit.

308 1665 360 1709 Ρ.
392 1678 490 1723 27¹,
521 1680 559 1706 α.
633 1667 904 1720 φαλαγγίων]
970 1667 1197 1720 Phalangia
1224 1666 1332 1720 ligna
1354 1674 1480 1715 sunt,
1508 1666 1658 1720 quibus

192 1734 318 1760 naves
351 1721 452 1761 dum
484 1722 530 1761 in>
564 1729 716 1763 terram
762 1722 1052 1763 subducuntur
1091 1730 1163 1762 aut
1193 1722 1233 1760 in
1275 1722 1411 1762 navali
1454 1722 1658 1776 repositae

193 1781 330 1825 stant,
359 1776 594 1816 fulciuntur.
651 1777 860 1816 Phranzes
887 1779 1103 1818 adeundus
1138 1778 1206 1820 lib.
1239 1778 1260 1816 3
1307 1793 1393 1831 cap.
1428 1792 1486 1817 io.

306 1829 356 1871 Ρ.
388 1845 484 1886 ²7¹⁹
515 1831 553 1883 4.
621 1830 700 1871 τοῦ
738 1828 860 1882 ἱεροῦ
889 1833 1085 1885 στομίου]
1146 1834 1237 1872 Hoc
1266 1832 1357 1873 loco
1393 1831 1563 1882 στόμιον
1595 1830 1655 1872 ἱε-

193 1881 269 1937 ρὸν
298 1887 408 1926 iuxta
427 1883 720 1928 Διπλοκιόνιον
743 1887 943 1927 collocare
975 1889 1141 1928 videtur
1164 1890 1323 1937 Ducas,
1356 1888 1469 1927 unde
1492 1890 1655 1943 navigia

193 1942 236 1981 in
263 1942 395 1981 sinum
419 1943 658 1982 Ceratinum
694 1949 802 1981 terra
853 1950 984 1983 tracta
1015 1951 1120 1983 sunt.
1155 1943 1195 1982 in
1229 1958 1315 1997 quo
1356 1944 1541 1984 locorum
1574 1946 1653 1983 situ

193 2011 290 2036 cum
319 1996 446 2037 Giilio
472 2004 512 2037 et
534 1997 784 2037 Leunclavio
810 2012 892 2037 non
916 2002 1119 2039 consentit
1138 2029 1149 2049 ‚
1182 2001 1251 2052 qui
1281 1995 1416 2050 στόμα
1445 1996 1562 2051 ἱερὸν
1585 2013 1654 2039 su-

192 2067 266 2107 pra
304 2053 466 2093 castella
504 2053 643 2093 locant
679 2066 820 2093 versus
842 2054 1026 2094 Pontum
1052 2056 1259 2094 Euxinum
1277 2085 1289 2104 ,
1329 2056 1384 2094 ita
1413 2062 1603 2094 vocatum
1629 2070 1655 2094 a

190 2107 352 2162 templo
379 2110 490 2148 lovis
519 2108 638 2158 Urii,
666 2108 776 2161 quod
802 2110 841 2148 in
874 2110 1130 2151 Christianae
1167 2109 1370 2164 religionis
1401 2109 1603 2164 templum
1629 2125 1654 2150 a

189 2164 462 2204 Constantino
484 2177 631 2218 magno
657 2171 792 2215 postea
821 2172 1115 2205 commutatum
1144 2172 1216 2206 est.

300 2220 351 2259 P.
368 2233 463 2276 271,
484 2218 522 2270 4.
552 2217 626 2259 καί
653 2216 723 2259 ὅτε
739 2216 940 2271 ἠβούλετο
955 2215 1155 2261 ἀπολύειν
1181 2218 1313 2272 τ’.μ’.]
1344 2221 1433 2261 Hoc
1452 2221 1652 2261 bombar-

188 2274 326 2315 darius
353 2275 526 2315 faciebat
545 2303 558 2326 ‚
594 2281 642 2315 ut
675 2276 830 2315 certius
854 2275 1045 2330 dirigeret
1072 2279 1200 2316 ictum
1228 2277 1396 2316 maioris
1427 2278 1650 2329 tormenti3

189 2344 329 2384 quem,
350 2337 399 2370 ut
427 2330 711 2380 efficaciorem,
734 2330 785 2369 ad
810 2331 944 2370 locum
963 2332 1210 2371 destinatum
1225 2340 1341 2372 certo
1370 2333 1494 2387 dirigi
1522 2335 1651 2388 magis

187 2385 398 2427 intererat.
430 2386 634 2426 Laonicus
674 2387 743 2426 lih.
784 2385 811 2425 8
851 2394 990 2426 narrat
1032 2388 1082 2439 ad
1112 2388 1238 2428 latera
1265 2387 1429 2428 maioris
1457 2390 1649 2428 tormenti

189 2441 274 2481 duo
314 2442 474 2481 minora
503 2442 687 2495 apposita
727 2442 876 2490 fuisse,
907 2443 962 2482 ita
991 2450 1038 2482 ut
1066 2444 1200 2483 tribus
1236 2444 1474 2483 bombardis
1506 2459 1648 2483 murus
1662 2449 1703 2481 V.
1726 2461 1785 2493 ¹97

189 2504 433 2550 quateretur
454 2527 464 2544 ‚
515 2498 652 2551 primo
691 2496 944 2548 minoribus,
973 2499 1120 2538 maiori
1147 2500 1296 2539 deinde
1315 2529 1328 2554 ‚
1359 2501 1470 2553 quod
1498 2499 1651 2555 lapides

187 2559 468 2594 trecentarum
494 2551 697 2592 librarum
725 2552 863 2607 pondo
891 2553 1113 2594 emittebat.

252 2631 259 2637 -*
301 2608 352 2648 Ρ.
385 2621 481 2662 272,
512 2609 554 2649 8.
613 2601 666 2661 ἦν
696 2608 744 2649 δὲ
773 2604 868 2647 τότε
887 2606 1007 2649 ’κατὰ
1036 2607 1083 2649 τὸ
1108 2605 1206 2658 ἔθος
1234 2607 1485 2663 εὖρηθεῖσα]
1519 2612 1654 2661 Quot-

191 2663 308 2703 annis
336 2664 434 2704 feria
466 2664 489 2704 5
531 2665 700 2717 quintae
727 2665 974 2717 septimanae
1004 2666 1267 2717 ieiuniorum,
1298 2681 1391 2706 cum
1420 2666 1550 2717 μέγας
1579 2680 1654 2705 κα-

190 2716 273 2758 νών
299 2718 352 2759 ab
402 2719 569 2759 Andrea
609 2720 789 2760 Cretensi
833 2723 1083 2773 compositus
1126 2723 1350 2772 recitatur,
1380 2729 1500 2774 atque
1529 2723 1652 2761 etiam

190 2773 327 2828 vigilia
368 2776 501 2830 prima
542 2775 583 2815 in
628 2775 779 2829 palatio
809 2776 1077 2829 peragebatur
1097 2808 1108 2828 ,
1136 2778 1267 2832 imago
1296 2779 1340 2818 B.
1373 2779 1527 2816 Mariae
1559 2777 1653 2816 Vir·-
