1884 3216
328 221 347 256 1
360 188 429 258 32
663 219 845 262 DUCAE
872 217 1158 261 Mianms
1195 215 1419 273 NEPo‘ris

318 323 457 377 μαίων
477 352 489 375 ,
518 321 744 376 μηνύοντες
773 321 845 364 τόν
873 322 1058 363 θάνατον
1086 320 1301 373 Μαχομὲτ
1327 318 1401 361 καί
1424 316 1500 374 τὴν
1531 314 1758 376 α’ναγόρρυ-

320 403 388 430 σιν
417 388 597 442 Μοράτ,
626 386 700 429 καί
725 390 883 435 πίστεις
914 387 1178 434 α’νανεοῢντες
1203 383 1434 442 εἰρηνικάς,
1463 384 1522 436 ὥς
1548 383 1760 440 ἐθος,ςιόᾱ

320 453 429 502 νέοις
469 452 667 506 α’ρχηγοῖς
695 453 781 493 ’καί
808 448 992 506 ἡγεμόσι,
1067 447 1140 490 καί
1162 447 1244 504 γὰρ
1273 447 1492 504 ἐβούλοντο
1523 449 1575 494 τὰ
1598 452 1678 506 ’τῆς
1696 450 1759 510 ‚²⁰⁰

320 519 668 571 προοικοὸομῆσαι
708 517 780 558 καί
826 515 1080 571 α’σφαλίσαι,
1113 514 1172 564 ὥς
1193 513 1306 570 χρή,
1340 513 1409 558 διὰ
1437 513 1761 571 συνθηκῶνκαί

322 579 454 636 ὅρκων
482 580 584 634 μετὰ
627 583 704 622 τοῦ
736 578 947 635 Καραμάν
963 613 975 634 ,
1004 582 1076 623 καὶ
1099 578 1188 623 τότε
1218 580 1272 622 τὰ
1303 583 1378 636 τῆς
1407 582 1572 639 Θρᾴκης
1602 582 1798 634 σκέψαι-5

321 650 425 688 σθαι
452 644 706 701 περάσαντες
736 643 807 687 τὸν
838 646 1040 699 πορθμόν.
1071 643 1094 687 ὅ
1123 646 1168 688 δὲ
1196 645 1396 698 βασιλεύς
1419 645 1632 702 Μανουὴλ
1655 660 1760 701 προ-

323 711 519 767 αρπάσας
558 709 630 752 τόν
657 707 821 764 καιρόν,
860 712 1019 752 στέλλει
1046 709 1150 766 πρὸς
1188 709 1319 753 αὕτὸν
1345 713 1538 767 πρέσβεις
1563 710 1636 754 τὸν
1662 706 1761 754 Πα-

322 775 537 829 λαιολόγον
563 772 769 830 Λαχυνήν
806 774 880 817 καί
908 775 1113 830 Θεολόγον
1140 772 1341 832 Κόρακα,
1379 775 1438 826 ὥς
1466 778 1594 833 δῆθεν
1624 787 1762 832 παρα-

320 843 473 894 μυθῶν
490 842 562 882 καί
581 843 650 895 τῆς
671 836 801 896 ἀρχῆς
819 840 869 882 τὰ
892 840 1056 883 εἰσόὸια
1081 841 1433 895 συγχαιρόμενος,
1457 841 1562 896 πρὸς
1597 838 1760 890 τούτοις

218 910 308 957 P.74
321 906 696 959 ἀναμιμνήσκοντες
723 906 794 947 καί
816 904 893 961 τήν
918 907 993 949 τοῦ
1011 905 1166 962 πατρὸς
1198 905 1331 948 αὐτοῦ
1358 906 1582 963 ὑστεραίαν
1608 902 1759 963 βοῦλη-
1778 927 1825 953 ιο

319 986 402 1024 σιν,
434 971 648 1020 αἰτοῦντες
666 970 720 1012 τοὶ
745 971 894 1013 παιδία
914 973 1091 1027 δοθῆναι
1110 974 1165 1029 τῷ
1183 975 1369 1025 βασιλεῖ,
1388 971 1501 1028 εἴπερ
1534 970 1759 1026 βόιῖλονται

318 1037 363 1077 ἐν
387 1034 553 1092 ὁμονοίᾳ
582 1038 653 1078 καί
678 1031 842 1093 ἀγάπῃ,
873 1036 1017 1086 καθώς
1049 1039 1121 1079 καί
1144 1036 1252 1091 μετὰ
1279 1038 1357 1080 τοῦ
1387 1036 1544 1092 πατρὸς
1569 1030 1691 1093 ἦσαν.
1720 1040 1764 1080 εἰ

318 1103 358 1143 ‹5’
382 1101 431 1142 οὗ
460 1101 679 1154 βούλονται
709 1100 875 1144 διδόναι
901 1103 974 1143 καί
998 1108 1082 1152 τοῖς
1112 1109 1325 1159 πατρικοῖς
1351 1106 1526 1157 θεσμοῖς
1542 1100 1601 1158 μή
1629 1117 1760 1159 προσ-

317 1165 454 1221 ήκειν,
496 1163 621 1215 αύτὸς
649 1161 774 1221 ἤγουν
803 1167 825 1208 ὃ
869 1166 1068 1221 βασιλευς
1097 1166 1184 1222 ἔχει
1210 1167 1284 1210 τὸν
1314 1167 1503 1224 ἔφεδρον,
1531 1167 1605 1214 καί
1629 1167 1686 1217 ὥς
1714 1169 1762 1210 ε’ν,

317 1231 442 1288 ὅλίγῳ
480 1229 731 1286 καταστήσει
774 1234 917 1274 τοῦτον
955 1228 1140 1288 ἄρχοντα
1175 1232 1445 1284 Μακεδονίας
1482 1231 1555 1275 καὶ
1593 1234 1758 1288 Χερρο-
1774 1231 1824 1272 15

316 1294 444 1351 νήσου
490 1298 561 1338 καὶ
589 1297 725 1351 πάσης
755 1295 947 1354 Θρᾴκης,
990 1299 1080 1351 μετ’
1116 1299 1170 1339 ου’
1204 1297 1309 1340 πολι)
1346 1300 1392 1340 δὲ
1421 1296 1494 1339 καί
1513 1297 1662 1346 Ἀσίας
1688 1296 1761 1339 καὶ

315 1358 451 1415 πάσης
481 1356 607 1416 ἄλλης
640 1363 852 1416 ἀνατολῆς.
909 1362 1108 1417 ἐσήμαινε
1135 1365 1182 1405 δὲ
1207 1365 1267 1421 τῷ
1294 1365 1603 1419 προδηλωθέντι
1630 1364 1757 1405 Mov-

316 1429 477 1484 σταφᾷ.
535 1423 558 1467 ὅ
588 1428 635 1468 δὲ
663 1426 886 1481 Παγιαζήτ
916 1425 972 1476 ὧς
1005 1428 1050 1469 ἐκ
1079 1426 1300 1483 προσώπου
1340 1430 1417 1469 τοῦ
1441 1429 1536 1469 νέου
1566 1426 1759 1482 ἀρχηγοῦ

317 1492 503 1547 Μουράτ
531 1492 659 1534 ἔδωκε
683 1491 788 1548 πρὸς
815 1491 911 1542 τούς
940 1496 1132 1548 πρέσβεις
1160 1490 1406 1549 ἀπόκρισιν,
1440 1495 1570 1547 λέγων
1595 1491 1653 1542 ὥς
1680 1492 1756 1535 οὐκ

317 1555 404 1599 ἔστι
432 1558 558 1599 καλὸν
588 1560 663 1599 καί
690 1565 774 1609 τοῖς
803 1560 879 1601 τοῦ
906 1558 1119 1614 προφήτου
1147 1558 1405 1611 θεσπισμασι
1433 1559 1612 1614 συνᾷδον
1628 1561 1754 1601 Μου-
1769 1573 1820 1600 20

280 1622 565 1675 Βσουλμιίνων
604 1625 757 1672 παῖδας
794 1627 1025 1680 τρέφεσθαι
1053 1624 1166 1680 παρὰ
1208 1625 1471 1678 καβουρίδων
1497 1621 1571 1666 καί
1598 1625 1754 1666 παιδα-

316 1692 560 1742 γωγεῖσθαι,
602 1692 810 1731 τουτέστιν
853 1687 1035 1742 εὐσεβῶν
1072 1691 1226 1739 παῖδας
1253 1691 1350 1743 παρ’
1380 1691 1563 1731 α’πίστων
1595 1690 1757 1744 ἐπιτρο-

203 1758 245 1792 V.
262 1760 305 1805 59
317 1751 536 1805 πεύεσθαι.
607 1755 731 1808 ,,ιῖλλ’
755 1757 795 1797 εἰ
815 1758 930 1798 θέλει
965 1754 986 1798 ὁ
1011 1756 1209 1810 βασιλεύς
1226 1787 1239 1810 ,
1282 1756 1413 1809 ἐχέτω
1453 1754 1527 1809 τήν
1554 1753 1758 1810 ἡμετέραν

413 1857 464 1891 16.
487 1855 568 1902 μετ’
593 1854 661 1903 οὐ]
681 1854 730 1890 ου’
753 1858 832 1903 μετ’
862 1856 909 1890 οὔ
934 1856 968 1890 P.

316 1951 517 1990 peratorem
545 1946 744 1987 destinant,
770 1951 810 1980 ut
834 1947 930 1991 ipsos
956 1947 1000 1980 de
1046 1947 1261 1982 Mahometis
1288 1947 1390 1981 obitu
1417 1951 1453 1981 et
1476 1947 1626 1981 Mon-atis
1649 1949 1754 1981 inau-

317 1993 503 2036 guratione
528 1999 716 2027 monerent
742 2005 781 2026 ac
806 1995 902 2038 pacis
928 1994 1072 2028 foedera
1098 2000 1329 2036 renovarent,
1381 2005 1419 2027 ro
1447 2005 1545 2027 more
1572 2005 1593 2027 a
1620 1995 1753 2040 princi-

315 2039 421 2083 pibus
449 2039 494 2071 ad
518 2040 706 2084 imperium
724 2046 884 2073 recenter
898 2040 1094 2086 adsumptis
1111 2047 1292 2086 usurpato.
1318 2006 1424 2075 regua
1448 2041 1581 2074 etenim
1594 2040 1752 2076 Orientis

316 2086 489 2129 imprimis
515 2093 742 2131 prospectum
769 2087 964 2131 cupiebant
986 2094 1088 2132 pacta
1116 2098 1180 2133 per
1204 2087 1448 2121 iusiurandum
1465 2099 1544 2121 cum
1557 2087 1751 2121 Caramano

316 2132 486 2172 amicitia,
508 2144 590 2165 mox
607 2133 652 2166 ad
666 2145 721 2166 res
736 2133 913 2166 Thraciae
930 2145 1029 2167 curas
1047 2135 1262 2174 conversuri,
1289 2135 1351 2166 ubi
1370 2134 1407 2167 in
1423 2145 1499 2166 eam
1517 2134 1750 2168 traiecissem.

317 2184 354 2210 at
379 2179 572 2222 imperator
595 2180 741 2213 Manuel
768 2182 961 2224 praevertit
990 2182 1105 2213 missis
1133 2182 1258 2224 legatis
1287 2181 1495 2223 Palaeologo
1522 2179 1687 2223 Lachyne
1714 2186 1752 2214 et

317 2224 502 2268 Theologo
521 2225 663 2267 Corace,
688 2228 749 2271 qui
765 2228 938 2260 Moratem
968 2228 1237 2260 consolarentur
1253 2233 1289 2259 et
1304 2227 1497 2271 primordia
1512 2227 1655 2270 imperii
1680 2228 1750 2271 ipsi

316 2272 588 2314 gratularentur.
614 2273 658 2305 de
677 2279 855 2317 postrema
884 2274 1014 2306 deinde
1030 2274 1140 2319 patris
1159 2274 1234 2305 eius
1258 2274 1442 2306 voluntate
1459 2274 1678 2306 mentionem
1696 2274 1750 2307 fa-

316 2317 434 2357 ciunt,
453 2324 488 2349 et
511 2319 704 2351 secundum
734 2321 831 2352 illam
856 2321 1040 2365 postulant
1065 2330 1193 2365 pueros
1212 2320 1417 2364 imperatori
1434 2320 1549 2360 tradi,
1570 2319 1749 2364 siquidem

316 2364 541 2395 concordiam
562 2371 597 2398 et
612 2367 815 2407 amicitiam,
831 2378 923 2411 quae
939 2368 1032 2400 inter
1050 2377 1129 2399 eum
1147 2372 1354 2411 patremque
1369 2366 1443 2399 eius
1458 2367 1747 2406 intercesserunt,

315 2411 469 2453 integras
489 2422 528 2442 ac
545 2411 766 2456 incorruptas
782 2424 987 2457 permanere
1008 2415 1130 2447 velint.
1147 2412 1275 2457 quodsi
1298 2412 1438 2445 tradere
1466 2424 1594 2457 pueros
1618 2413 1748 2457 patris—

316 2467 386 2500 que
411 2457 548 2500 legibus
576 2458 820 2502 olentemperare
851 2461 1099 2500 recusaverint,
1125 2469 1358 2493 successorem
1379 2459 1473 2503 apud
1501 2470 1538 2492 se
1556 2459 1749 2503 imperator

314 2503 443 2542 habet,
462 2515 567 2547 quem
583 2504 680 2536 brevi
694 2506 926 2539 Macedoniae
944 2508 1150 2551 principem,
1164 2505 1372 2540 Chersonesi
1387 2517 1426 2537 ac
1445 2506 1555 2539 totius
1573 2505 1746 2538 Thraciae

314 2551 531 2590 constituat,
557 2552 742 2583 confestim
775 2554 881 2585 etiam
905 2554 1008 2587 Asiae
1035 2559 1071 2586 et
1093 2553 1201 2587 totius
1227 2552 1393 2584 Orientis.
1419 2552 1528 2596 idque
1557 2552 1746 2585 consilium

313 2607 418 2639 supra
437 2603 631 2629 memorato
648 2598 859 2643 Mustaphae
876 2600 1179 2644 aperuitManuel.
1205 2597 1251 2631 ad
1264 2598 1352 2630 haec
1365 2599 1538 2631 Baiazites
1562 2609 1626 2643 pro
1651 2609 1743 2630 novo

311 2643 526 2685 imperatore
554 2644 691 2676 Morate
716 2647 900 2689 respondit
923 2647 1068 2690 legatis:
1093 2657 1164 2678 non
1192 2656 1267 2678 esse
1291 2644 1493 2685 honestum,
1517 2655 1635 2688 neque
1659 2655 1743 2688 pro-

310 2689 442 2733 phetae
481 2690 632 2722 oraculis
670 2701 882 2733 consonum,
918 2694 1222 2726 Musulmanorum
1266 2690 1402 2724 liberos
1428 2691 1524 2735 apud
1548 2691 1741 2723 Cavuridas

311 2734 455 2768 educari
497 2741 533 2768 et
556 2737 716 2776 institui,
753 2737 818 2770 hoc
844 2745 897 2771 est
920 2740 1060 2783 piorum
1088 2739 1181 2771 filios
1207 2737 1272 2770 sub
1297 2738 1489 2781 impiorum
1514 2737 1625 2770 tutela
1651 2747 1736 2770 esse.

310 2782 396 2821 „sed
422 2783 452 2815 si
477 2783 563 2816 velit
587 2783 788 2827 imperator,
813 2786 1004 2818 amicitiam
1022 2785 1206 2819 nobiscum
1231 2785 1340 2825 ineat,
1367 2795 1515 2829 eamque
1542 2784 1635 2817 colat
1660 2783 1739 2816 iux-
