1884 3216
301 141 411 199 256
647 159 828 203 nucu:
858 158 1145 202 Mianms
1181 157 1405 210 NEPo‘ns
1446 187 1448 190 -

301 265 438 307 πάντα
484 263 752 316 οἶκονομῶντι
778 258 884 316 πρὸς
910 258 955 302 τὸ
989 262 1220 316 συμφέρον.
1278 261 1370 305 ἀλλ’
1400 257 1422 301 ὅ
1451 259 1557 312 λαός
1586 259 1611 302 ὅ
1633 251 1750 316 Run-

301 328 376 385 νής
407 330 478 370 καί
507 326 745 382 μισόκαλος,
772 325 799 380 ἦ
833 322 932 380 ῥίζα
974 325 1050 379 τῆς
1077 325 1416 382 ὖπερηφανειάς,
1446 323 1469 366 ὅ
1497 323 1648 376 κλάδος
1671 325 1748 388 τῆς
1799 329 1802 331 ’

303 392 546 447 κενοδοξίας,
573 391 620 435 τὸ
641 387 768 440 ανθος
787 391 861 445 τῆς
888 388 1297 472 ὖψηλοφροσῦνης,“
1271 409 1296 446 η
1322 394 1474 446 τρυγία
1501 391 1577 433 τοῦ
1602 383 1749 447 γέγους

303 476 387 503 των
407 458 645 513 ζΕλλήνων,
671 455 697 511 ἦ
735 455 1060 510 καταφρονοῦσα
1086 454 1137 497 τὰ
1165 458 1260 511 γένη
1290 472 1373 498 των
1406 453 1644 511 ἀνθρώπων
1671 467 1748 498 κα-

197 575 200 578 *
305 521 565 581 ταφρόνησις
606 518 786 576 ἀληθινή
804 552 817 572 ,
855 516 993 560 πάντα
1030 519 1084 561 τὰ
1109 515 1307 596 γενόμενα
1341 522 1571 575 ἐλογίζοντο
1603 517 1662 570 ὥς
1686 516 1786 574 μῆ5

179 603 214 636 P.
233 601 295 646 ¹44
306 588 517 646 γενόμενα.
580 585 720 640 ε’λεγον
766 579 842 626 ουν
889 582 1126 637 ὁμιλοῦντες
1151 584 1190 626 οἱ
1229 587 1302 640 τῆς
1331 583 1516 636 ἐνιόσεως
1543 590 1629 635 τοῖς
1652 599 1750 639 σχι-

308 659 524 707 σματικοῖς
563 665 723 707 ,,αφετε
762 647 918 702 ιδωμεν
947 651 987 690 εἰ
1013 646 1158 704 ε’ξάραι
1188 647 1209 690 ὃ
1238 649 1336 699 θεὸς
1366 648 1438 692 τὸν
1466 648 1626 706 ἐχθρὸν
1653 663 1750 692 του-

307 735 380 763 τον
424 716 499 761 τὸν
541 712 849 769 ἀνθιστάμενον
892 714 1015 769 ἡμῖν,
1049 714 1123 757 τὸν
1151 716 1283 769 μέγαν
1311 715 1516 771 δράκοντα
1543 710 1753 767 τὸννκαυ-

306 783 499 840 χεόμενον
547 779 682 837 ἄρδην
726 787 945 823 καταπιεῖν
985 779 1060 835 τήν
1099 780 1241 822 πόλιν·
1298 785 1371 824 καί
1406 780 1498 823 τότε
1527 775 1687 834 ὄψεσθε
1714 781 1756 822 εἰ

309 855 397 900 τοῖς
426 850 648 902 ἀζυμίταις
675 846 796 901 ἡμεῖς
818 842 1081 899 ἓνωθῶμεν.”
1144 848 1282 888 ταῦτα
1311 848 1496 900 λέγοντες
1527 845 1603 888 ov’x
1630 843 1750 900 ἔγνω·
1770 861 1816 888 ιο

174 924 215 958 V.
236 925 390 959 ιιὸσαν
433 913 472 956 οἱ
513 910 658 955 ἄθλιοι
698 908 765 953 ὅτι
807 911 847 953 οἱ
895 912 1088 953 τοσοῦτοι
1119 907 1235 965 ὅρκοι
1267 913 1385 953 ἕνεκα
1415 912 1488 965 τῆς
1516 909 1754 960 συστάσεως

310 983 383 1023 καί
410 979 606 1033 ὁμονοίας
632 980 714 1021 τῶν
733 977 1005 1032 Χριστιανῶν
1033 970 1162 1031 ἤγουν
1181 977 1263 1018 τῶν
1291 977 1541 1031 ἐκκλησιῶν,
1569 975 1596 1031 ἦ
1621 977 1667 1018 ἐν
1694 977 1756 1033 τῷ

311 1043 571 1101 Λουγδούνῳ
614 1044 811 1098 γενομένη
840 1041 1012 1090 σύνοδος
1050 1042 1094 1082 ἐν
1120 1047 1211 1090 ταῖς
1251 1041 1428 1096 ἡμέραις
1472 1039 1548 1082 τοῦ
1585 1038 1761 1096 πρώτου

312 1108 629 1163 ΙΙαλαιολόγου,
658 1108 684 1164 ἦ
717 1109 761 1150 ὲν
783 1107 1027 1164 Φλωρεντία
1043 1107 1241 1161 γενομένη
1267 1106 1441 1155 σύνοδος
1469 1107 1514 1149 ἐν
1538 1110 1632 1155 ταῖς
1642 1102 1758 1185 vifis:

312 1193 409 1232 ραις
432 1178 506 1219 τοῦ
534 1173 717 1216 ὑστάτου
750 1189 836 1215 των
854 1175 1063 1227 βασιλέων
1079 1169 1398 1226 Παλαιολόγων,
1432 1188 1507 1214 και
1531 1172 1606 1214 νῦν
1632 1172 1679 1214 ἐν
1703 1172 1758 1228 τῇ
1773 1177 1821 1219 15

311 1242 409 1283 θεία
439 1240 512 1282 καί
531 1238 624 1296 ἱερα
650 1239 924 1294 μυσταγωγίᾳ
950 1254 1072 1292 αυτη,
1106 1237 1143 1279 οἱ
1164 1235 1376 1292 γενόμενοι
1407 1253 1487 1279 συν
1507 1235 1760 1293 α’φορισμοῖς

276 1322 302 1353 Β
315 1305 516 1355 αλύτοις’
497 1308 562 1349 εντ’
575 1302 749 1357 ὀνόματι
764 1305 839 1358 τῆς
859 1303 979 1357 ἁγίας
997 1302 1180 1357 τριάδος,
1196 1304 1406 1355 μέλλωσιν
1422 1303 1570 1357 ἐξᾶραι
1585 1299 1632 1342 τὸ
1650 1318 1759 1358 μνη-

313 1372 496 1427 μόσυνον
516 1370 656 1413 αὕτῶν
684 1373 730 1412 ἐκ
756 1372 832 1425 γῆς
860 1368 932 1411 καί
956 1367 1035 1411 σύν
1063 1371 1206 1420 αὐτοῖς
1231 1367 1368 1423 τὸτῆς
1386 1368 1555 1419 πόλεως.
1583 1365 1621 1412 αἶ
1635 1365 1759 1413 ἅθλι-

316 1453 356 1480 οι
365 1471 380 1491 ,
411 1438 457 1479 τί
479 1434 576 1478 κενὰ
600 1438 796 1489 μελετᾶτε
823 1436 869 1477 ἐν
893 1440 985 1483 ταῖς
1013 1435 1206 1489 καρδίαις
1230 1433 1376 1487 ὖμῶνς
1424 1431 1535 1488 ἰδού,
1565 1434 1606 1477 οἱ
1631 1435 1758 1492 ἱερεῖς

315 1518 394 1546 σου
423 1503 498 1544 καί
523 1500 568 1543 αἱ
597 1500 747 1556 ἱέρειαι
781 1499 852 1542 καὶ
878 1499 917 1542 οἱ
957 1502 1143 1554 μοναχοί
1163 1515 1239 1541 σου
1268 1498 1342 1542 καὶ
1381 1499 1419 1541 οἱ
1457 1498 1651 1556 νεωκόροι
1688 1502 1759 1544 καὶ
1770 1519 1822 1546 20

318 1567 364 1612 άὶ
383 1566 601 1624 νεωκόραι,
634 1567 677 1609 οἳ
696 1566 773 1608 οὐκ
800 1561 954 1620 ἤθελον
978 1566 1223 1621 κοινωνῆσαι
1240 1567 1317 1611 τοῦ
1334 1562 1545 1622 ἄχραντον
1566 1565 1760 1620 σώματος

320 1736 402 1770 urbi
428 1736 514 1768 ferri
550 1733 786 1779 procurabat3
827 1734 970 1778 segnius
998 1739 1119 1767 tamen
1154 1745 1194 1767 ac
1220 1735 1400 1768 remissius
1425 1734 1471 1767 ab
1500 1745 1543 1768 eo
1568 1735 1607 1768 id
1629 1739 1758 1768 actum.

322 1789 359 1817 et
383 1793 475 1828 quae
515 1781 684 1825 deinceps
720 1780 948 1822 acciderunt,
986 1781 1252 1814 excusationem
1284 1782 1480 1826 legitimam
1513 1792 1628 1826 papae
1652 1781 1761 1814 mini-

323 1834 502 1870 strarunt3
537 1833 573 1861 et
609 1827 755 1859 illorum
792 1838 936 1860 casuum
969 1828 1135 1873 plerique
1171 1827 1230 1860 dei
1249 1828 1427 1861 voluntati
1459 1827 1630 1873 adscripti
1657 1833 1760 1869 sunt,

323 1876 387 1921 qui
413 1880 540 1908 cuncta
565 1873 611 1907 ad
635 1873 762 1906 utilem
788 1874 896 1906 finem
921 1873 1054 1918 dirigit.
1080 1885 1202 1907 verum
1227 1875 1329 1919 plebs
1354 1875 1452 1915 fera,
1477 1874 1583 1915 bonis
1608 1875 1761 1915 infensa,

323 1922 548 1967 arrogantiae
579 1931 723 1965 germen
760 1926 796 1954 et
831 1920 954 1961 radix,
993 1932 1105 1954 vanae
1132 1921 1266 1965 gloriae
1293 1932 1431 1962 ramus,
1457 1921 1646 1976 superbiae
1672 1920 1761 1962 flos,

323 1970 405 2003 faex
429 1968 587 2001 nationis
613 1967 793 2007 Graecae,
834 1978 927 2012 quae
954 1972 1089 2000 ceteras
1123 1973 1244 2011 gentes
1269 1968 1583 2013 contemptibilis‘
1572 1979 1650 2012 ipsa
1675 1978 1763 2001 oon-

322 2016 471 2056 temnit,
516 2019 596 2047 acta
626 2014 746 2046 omnia
777 2025 841 2058 pro
873 2013 1017 2047 infectis
1056 2015 1257 2059 reputabat.
1298 2016 1361 2060 qui
1401 2025 1482 2058 ergo
1510 2014 1761 2047 henoticorum

323 2068 443 2108 partes
468 2062 581 2094 secuti
618 2072 697 2093 cum
739 2060 973 2093 schismaticis
1015 2061 1333 2106 colloquebantur,
1376 2061 1432 2094 his
1456 2061 1680 2094 sermonibus
1703 2061 1760 2093 usi

325 2114 418 2142 sunt.
447 2108 586 2144 ‚Sinite
609 2107 813 2147 videamus,
838 2108 991 2140 tollatne
1017 2108 1104 2140 deus
1128 2108 1223 2140 hunc
1246 2107 1397 2149 hostem,
1416 2107 1606 2140 draconem
1634 2107 1762 2140 imma-

325 2166 418 2196 nem,
445 2155 507 2199 qui
533 2155 571 2187 in
595 2154 672 2186 acie
697 2159 819 2186 contra
843 2165 909 2186 nos
934 2159 1024 2195 stat,
1050 2155 1112 2198 qui
1138 2155 1230 2187 hanc
1256 2154 1381 2187 urbem
1404 2155 1548 2198 penitus
1569 2154 1761 2186 devoratu-

327 2213 403 2234 rum
434 2212 470 2233 se
506 2201 625 2234 iactat.
661 2200 691 2234 si
717 2200 805 2233 deus
846 2211 926 2233 eum
950 2200 1169 2245 perdiderit,
1209 2207 1426 2246 compertum
1453 2200 1555 2234 vobis
1579 2205 1665 2233 tunc
1687 2200 1761 2232 cla-

327 2258 477 2292 rumque
496 2248 573 2288 erit,
600 2258 646 2280 an
662 2258 742 2280 cum
757 2248 916 2290 azymitis
931 2248 969 2280 in
983 2247 1208 2280 concordiam
1235 2253 1271 2280 et
1296 2247 1489 2280 amicitiam
1514 2246 1762 2279 redierimusss

328 2295 417 2328 haec
453 2305 531 2326 cum
557 2295 732 2327 iaetarent
766 2294 908 2335 miseri,
946 2304 1067 2326 eorum
1091 2300 1248 2327 mentem
1272 2305 1344 2326 non
1369 2292 1515 2326 subibat
1540 2298 1680 2326 tantum
1704 2298 1763 2326 to-

328 2342 471 2385 tiesque
496 2340 540 2372 ab
565 2341 652 2385 ipsis
677 2341 888 2385 repetitum,
914 2341 1012 2385 pacis
1039 2352 1078 2373 ac
1103 2339 1313 2373 concordiae
1339 2340 1620 2373 Christianarum
1647 2340 1762 2372 eccle-

329 2388 460 2421 siarum
490 2386 729 2421 stabiliendae
755 2398 860 2420 causa
875 2413 884 2428 ,
908 2386 1175 2428 iusiurandum,
1202 2398 1279 2420 cum
1303 2387 1341 2419 in
1367 2387 1521 2419 concilio
1545 2385 1763 2431 Lugdunen—

330 2435 379 2475 si,
406 2445 484 2466 cum
512 2439 674 2478 regnaret
711 2434 1002 2478 Palaeologorum
1026 2434 1184 2478 primus,
1208 2439 1283 2466 tum
1307 2433 1345 2465 in
1371 2433 1581 2466 Florentino
1605 2431 1672 2465 sub
1695 2433 1764 2465 im-

329 2486 495 2525 peratore
519 2481 792 2524 Palaeologinae
816 2481 936 2525 stirpis
962 2481 1112 2521 ultimo,
1143 2492 1184 2513 ac
1209 2480 1411 2524 nuperrime
1437 2480 1534 2512 inter
1559 2490 1692 2512 sacram
1716 2479 1763 2511 li-

330 2527 481 2571 turgiam
513 2526 790 2559 celebrandum:
833 2527 880 2559 ob
905 2528 1120 2572 repetitum,
1149 2527 1319 2572 inquam,
1350 2525 1596 2559 iusiurandum
1622 2536 1763 2558 excom-

331 2573 584 2606 municationis
620 2573 826 2606 insolubilis
859 2574 1067 2607 conditione
1105 2574 1143 2606 in
1169 2574 1202 2606 S
1229 2573 1418 2606 Trinitatis
1449 2573 1595 2606 nomine
1618 2571 1762 2611 addita,

331 2620 539 2653 memoriam
564 2620 723 2663 ipsorum
747 2631 788 2652 ac
814 2620 912 2653 urbis
938 2621 1033 2653 inter
1064 2620 1226 2653 homines
1255 2619 1445 2652 delendam
1470 2620 1556 2652 sore.
1583 2629 1604 2651 ο
1629 2619 1763 2659 miseri,

333 2678 395 2699 cur
434 2666 603 2699 inanibus
637 2667 916 2710 cogitationibus
953 2668 1089 2700 animos
1113 2673 1248 2701 vestros
1283 2666 1452 2710 pascitis?
1492 2676 1573 2698 ecce
1598 2664 1764 2698 sacerdo-

332 2719 386 2747 tes
414 2714 488 2755 tui,
528 2712 714 2755 monachi,
739 2713 934 2755 moniales,
966 2713 1104 2747 aeditui
1145 2719 1180 2747 et
1204 2712 1417 2754 aeditimae,
1442 2713 1506 2758 qui
1529 2711 1764 2746 ministranti-

1669 2829 1677 2844 ἐ
