<?xml version="1.0" encoding="UTF-8"?>
<!DOCTYPE html PUBLIC "-//W3C//DTD XHTML 1.0 Transitional//EN"
    "http://www.w3.org/TR/xhtml1/DTD/xhtml1-transitional.dtd">
<html xmlns="http://www.w3.org/1999/xhtml" xml:lang="en" lang="en">
 <head>
  <title>
</title>
<meta http-equiv="Content-Type" content="text/html;charset=utf-8" />
  <meta name='ocr-system' content='tesseract 3.04.00' />
  <meta name='ocr-capabilities' content='ocr_page ocr_carea ocr_par ocr_line ocrx_word'/>
</head>
<body>
  <div class='ocr_page' id='page_1' title='image "./corpusscriptorum11niebuoft_0452.png"; bbox 0 0 1916 3210; ppageno 0'>
   <div class='ocr_carea' id='block_1_1' title="bbox 329 151 1288 222">
    <p class='ocr_par' dir='ltr' id='par_1_1' title="bbox 329 151 1288 222">
     <span class='ocr_line' id='line_1_1' title="bbox 329 151 1288 222; baseline -0.002 -13"><span class='ocrx_word' id='word_1_1' title='bbox 329 151 446 222; x_wconf 76' lang='grc'><strong>434</strong></span> <span class='ocrx_word' id='word_1_2' title='bbox 807 166 991 210; x_wconf 65' lang='lat' dir='ltr'><strong>nvem</strong></span> <span class='ocrx_word' id='word_1_3' title='bbox 1022 164 1288 208; x_wconf 66' lang='grc'><strong>1115101011</strong></span> 
     </span>
    </p>
   </div>
   <div class='ocr_carea' id='block_1_2' title="bbox 248 264 1768 2786">
    <p class='ocr_par' dir='ltr' id='par_1_2' title="bbox 248 264 1768 2786">
     <span class='ocr_line' id='line_1_2' title="bbox 328 264 1764 324; baseline -0.002 -12"><span class='ocrx_word' id='word_1_4' title='bbox 328 284 412 312; x_wconf 82' lang='lat' dir='ltr'><strong>cun</strong></span> <span class='ocrx_word' id='word_1_5' title='bbox 459 275 657 324; x_wconf 84' lang='lat' dir='ltr'><strong>suspecto.</strong></span> <span class='ocrx_word' id='word_1_6' title='bbox 692 275 733 311; x_wconf 87' lang='lat' dir='ltr'><strong>et</strong></span> <span class='ocrx_word' id='word_1_7' title='bbox 776 282 851 322; x_wconf 87' lang='lat' dir='ltr'><strong>per</strong></span> <span class='ocrx_word' id='word_1_8' title='bbox 875 281 999 320; x_wconf 68' lang='lat' dir='ltr'><strong>aeguo</strong></span> <span class='ocrx_word' id='word_1_9' title='bbox 1038 266 1090 306; x_wconf 83' lang='lat' dir='ltr'><strong>de</strong></span> <span class='ocrx_word' id='word_1_10' title='bbox 1116 279 1258 306; x_wconf 81' lang='lat' dir='ltr'><strong>amore</strong></span> <span class='ocrx_word' id='word_1_11' title='bbox 1301 271 1341 305; x_wconf 85' lang='lat' dir='ltr'><strong>et</strong></span> <span class='ocrx_word' id='word_1_12' title='bbox 1363 264 1415 305; x_wconf 89' lang='lat' dir='ltr'><strong>de</strong></span> <span class='ocrx_word' id='word_1_13' title='bbox 1439 277 1543 318; x_wconf 82' lang='lat' dir='ltr'><strong>pace</strong></span> <span class='ocrx_word' id='word_1_14' title='bbox 1566 264 1605 306; x_wconf 69' lang='lat' dir='ltr'><strong>d</strong></span> <span class='ocrx_word' id='word_1_15' title='bbox 1628 264 1764 309; x_wconf 73' lang='lat' dir='ltr'>dunh-</span> 
     </span>
     <span class='ocr_line' id='line_1_3' title="bbox 327 320 1764 375; baseline -0.003 -9"><span class='ocrx_word' id='word_1_16' title='bbox 327 327 419 366; x_wconf 79' lang='grc'><strong>(1616</strong></span> <span class='ocrx_word' id='word_1_17' title='bbox 455 325 613 365; x_wconf 86' lang='lat' dir='ltr'><strong>Fochie</strong></span> <span class='ocrx_word' id='word_1_18' title='bbox 658 324 808 364; x_wconf 77' lang='lat' dir='ltr'><strong>mando</strong></span> <span class='ocrx_word' id='word_1_19' title='bbox 835 337 858 362; x_wconf 88' lang='lat' dir='ltr'><strong>a</strong></span> <span class='ocrx_word' id='word_1_20' title='bbox 894 321 1047 361; x_wconf 85' lang='lat' dir='ltr'><strong>salutar</strong></span> <span class='ocrx_word' id='word_1_21' title='bbox 1073 321 1251 361; x_wconf 84' lang='lat' dir='ltr'><strong>Sarchan</strong></span> <span class='ocrx_word' id='word_1_22' title='bbox 1280 334 1359 360; x_wconf 89' lang='lat' dir='ltr'><strong>con</strong></span> <span class='ocrx_word' id='word_1_23' title='bbox 1388 320 1489 359; x_wconf 90' lang='lat' dir='ltr'><strong>doni</strong></span> <span class='ocrx_word' id='word_1_24' title='bbox 1514 320 1568 360; x_wconf 84' lang='lat' dir='ltr'><strong>de</strong></span> <span class='ocrx_word' id='word_1_25' title='bbox 1595 320 1764 375; x_wconf 54' lang='lat' dir='ltr'><strong>asprix</strong></span> 
     </span>
     <span class='ocr_line' id='line_1_4' title="bbox 325 372 1764 430; baseline -0.001 -10"><span class='ocrx_word' id='word_1_26' title='bbox 325 380 437 420; x_wconf 81' lang='lat' dir='ltr'><strong>milia</strong></span> <span class='ocrx_word' id='word_1_27' title='bbox 463 380 678 423; x_wconf 80' lang='lat' dir='ltr'><strong>d’arzento.</strong></span> <span class='ocrx_word' id='word_1_28' title='bbox 732 376 920 418; x_wconf 59' lang='lat' dir='ltr'><strong>Et&#39;duro</strong></span> <span class='ocrx_word' id='word_1_29' title='bbox 948 372 1083 430; x_wconf 81' lang='lat' dir='ltr'><strong>quella</strong></span> <span class='ocrx_word' id='word_1_30' title='bbox 1111 375 1286 416; x_wconf 79' lang='lat' dir='ltr'><strong>amicitia</strong></span> <span class='ocrx_word' id='word_1_31' title='bbox 1316 375 1369 415; x_wconf 84' lang='lat' dir='ltr'><strong>da</strong></span> <span class='ocrx_word' id='word_1_32' title='bbox 1395 373 1491 429; x_wconf 82' lang='lat' dir='ltr'><strong>quel</strong></span> <span class='ocrx_word' id='word_1_33' title='bbox 1514 376 1764 429; x_wconf 29' lang='lat' dir='ltr'><strong>tempoffiue</strong></span> 
     </span>
     <span class='ocr_line' id='line_1_5' title="bbox 327 430 1765 479; baseline -0.005 -3"><span class='ocrx_word' id='word_1_34' title='bbox 327 435 368 476; x_wconf 82' lang='lat' dir='ltr'><strong>al</strong></span> <span class='ocrx_word' id='word_1_35' title='bbox 395 435 573 475; x_wconf 86' lang='lat' dir='ltr'><strong>duchato</strong></span> <span class='ocrx_word' id='word_1_36' title='bbox 603 434 654 473; x_wconf 90' lang='lat' dir='ltr'><strong>de</strong></span> <span class='ocrx_word' id='word_1_37' title='bbox 681 435 847 473; x_wconf 83' lang='lat' dir='ltr'><strong>Murato</strong></span> <span class='ocrx_word' id='word_1_38' title='bbox 869 460 880 479; x_wconf 90' lang='lat'>‚</span> <span class='ocrx_word' id='word_1_39' title='bbox 912 430 989 470; x_wconf 86' lang='lat' dir='ltr'><strong>che</strong></span> <span class='ocrx_word' id='word_1_40' title='bbox 1013 430 1163 471; x_wconf 86' lang='lat' dir='ltr'><strong>forono</strong></span> <span class='ocrx_word' id='word_1_41' title='bbox 1192 433 1287 471; x_wconf 85' lang='lat' dir='ltr'><strong>anni</strong></span> <span class='ocrx_word' id='word_1_42' title='bbox 1316 430 1526 470; x_wconf 78' lang='lat' dir='ltr'>CLXXX.</span> <span class='ocrx_word' id='word_1_43' title='bbox 1580 430 1661 471; x_wconf 75' lang='lat' dir='ltr'><strong>P-oi</strong></span> <span class='ocrx_word' id='word_1_44' title='bbox 1689 443 1765 472; x_wconf 78' lang='lat' dir='ltr'><strong>ve.</strong></span> 
     </span>
     <span class='ocr_line' id='line_1_6' title="bbox 313 484 1761 540; baseline -0.003 -10"><span class='ocrx_word' id='word_1_45' title='bbox 313 496 511 530; x_wconf 54' lang='lat' dir='ltr'><strong>*umente</strong></span> <span class='ocrx_word' id='word_1_46' title='bbox 554 489 629 528; x_wconf 90' lang='lat' dir='ltr'><strong>che</strong></span> <span class='ocrx_word' id='word_1_47' title='bbox 656 489 798 527; x_wconf 85' lang='lat' dir='ltr'><strong>Genua</strong></span> <span class='ocrx_word' id='word_1_48' title='bbox 834 485 997 525; x_wconf 87' lang='lat' dir='ltr'><strong>redusse</strong></span> <span class='ocrx_word' id='word_1_49' title='bbox 1036 485 1075 525; x_wconf 84' lang='lat' dir='ltr'><strong>el</strong></span> <span class='ocrx_word' id='word_1_50' title='bbox 1101 500 1174 526; x_wconf 90' lang='lat' dir='ltr'><strong>suo</strong></span> <span class='ocrx_word' id='word_1_51' title='bbox 1203 499 1383 540; x_wconf 85' lang='lat' dir='ltr'><strong>governo</strong></span> <span class='ocrx_word' id='word_1_52' title='bbox 1413 484 1461 525; x_wconf 84' lang='lat' dir='ltr'><strong>ad</strong></span> <span class='ocrx_word' id='word_1_53' title='bbox 1489 484 1761 527; x_wconf 65' lang='lat' dir='ltr'><strong>statadimm</strong></span> 
     </span>
     <span class='ocr_line' id='line_1_7' title="bbox 328 538 1765 595; baseline -0.003 -10"><span class='ocrx_word' id='word_1_54' title='bbox 328 547 499 585; x_wconf 83' lang='lat' dir='ltr'><strong>craticos</strong></span> <span class='ocrx_word' id='word_1_55' title='bbox 517 574 529 594; x_wconf 95' lang='lat'>‚</span> <span class='ocrx_word' id='word_1_56' title='bbox 560 543 607 582; x_wconf 84' lang='lat' dir='ltr'><strong>id</strong></span> <span class='ocrx_word' id='word_1_57' title='bbox 632 551 688 581; x_wconf 79' lang='lat' dir='ltr'><strong>est</strong></span> <span class='ocrx_word' id='word_1_58' title='bbox 712 540 940 595; x_wconf 85' lang='lat' dir='ltr'><strong>populare,</strong></span> <span class='ocrx_word' id='word_1_59' title='bbox 967 554 1090 580; x_wconf 88' lang='lat' dir='ltr'><strong>usava</strong></span> <span class='ocrx_word' id='word_1_60' title='bbox 1130 541 1326 581; x_wconf 83' lang='lat' dir='ltr'><strong>mandare</strong></span> <span class='ocrx_word' id='word_1_61' title='bbox 1369 538 1465 593; x_wconf 83' lang='lat' dir='ltr'><strong>ogni</strong></span> <span class='ocrx_word' id='word_1_62' title='bbox 1493 553 1630 591; x_wconf 68' lang='lat' dir='ltr'><strong>anno,</strong></span> <span class='ocrx_word' id='word_1_63' title='bbox 1651 553 1765 588; x_wconf 42' lang='lat' dir='ltr'><strong>&#39;over</strong></span> 
     </span>
     <span class='ocr_line' id='line_1_8' title="bbox 327 593 1761 654; baseline -0.002 -15"><span class='ocrx_word' id='word_1_64' title='bbox 327 614 403 654; x_wconf 88' lang='lat' dir='ltr'><strong>per</strong></span> <span class='ocrx_word' id='word_1_65' title='bbox 429 599 502 653; x_wconf 76' lang='grc' dir='ltr'><strong>Ρίἰι</strong></span> <span class='ocrx_word' id='word_1_66' title='bbox 543 598 668 650; x_wconf 89' lang='lat' dir='ltr'><strong>longo</strong></span> <span class='ocrx_word' id='word_1_67' title='bbox 695 602 835 649; x_wconf 85' lang='lat' dir='ltr'>tempo</span> <span class='ocrx_word' id='word_1_68' title='bbox 851 625 864 644; x_wconf 84' lang='lat'><strong>,</strong></span> <span class='ocrx_word' id='word_1_69' title='bbox 904 595 932 635; x_wconf 84' lang='lat' dir='ltr'><strong>li</strong></span> <span class='ocrx_word' id='word_1_70' title='bbox 961 595 1023 635; x_wconf 91' lang='lat' dir='ltr'><strong>soi</strong></span> <span class='ocrx_word' id='word_1_71' title='bbox 1056 594 1215 636; x_wconf 80' lang='lat' dir='ltr'><strong>officiali</strong></span> <span class='ocrx_word' id='word_1_72' title='bbox 1241 595 1319 636; x_wconf 83' lang='lat' dir='ltr'><strong>alle</strong></span> <span class='ocrx_word' id='word_1_73' title='bbox 1342 602 1462 648; x_wconf 81' lang='lat' dir='ltr'><strong>parte</strong></span> <span class='ocrx_word' id='word_1_74' title='bbox 1488 594 1540 635; x_wconf 87' lang='lat' dir='ltr'><strong>de</strong></span> <span class='ocrx_word' id='word_1_75' title='bbox 1563 593 1761 647; x_wconf 72' lang='lat' dir='ltr'><strong>Oriente,</strong></span> 
     </span>
     <span class='ocr_line' id='line_1_9' title="bbox 326 649 1766 704; baseline -0.001 -12"><span class='ocrx_word' id='word_1_76' title='bbox 326 654 405 694; x_wconf 82' lang='lat' dir='ltr'><strong>alle</strong></span> <span class='ocrx_word' id='word_1_77' title='bbox 434 653 567 693; x_wconf 87' lang='lat' dir='ltr'><strong>citade</strong></span> <span class='ocrx_word' id='word_1_78' title='bbox 587 658 697 692; x_wconf 83' lang='lat' dir='ltr'><strong>sotto</strong></span> <span class='ocrx_word' id='word_1_79' title='bbox 724 656 838 704; x_wconf 85' lang='lat' dir='ltr'><strong>poste</strong></span> <span class='ocrx_word' id='word_1_80' title='bbox 865 666 888 689; x_wconf 87' lang='lat' dir='ltr'><strong>a</strong></span> <span class='ocrx_word' id='word_1_81' title='bbox 919 652 1091 701; x_wconf 83' lang='lat' dir='ltr'><strong>Genua,</strong></span> <span class='ocrx_word' id='word_1_82' title='bbox 1119 649 1300 690; x_wconf 83' lang='lat' dir='ltr'><strong>al&#39;insola</strong></span> <span class='ocrx_word' id='word_1_83' title='bbox 1329 650 1380 689; x_wconf 89' lang='lat' dir='ltr'><strong>de</strong></span> <span class='ocrx_word' id='word_1_84' title='bbox 1411 649 1540 701; x_wconf 87' lang='lat' dir='ltr'><strong>Chio,</strong></span> <span class='ocrx_word' id='word_1_85' title='bbox 1568 664 1592 689; x_wconf 82' lang='lat' dir='ltr'><strong>a</strong></span> <span class='ocrx_word' id='word_1_86' title='bbox 1621 655 1766 704; x_wconf 75' lang='lat' dir='ltr'><strong>queste</strong></span> 
     </span>
     <span class='ocr_line' id='line_1_10' title="bbox 323 703 1762 756; baseline -0.002 -8"><span class='ocrx_word' id='word_1_87' title='bbox 323 709 507 756; x_wconf 82' lang='lat' dir='ltr'><strong>Fochie,</strong></span> <span class='ocrx_word' id='word_1_88' title='bbox 550 721 574 745; x_wconf 88' lang='lat' dir='ltr'><strong>a</strong></span> <span class='ocrx_word' id='word_1_89' title='bbox 601 705 774 753; x_wconf 88' lang='lat' dir='ltr'><strong>Galata,</strong></span> <span class='ocrx_word' id='word_1_90' title='bbox 817 707 857 744; x_wconf 92' lang='lat' dir='ltr'><strong>in</strong></span> <span class='ocrx_word' id='word_1_91' title='bbox 887 705 1058 755; x_wconf 85' lang='lat' dir='ltr'><strong>Amiso,</strong></span> <span class='ocrx_word' id='word_1_92' title='bbox 1091 707 1133 744; x_wconf 87' lang='lat' dir='ltr'><strong>in</strong></span> <span class='ocrx_word' id='word_1_93' title='bbox 1166 704 1422 754; x_wconf 80' lang='lat' dir='ltr'><strong>Amastride&#39;,</strong></span> <span class='ocrx_word' id='word_1_94' title='bbox 1465 704 1507 744; x_wconf 90' lang='lat' dir='ltr'><strong>in</strong></span> <span class='ocrx_word' id='word_1_95' title='bbox 1541 703 1661 755; x_wconf 79' lang='lat' dir='ltr'><strong>Casa,</strong></span> <span class='ocrx_word' id='word_1_96' title='bbox 1697 704 1762 745; x_wconf 75' lang='lat' dir='ltr'><strong>ala</strong></span> 
     </span>
     <span class='ocr_line' id='line_1_11' title="bbox 325 759 1765 811; baseline -0.002 -9"><span class='ocrx_word' id='word_1_97' title='bbox 325 763 455 803; x_wconf 85' lang='lat' dir='ltr'><strong>Tana.</strong></span> <span class='ocrx_word' id='word_1_98' title='bbox 488 763 651 801; x_wconf 79' lang='lat' dir='ltr'><strong>vivente</strong></span> <span class='ocrx_word' id='word_1_99' title='bbox 692 760 872 800; x_wconf 78' lang='lat' dir='ltr'>anchora</span> <span class='ocrx_word' id='word_1_100' title='bbox 904 759 940 799; x_wconf 92' lang='lat' dir='ltr'><strong>el</strong></span> <span class='ocrx_word' id='word_1_101' title='bbox 971 760 1102 800; x_wconf 87' lang='lat' dir='ltr'><strong>ducha</strong></span> <span class='ocrx_word' id='word_1_102' title='bbox 1129 759 1415 811; x_wconf 66' lang='lat' dir='ltr'><strong>Mechemessa,</strong></span> <span class='ocrx_word' id='word_1_103' title='bbox 1445 772 1578 800; x_wconf 86' lang='lat' dir='ltr'><strong>venne</strong></span> <span class='ocrx_word' id='word_1_104' title='bbox 1605 759 1765 799; x_wconf 75' lang='lat' dir='ltr'><strong>da-Ze.</strong></span> 
     </span>
     <span class='ocr_line' id='line_1_12' title="bbox 325 813 1763 877; baseline -0.001 -21"><span class='ocrx_word' id='word_1_105' title='bbox 325 831 408 856; x_wconf 91' lang='lat' dir='ltr'><strong>nua</strong></span> <span class='ocrx_word' id='word_1_106' title='bbox 435 831 512 870; x_wconf 90' lang='lat' dir='ltr'><strong>per</strong></span> <span class='ocrx_word' id='word_1_107' title='bbox 536 815 743 866; x_wconf 85' lang='lat' dir='ltr'><strong>exusiasti,</strong></span> <span class='ocrx_word' id='word_1_108' title='bbox 790 815 866 855; x_wconf 89' lang='lat' dir='ltr'><strong>che</strong></span> <span class='ocrx_word' id='word_1_109' title='bbox 894 814 935 854; x_wconf 90' lang='lat' dir='ltr'><strong>in</strong></span> <span class='ocrx_word' id='word_1_110' title='bbox 960 815 1106 854; x_wconf 83' lang='lat' dir='ltr'><strong>Latino</strong></span> <span class='ocrx_word' id='word_1_111' title='bbox 1135 829 1177 854; x_wconf 91' lang='lat' dir='ltr'><strong>se</strong></span> <span class='ocrx_word' id='word_1_112' title='bbox 1204 815 1441 868; x_wconf 84' lang='lat' dir='ltr'><strong>pochiamar</strong></span> <span class='ocrx_word' id='word_1_113' title='bbox 1475 814 1672 877; x_wconf 63' lang='lat' dir='ltr'><strong>podesth,</strong></span> <span class='ocrx_word' id='word_1_114' title='bbox 1709 813 1763 854; x_wconf 77' lang='lat' dir='ltr'><strong>ad</strong></span> 
     </span>
     <span class='ocr_line' id='line_1_13' title="bbox 324 868 1760 923; baseline -0.001 -13"><span class='ocrx_word' id='word_1_115' title='bbox 324 872 365 910; x_wconf 90' lang='lat' dir='ltr'><strong>le</strong></span> <span class='ocrx_word' id='word_1_116' title='bbox 407 885 512 911; x_wconf 88' lang='lat' dir='ltr'><strong>nove</strong></span> <span class='ocrx_word' id='word_1_117' title='bbox 546 870 581 909; x_wconf 93' lang='lat' dir='ltr'>F</span> <span class='ocrx_word' id='word_1_118' title='bbox 585 870 724 921; x_wconf 83' lang='lat' dir='ltr'><strong>ocbie3</strong></span> <span class='ocrx_word' id='word_1_119' title='bbox 753 870 790 910; x_wconf 88' lang='lat' dir='ltr'><strong>el</strong></span> <span class='ocrx_word' id='word_1_120' title='bbox 819 869 915 923; x_wconf 88' lang='lat' dir='ltr'><strong>qual</strong></span> <span class='ocrx_word' id='word_1_121' title='bbox 942 870 1116 923; x_wconf 66' lang='lat' dir='ltr'><strong>podesta</strong></span> <span class='ocrx_word' id='word_1_122' title='bbox 1144 883 1215 908; x_wconf 85' lang='lat' dir='ltr'><strong>era</strong></span> <span class='ocrx_word' id='word_1_123' title='bbox 1243 870 1286 909; x_wconf 89' lang='lat' dir='ltr'><strong>di</strong></span> <span class='ocrx_word' id='word_1_124' title='bbox 1313 883 1497 923; x_wconf 67' lang='lat' dir='ltr'><strong>generosl</strong></span> <span class='ocrx_word' id='word_1_125' title='bbox 1527 868 1580 909; x_wconf 83' lang='lat' dir='ltr'><strong>de</strong></span> <span class='ocrx_word' id='word_1_126' title='bbox 1597 869 1760 916; x_wconf 82' lang='lat' dir='ltr'><strong>Zenua,</strong></span> 
     </span>
     <span class='ocr_line' id='line_1_14' title="bbox 324 921 1764 977; baseline -0.001 -12"><span class='ocrx_word' id='word_1_127' title='bbox 324 925 529 965; x_wconf 83' lang='lat' dir='ltr'><strong>chiamato</strong></span> <span class='ocrx_word' id='word_1_128' title='bbox 559 926 714 964; x_wconf 85' lang='lat' dir='ltr'><strong>Ioanne</strong></span> <span class='ocrx_word' id='word_1_129' title='bbox 743 924 939 974; x_wconf 80' lang='lat' dir='ltr'><strong>Adoruo,</strong></span> <span class='ocrx_word' id='word_1_130' title='bbox 968 938 1042 977; x_wconf 86' lang='lat' dir='ltr'><strong>per</strong></span> <span class='ocrx_word' id='word_1_131' title='bbox 1066 924 1182 964; x_wconf 84' lang='lat' dir='ltr'><strong>etade</strong></span> <span class='ocrx_word' id='word_1_132' title='bbox 1210 938 1390 975; x_wconf 83' lang='lat' dir='ltr'><strong>zovene,</strong></span> <span class='ocrx_word' id='word_1_133' title='bbox 1422 939 1488 963; x_wconf 84' lang='lat' dir='ltr'><strong>ma</strong></span> <span class='ocrx_word' id='word_1_134' title='bbox 1511 921 1587 977; x_wconf 78' lang='lat' dir='ltr'><strong>pei·</strong></span> <span class='ocrx_word' id='word_1_135' title='bbox 1602 925 1764 977; x_wconf 77' lang='lat' dir='ltr'><strong>supien-</strong></span> 
     </span>
     <span class='ocr_line' id='line_1_15' title="bbox 324 977 1765 1032; baseline -0.001 -13"><span class='ocrx_word' id='word_1_136' title='bbox 324 981 382 1020; x_wconf 84' lang='lat' dir='ltr'><strong>tia</strong></span> <span class='ocrx_word' id='word_1_137' title='bbox 413 979 596 1022; x_wconf 80' lang='lat' dir='ltr'><strong>vecchio.</strong></span> <span class='ocrx_word' id='word_1_138' title='bbox 658 980 716 1019; x_wconf 84' lang='lat' dir='ltr'><strong>Et</strong></span> <span class='ocrx_word' id='word_1_139' title='bbox 758 979 801 1018; x_wconf 87' lang='lat' dir='ltr'><strong>fo</strong></span> <span class='ocrx_word' id='word_1_140' title='bbox 831 979 983 1032; x_wconf 78' lang='lat' dir='ltr'><strong>figliolo</strong></span> <span class='ocrx_word' id='word_1_141' title='bbox 1023 980 1073 1018; x_wconf 90' lang='lat' dir='ltr'><strong>de</strong></span> <span class='ocrx_word' id='word_1_142' title='bbox 1099 979 1220 1019; x_wconf 82' lang='lat' dir='ltr'><strong>Miser</strong></span> <span class='ocrx_word' id='word_1_143' title='bbox 1247 978 1371 1019; x_wconf 90' lang='lat' dir='ltr'><strong>Zorni</strong></span> <span class='ocrx_word' id='word_1_144' title='bbox 1397 978 1592 1029; x_wconf 86' lang='lat' dir='ltr'><strong>Adorno,</strong></span> <span class='ocrx_word' id='word_1_145' title='bbox 1619 977 1696 1019; x_wconf 80' lang='lat' dir='ltr'><strong>che</strong></span> <span class='ocrx_word' id='word_1_146' title='bbox 1718 977 1765 1017; x_wconf 77' lang='lat' dir='ltr'><strong>fo</strong></span> 
     </span>
     <span class='ocr_line' id='line_1_16' title="bbox 318 1031 1764 1088; baseline -0.001 -14"><span class='ocrx_word' id='word_1_147' title='bbox 318 1035 458 1075; x_wconf 83' lang='lat' dir='ltr'><strong>ducha</strong></span> <span class='ocrx_word' id='word_1_148' title='bbox 485 1036 535 1074; x_wconf 86' lang='lat' dir='ltr'><strong>de</strong></span> <span class='ocrx_word' id='word_1_149' title='bbox 562 1036 716 1074; x_wconf 86' lang='lat' dir='ltr'><strong>Zenua.</strong></span> <span class='ocrx_word' id='word_1_150' title='bbox 748 1034 804 1073; x_wconf 80' lang='lat' dir='ltr'><strong>Et</strong></span> <span class='ocrx_word' id='word_1_151' title='bbox 835 1034 907 1073; x_wconf 80' lang='lat' dir='ltr'><strong>soli</strong></span> <span class='ocrx_word' id='word_1_152' title='bbox 934 1034 1029 1073; x_wconf 86' lang='lat' dir='ltr'><strong>data</strong></span> <span class='ocrx_word' id='word_1_153' title='bbox 1058 1033 1191 1087; x_wconf 86' lang='lat' dir='ltr'><strong>quella</strong></span> <span class='ocrx_word' id='word_1_154' title='bbox 1219 1035 1447 1088; x_wconf 84' lang='lat' dir='ltr'><strong>podestaria</strong></span> <span class='ocrx_word' id='word_1_155' title='bbox 1474 1047 1553 1087; x_wconf 87' lang='lat' dir='ltr'><strong>per</strong></span> <span class='ocrx_word' id='word_1_156' title='bbox 1585 1031 1684 1073; x_wconf 75' lang='lat' dir='ltr'><strong>anni</strong></span> <span class='ocrx_word' id='word_1_157' title='bbox 1708 1033 1764 1072; x_wconf 76' lang='lat' dir='ltr'><strong>X.</strong></span> 
     </span>
     <span class='ocr_line' id='line_1_17' title="bbox 322 1086 1766 1142; baseline -0.003 -13"><span class='ocrx_word' id='word_1_158' title='bbox 322 1089 378 1129; x_wconf 88' lang='lat' dir='ltr'><strong>Et</strong></span> <span class='ocrx_word' id='word_1_159' title='bbox 407 1090 593 1142; x_wconf 87' lang='lat' dir='ltr'><strong>compito</strong></span> <span class='ocrx_word' id='word_1_160' title='bbox 621 1090 657 1128; x_wconf 87' lang='lat' dir='ltr'><strong>el</strong></span> <span class='ocrx_word' id='word_1_161' title='bbox 687 1103 762 1128; x_wconf 92' lang='lat' dir='ltr'><strong>suo</strong></span> <span class='ocrx_word' id='word_1_162' title='bbox 791 1089 1011 1128; x_wconf 87' lang='lat' dir='ltr'><strong>rezimento</strong></span> <span class='ocrx_word' id='word_1_163' title='bbox 1041 1088 1164 1128; x_wconf 74' lang='lat' dir='ltr'><strong>torno</strong></span> <span class='ocrx_word' id='word_1_164' title='bbox 1193 1103 1216 1128; x_wconf 83' lang='lat' dir='ltr'><strong>a</strong></span> <span class='ocrx_word' id='word_1_165' title='bbox 1243 1089 1479 1142; x_wconf 79' lang='lat' dir='ltr'><strong>repatriare.</strong></span> <span class='ocrx_word' id='word_1_166' title='bbox 1507 1086 1645 1141; x_wconf 82' lang='lat' dir='ltr'><strong>Dapoi</strong></span> <span class='ocrx_word' id='word_1_167' title='bbox 1673 1093 1766 1128; x_wconf 76' lang='lat' dir='ltr'><strong>tor.</strong></span> 
     </span>
     <span class='ocr_line' id='line_1_18' title="bbox 248 1141 1766 1194; baseline -0.001 -11"><span class='ocrx_word' id='word_1_168' title='bbox 248 1149 312 1194; x_wconf 77' lang='grc'><strong>164</strong></span> <span class='ocrx_word' id='word_1_169' title='bbox 323 1145 462 1184; x_wconf 90' lang='lat' dir='ltr'><strong>nando</strong></span> <span class='ocrx_word' id='word_1_170' title='bbox 505 1145 558 1183; x_wconf 89' lang='lat' dir='ltr'><strong>da</strong></span> <span class='ocrx_word' id='word_1_171' title='bbox 582 1145 723 1183; x_wconf 88' lang='lat' dir='ltr'><strong>Zenua</strong></span> <span class='ocrx_word' id='word_1_172' title='bbox 751 1142 813 1182; x_wconf 85' lang='lat' dir='ltr'><strong>ale</strong></span> <span class='ocrx_word' id='word_1_173' title='bbox 853 1143 888 1181; x_wconf 87' lang='lat' dir='ltr'><strong>F</strong></span> <span class='ocrx_word' id='word_1_174' title='bbox 892 1143 1010 1183; x_wconf 83' lang='lat' dir='ltr'><strong>ochie</strong></span> <span class='ocrx_word' id='word_1_175' title='bbox 1056 1143 1163 1183; x_wconf 76' lang='lat' dir='ltr'><strong>ando</strong></span> <span class='ocrx_word' id='word_1_176' title='bbox 1197 1158 1220 1183; x_wconf 88' lang='lat' dir='ltr'><strong>a</strong></span> <span class='ocrx_word' id='word_1_177' title='bbox 1247 1145 1425 1183; x_wconf 69' lang='lat' dir='ltr'><strong>satutare</strong></span> <span class='ocrx_word' id='word_1_178' title='bbox 1452 1143 1489 1183; x_wconf 92' lang='grc'><strong>61</strong></span> <span class='ocrx_word' id='word_1_179' title='bbox 1515 1141 1646 1182; x_wconf 78' lang='lat' dir='ltr'><strong>ducha</strong></span> <span class='ocrx_word' id='word_1_180' title='bbox 1673 1143 1766 1182; x_wconf 69' lang='lat' dir='ltr'><strong>Me-</strong></span> 
     </span>
     <span class='ocr_line' id='line_1_19' title="bbox 322 1197 1764 1251; baseline -0.001 -12"><span class='ocrx_word' id='word_1_181' title='bbox 322 1199 526 1239; x_wconf 87' lang='lat' dir='ltr'><strong>chemeth.</strong></span> <span class='ocrx_word' id='word_1_182' title='bbox 565 1197 771 1238; x_wconf 84' lang='lat' dir='ltr'><strong>habiando</strong></span> <span class='ocrx_word' id='word_1_183' title='bbox 813 1197 970 1237; x_wconf 82' lang='lat' dir='ltr'><strong>havuto</strong></span> <span class='ocrx_word' id='word_1_184' title='bbox 1013 1197 1054 1237; x_wconf 91' lang='grc'><strong>10</strong></span> <span class='ocrx_word' id='word_1_185' title='bbox 1084 1199 1217 1239; x_wconf 84' lang='lat' dir='ltr'><strong>alume</strong></span> <span class='ocrx_word' id='word_1_186' title='bbox 1254 1198 1453 1238; x_wconf 82' lang='lat' dir='ltr'>numisma</span> <span class='ocrx_word' id='word_1_187' title='bbox 1480 1197 1531 1236; x_wconf 88' lang='lat' dir='ltr'><strong>de</strong></span> <span class='ocrx_word' id='word_1_188' title='bbox 1556 1210 1764 1251; x_wconf 81' lang='lat' dir='ltr'><strong>puro-oro</strong></span> 
     </span>
     <span class='ocr_line' id='line_1_20' title="bbox 326 1251 1764 1306; baseline -0.001 -13"><span class='ocrx_word' id='word_1_189' title='bbox 326 1253 370 1293; x_wconf 90' lang='lat' dir='ltr'><strong>in</strong></span> <span class='ocrx_word' id='word_1_190' title='bbox 400 1255 440 1293; x_wconf 93' lang='lat' dir='ltr'><strong>X</strong></span> <span class='ocrx_word' id='word_1_191' title='bbox 471 1252 593 1304; x_wconf 85' lang='lat' dir='ltr'><strong>anni,</strong></span> <span class='ocrx_word' id='word_1_192' title='bbox 623 1260 665 1292; x_wconf 85' lang='lat' dir='ltr'><strong>et</strong></span> <span class='ocrx_word' id='word_1_193' title='bbox 692 1254 875 1305; x_wconf 88' lang='lat' dir='ltr'><strong>compito</strong></span> <span class='ocrx_word' id='word_1_194' title='bbox 919 1252 956 1291; x_wconf 88' lang='lat' dir='ltr'><strong>el</strong></span> <span class='ocrx_word' id='word_1_195' title='bbox 987 1258 1126 1306; x_wconf 81' lang='lat' dir='ltr'><strong>tempo</strong></span> <span class='ocrx_word' id='word_1_196' title='bbox 1155 1260 1197 1293; x_wconf 88' lang='lat' dir='ltr'><strong>et</strong></span> <span class='ocrx_word' id='word_1_197' title='bbox 1221 1259 1371 1306; x_wconf 82' lang='lat' dir='ltr'><strong>pagato</strong></span> <span class='ocrx_word' id='word_1_198' title='bbox 1401 1253 1439 1293; x_wconf 88' lang='lat' dir='ltr'><strong>el</strong></span> <span class='ocrx_word' id='word_1_199' title='bbox 1467 1251 1655 1302; x_wconf 81' lang='lat' dir='ltr'><strong>tributo,</strong></span> <span class='ocrx_word' id='word_1_200' title='bbox 1686 1265 1764 1292; x_wconf 80' lang='lat' dir='ltr'><strong>eo-</strong></span> 
     </span>
     <span class='ocr_line' id='line_1_21' title="bbox 323 1305 1766 1361; baseline -0.001 -14"><span class='ocrx_word' id='word_1_201' title='bbox 323 1307 466 1348; x_wconf 76' lang='lat' dir='ltr'><strong>menzb</strong></span> <span class='ocrx_word' id='word_1_202' title='bbox 496 1322 520 1347; x_wconf 90' lang='lat' dir='ltr'><strong>a</strong></span> <span class='ocrx_word' id='word_1_203' title='bbox 555 1322 701 1348; x_wconf 85' lang='lat' dir='ltr'><strong>cercar</strong></span> <span class='ocrx_word' id='word_1_204' title='bbox 740 1309 845 1347; x_wconf 86' lang='lat' dir='ltr'><strong>altro</strong></span> <span class='ocrx_word' id='word_1_205' title='bbox 887 1308 1045 1355; x_wconf 85' lang='lat' dir='ltr'><strong>alume,</strong></span> <span class='ocrx_word' id='word_1_206' title='bbox 1076 1308 1111 1348; x_wconf 87' lang='lat' dir='ltr'><strong>el</strong></span> <span class='ocrx_word' id='word_1_207' title='bbox 1146 1307 1242 1361; x_wconf 84' lang='lat' dir='ltr'><strong>qual</strong></span> <span class='ocrx_word' id='word_1_208' title='bbox 1267 1308 1464 1347; x_wconf 89' lang='lat' dir='ltr'><strong>condusse</strong></span> <span class='ocrx_word' id='word_1_209' title='bbox 1491 1321 1563 1360; x_wconf 88' lang='lat' dir='ltr'><strong>per</strong></span> <span class='ocrx_word' id='word_1_210' title='bbox 1591 1307 1689 1346; x_wconf 73' lang='grc'><strong>611111</strong></span> <span class='ocrx_word' id='word_1_211' title='bbox 1708 1305 1766 1347; x_wconf 72' lang='lat' dir='ltr'><strong>aei</strong></span> 
     </span>
     <span class='ocr_line' id='line_1_22' title="bbox 323 1360 1768 1415; baseline -0.001 -13"><span class='ocrx_word' id='word_1_212' title='bbox 323 1377 404 1402; x_wconf 91' lang='lat' dir='ltr'><strong>con</strong></span> <span class='ocrx_word' id='word_1_213' title='bbox 435 1362 563 1402; x_wconf 80' lang='lat' dir='ltr'><strong>multa</strong></span> <span class='ocrx_word' id='word_1_214' title='bbox 589 1376 717 1415; x_wconf 86' lang='lat' dir='ltr'><strong>spesa.</strong></span> <span class='ocrx_word' id='word_1_215' title='bbox 746 1369 786 1402; x_wconf 89' lang='lat' dir='ltr'><strong>et</strong></span> <span class='ocrx_word' id='word_1_216' title='bbox 820 1361 987 1415; x_wconf 86' lang='lat' dir='ltr'><strong>compiti</strong></span> <span class='ocrx_word' id='word_1_217' title='bbox 1013 1361 1043 1401; x_wconf 89' lang='lat' dir='ltr'><strong>li</strong></span> <span class='ocrx_word' id='word_1_218' title='bbox 1071 1364 1126 1402; x_wconf 81' lang='lat' dir='ltr'><strong>sei</strong></span> <span class='ocrx_word' id='word_1_219' title='bbox 1158 1363 1275 1412; x_wconf 85' lang='lat' dir='ltr'><strong>anni,</strong></span> <span class='ocrx_word' id='word_1_220' title='bbox 1310 1363 1347 1402; x_wconf 90' lang='lat' dir='ltr'><strong>el</strong></span> <span class='ocrx_word' id='word_1_221' title='bbox 1374 1369 1513 1415; x_wconf 83' lang='lat' dir='ltr'><strong>tempo</strong></span> <span class='ocrx_word' id='word_1_222' title='bbox 1543 1360 1608 1401; x_wconf 82' lang='lat' dir='ltr'><strong>del</strong></span> <span class='ocrx_word' id='word_1_223' title='bbox 1635 1361 1768 1401; x_wconf 80' lang='lat' dir='ltr'><strong>tribu-</strong></span> 
     </span>
     <span class='ocr_line' id='line_1_23' title="bbox 325 1414 1764 1471; baseline -0.002 -14"><span class='ocrx_word' id='word_1_224' title='bbox 325 1424 370 1457; x_wconf 87' lang='lat' dir='ltr'><strong>to</strong></span> <span class='ocrx_word' id='word_1_225' title='bbox 399 1431 536 1457; x_wconf 85' lang='lat' dir='ltr'><strong>zonse.</strong></span> <span class='ocrx_word' id='word_1_226' title='bbox 595 1419 640 1457; x_wconf 92' lang='lat' dir='ltr'><strong>In</strong></span> <span class='ocrx_word' id='word_1_227' title='bbox 672 1423 815 1471; x_wconf 84' lang='lat' dir='ltr'><strong>questo</strong></span> <span class='ocrx_word' id='word_1_228' title='bbox 840 1423 981 1470; x_wconf 82' lang='lat' dir='ltr'><strong>tempo</strong></span> <span class='ocrx_word' id='word_1_229' title='bbox 1011 1430 1086 1469; x_wconf 88' lang='lat' dir='ltr'><strong>per</strong></span> <span class='ocrx_word' id='word_1_230' title='bbox 1111 1417 1149 1457; x_wconf 87' lang='lat' dir='ltr'><strong>la</strong></span> <span class='ocrx_word' id='word_1_231' title='bbox 1185 1424 1317 1456; x_wconf 83' lang='lat' dir='ltr'><strong>morte</strong></span> <span class='ocrx_word' id='word_1_232' title='bbox 1346 1416 1410 1456; x_wconf 85' lang='lat' dir='ltr'><strong>del</strong></span> <span class='ocrx_word' id='word_1_233' title='bbox 1437 1414 1570 1455; x_wconf 82' lang='lat' dir='ltr'><strong>ducha</strong></span> <span class='ocrx_word' id='word_1_234' title='bbox 1598 1415 1764 1455; x_wconf 68' lang='lat' dir='ltr'><strong>Mache.</strong></span> 
     </span>
     <span class='ocr_line' id='line_1_24' title="bbox 323 1471 1767 1525; baseline 0 -15"><span class='ocrx_word' id='word_1_235' title='bbox 323 1472 439 1512; x_wconf 87' lang='lat' dir='ltr'><strong>meth</strong></span> <span class='ocrx_word' id='word_1_236' title='bbox 479 1486 665 1512; x_wconf 86' lang='lat' dir='ltr'><strong>successe</strong></span> <span class='ocrx_word' id='word_1_237' title='bbox 707 1471 744 1512; x_wconf 83' lang='lat' dir='ltr'><strong>el</strong></span> <span class='ocrx_word' id='word_1_238' title='bbox 774 1485 882 1511; x_wconf 90' lang='lat' dir='ltr'><strong>novo</strong></span> <span class='ocrx_word' id='word_1_239' title='bbox 910 1471 1121 1525; x_wconf 81' lang='lat' dir='ltr'><strong>principe,</strong></span> <span class='ocrx_word' id='word_1_240' title='bbox 1164 1486 1238 1511; x_wconf 90' lang='lat' dir='ltr'><strong>suo</strong></span> <span class='ocrx_word' id='word_1_241' title='bbox 1267 1471 1416 1524; x_wconf 81' lang='lat' dir='ltr'><strong>figliol,</strong></span> <span class='ocrx_word' id='word_1_242' title='bbox 1447 1472 1615 1519; x_wconf 82' lang='lat' dir='ltr'><strong>Morat,</strong></span> <span class='ocrx_word' id='word_1_243' title='bbox 1650 1484 1767 1510; x_wconf 87' lang='lat' dir='ltr'><strong>come</strong></span> 
     </span>
     <span class='ocr_line' id='line_1_25' title="bbox 323 1523 1767 1580; baseline -0.001 -14"><span class='ocrx_word' id='word_1_244' title='bbox 323 1526 378 1566; x_wconf 85' lang='lat' dir='ltr'><strong>de</strong></span> <span class='ocrx_word' id='word_1_245' title='bbox 403 1541 527 1580; x_wconf 87' lang='lat' dir='ltr'><strong>sopra</strong></span> <span class='ocrx_word' id='word_1_246' title='bbox 566 1527 739 1567; x_wconf 85' lang='lat' dir='ltr'><strong>havemo</strong></span> <span class='ocrx_word' id='word_1_247' title='bbox 776 1527 949 1579; x_wconf 84' lang='lat' dir='ltr'><strong>scripto.</strong></span> <span class='ocrx_word' id='word_1_248' title='bbox 1027 1527 1195 1566; x_wconf 80' lang='lat' dir='ltr'><strong>Zuanne</strong></span> <span class='ocrx_word' id='word_1_249' title='bbox 1222 1526 1418 1574; x_wconf 88' lang='lat' dir='ltr'><strong>Adorno,</strong></span> <span class='ocrx_word' id='word_1_250' title='bbox 1453 1526 1528 1565; x_wconf 88' lang='grc'><strong>6116</strong></span> <span class='ocrx_word' id='word_1_251' title='bbox 1555 1523 1586 1564; x_wconf 82' lang='lat' dir='ltr'><strong>li</strong></span> <span class='ocrx_word' id='word_1_252' title='bbox 1611 1538 1767 1578; x_wconf 77' lang='lat' dir='ltr'><strong>pareva</strong></span> 
     </span>
     <span class='ocr_line' id='line_1_26' title="bbox 323 1580 1768 1635; baseline -0.001 -15"><span class='ocrx_word' id='word_1_253' title='bbox 323 1581 454 1621; x_wconf 83' lang='lat' dir='ltr'><strong>haver</strong></span> <span class='ocrx_word' id='word_1_254' title='bbox 482 1582 633 1635; x_wconf 75' lang='lat' dir='ltr'><strong>grande</strong></span> <span class='ocrx_word' id='word_1_255' title='bbox 649 1595 802 1621; x_wconf 85' lang='lat' dir='ltr'><strong>caxone</strong></span> <span class='ocrx_word' id='word_1_256' title='bbox 827 1581 877 1620; x_wconf 90' lang='lat' dir='ltr'><strong>de</strong></span> <span class='ocrx_word' id='word_1_257' title='bbox 903 1580 1069 1620; x_wconf 81' lang='lat' dir='ltr'><strong>visitare</strong></span> <span class='ocrx_word' id='word_1_258' title='bbox 1097 1581 1133 1621; x_wconf 92' lang='lat' dir='ltr'><strong>el</strong></span> <span class='ocrx_word' id='word_1_259' title='bbox 1159 1595 1270 1620; x_wconf 88' lang='lat' dir='ltr'><strong>novo</strong></span> <span class='ocrx_word' id='word_1_260' title='bbox 1298 1580 1484 1634; x_wconf 83' lang='lat' dir='ltr'><strong>principe</strong></span> <span class='ocrx_word' id='word_1_261' title='bbox 1505 1582 1658 1630; x_wconf 82' lang='lat' dir='ltr'><strong>Morat,</strong></span> <span class='ocrx_word' id='word_1_262' title='bbox 1687 1593 1768 1633; x_wconf 87' lang='lat' dir='ltr'><strong>per</strong></span> 
     </span>
     <span class='ocr_line' id='line_1_27' title="bbox 325 1633 1768 1690; baseline 0 -16"><span class='ocrx_word' id='word_1_263' title='bbox 325 1636 460 1675; x_wconf 83' lang='lat' dir='ltr'><strong>saldar</strong></span> <span class='ocrx_word' id='word_1_264' title='bbox 509 1636 523 1674; x_wconf 91' lang='lat' dir='ltr'>i</span> <span class='ocrx_word' id='word_1_265' title='bbox 554 1636 668 1676; x_wconf 82' lang='lat' dir='ltr'><strong>conti</strong></span> <span class='ocrx_word' id='word_1_266' title='bbox 714 1643 757 1676; x_wconf 89' lang='lat' dir='ltr'><strong>et</strong></span> <span class='ocrx_word' id='word_1_267' title='bbox 782 1649 908 1690; x_wconf 81' lang='lat' dir='ltr'><strong>pagar</strong></span> <span class='ocrx_word' id='word_1_268' title='bbox 946 1636 973 1674; x_wconf 81' lang='lat' dir='ltr'><strong>li</strong></span> <span class='ocrx_word' id='word_1_269' title='bbox 1000 1635 1147 1675; x_wconf 83' lang='lat' dir='ltr'><strong>tributi</strong></span> <span class='ocrx_word' id='word_1_270' title='bbox 1177 1636 1228 1675; x_wconf 93' lang='lat' dir='ltr'><strong>de</strong></span> <span class='ocrx_word' id='word_1_271' title='bbox 1267 1636 1362 1675; x_wconf 85' lang='lat' dir='ltr'><strong>anni</strong></span> <span class='ocrx_word' id='word_1_272' title='bbox 1387 1634 1444 1675; x_wconf 87' lang='lat' dir='ltr'><strong>sei</strong></span> <span class='ocrx_word' id='word_1_273' title='bbox 1469 1633 1645 1689; x_wconf 86' lang='lat' dir='ltr'><strong>passati,</strong></span> <span class='ocrx_word' id='word_1_274' title='bbox 1672 1648 1768 1688; x_wconf 85' lang='lat' dir='ltr'><strong>pre·-</strong></span> 
     </span>
     <span class='ocr_line' id='line_1_28' title="bbox 324 1688 1768 1744; baseline -0.001 -15"><span class='ocrx_word' id='word_1_275' title='bbox 324 1692 438 1730; x_wconf 80' lang='lat' dir='ltr'><strong>starli</strong></span> <span class='ocrx_word' id='word_1_276' title='bbox 477 1691 739 1731; x_wconf 81' lang='lat' dir='ltr'><strong>obhedientia</strong></span> <span class='ocrx_word' id='word_1_277' title='bbox 782 1697 823 1730; x_wconf 87' lang='lat' dir='ltr'><strong>et</strong></span> <span class='ocrx_word' id='word_1_278' title='bbox 864 1691 927 1729; x_wconf 85' lang='lat' dir='ltr'><strong>far</strong></span> <span class='ocrx_word' id='word_1_279' title='bbox 950 1690 1050 1730; x_wconf 90' lang='lat' dir='ltr'><strong>novi</strong></span> <span class='ocrx_word' id='word_1_280' title='bbox 1089 1692 1227 1744; x_wconf 89' lang='lat' dir='ltr'><strong>pacti,</strong></span> <span class='ocrx_word' id='word_1_281' title='bbox 1267 1689 1419 1744; x_wconf 77' lang='lat' dir='ltr'><strong>perche</strong></span> <span class='ocrx_word' id='word_1_282' title='bbox 1446 1688 1488 1729; x_wconf 83' lang='lat' dir='ltr'><strong>in</strong></span> <span class='ocrx_word' id='word_1_283' title='bbox 1519 1688 1644 1743; x_wconf 84' lang='lat' dir='ltr'><strong>quelli</strong></span> <span class='ocrx_word' id='word_1_284' title='bbox 1669 1689 1768 1729; x_wconf 82' lang='lat' dir='ltr'><strong>anni</strong></span> 
     </span>
     <span class='ocr_line' id='line_1_29' title="bbox 325 1744 1766 1798; baseline 0 -14"><span class='ocrx_word' id='word_1_285' title='bbox 325 1747 383 1785; x_wconf 86' lang='lat' dir='ltr'><strong>sei</strong></span> <span class='ocrx_word' id='word_1_286' title='bbox 422 1745 550 1786; x_wconf 86' lang='lat' dir='ltr'><strong>havea</strong></span> <span class='ocrx_word' id='word_1_287' title='bbox 592 1751 783 1786; x_wconf 82' lang='lat' dir='ltr'><strong>rezevuto</strong></span> <span class='ocrx_word' id='word_1_288' title='bbox 833 1745 975 1798; x_wconf 87' lang='lat' dir='ltr'><strong>grandi</strong></span> <span class='ocrx_word' id='word_1_289' title='bbox 1021 1745 1159 1784; x_wconf 88' lang='lat' dir='ltr'><strong>damni</strong></span> <span class='ocrx_word' id='word_1_290' title='bbox 1199 1759 1267 1798; x_wconf 88' lang='lat' dir='ltr'><strong>per</strong></span> <span class='ocrx_word' id='word_1_291' title='bbox 1297 1745 1335 1784; x_wconf 93' lang='lat' dir='ltr'><strong>le</strong></span> <span class='ocrx_word' id='word_1_292' title='bbox 1369 1758 1512 1798; x_wconf 83' lang='lat' dir='ltr'><strong>guerre</strong></span> <span class='ocrx_word' id='word_1_293' title='bbox 1539 1744 1614 1783; x_wconf 88' lang='lat' dir='ltr'><strong>che</strong></span> <span class='ocrx_word' id='word_1_294' title='bbox 1640 1756 1766 1784; x_wconf 79' lang='lat' dir='ltr'><strong>erano</strong></span> 
     </span>
     <span class='ocr_line' id='line_1_30' title="bbox 325 1797 1767 1853; baseline 0.001 -15"><span class='ocrx_word' id='word_1_295' title='bbox 325 1806 428 1839; x_wconf 85' lang='lat' dir='ltr'><strong>state</strong></span> <span class='ocrx_word' id='word_1_296' title='bbox 465 1807 529 1840; x_wconf 83' lang='lat' dir='ltr'><strong>tra</strong></span> <span class='ocrx_word' id='word_1_297' title='bbox 557 1802 726 1840; x_wconf 88' lang='lat' dir='ltr'><strong>Zenuesi</strong></span> <span class='ocrx_word' id='word_1_298' title='bbox 762 1806 805 1839; x_wconf 86' lang='lat' dir='ltr'><strong>et</strong></span> <span class='ocrx_word' id='word_1_299' title='bbox 835 1799 1016 1839; x_wconf 87' lang='lat' dir='ltr'><strong>Catalani</strong></span> <span class='ocrx_word' id='word_1_300' title='bbox 1033 1829 1046 1851; x_wconf 83' lang='lat'>‚</span> <span class='ocrx_word' id='word_1_301' title='bbox 1087 1814 1162 1853; x_wconf 85' lang='lat' dir='ltr'><strong>per</strong></span> <span class='ocrx_word' id='word_1_302' title='bbox 1189 1800 1227 1840; x_wconf 88' lang='lat' dir='ltr'><strong>le</strong></span> <span class='ocrx_word' id='word_1_303' title='bbox 1256 1799 1377 1853; x_wconf 87' lang='lat' dir='ltr'><strong>quale</strong></span> <span class='ocrx_word' id='word_1_304' title='bbox 1402 1798 1441 1838; x_wconf 91' lang='lat' dir='ltr'><strong>le</strong></span> <span class='ocrx_word' id='word_1_305' title='bbox 1473 1812 1582 1839; x_wconf 81' lang='lat' dir='ltr'><strong>nave</strong></span> <span class='ocrx_word' id='word_1_306' title='bbox 1609 1797 1661 1838; x_wconf 86' lang='lat' dir='ltr'><strong>de</strong></span> <span class='ocrx_word' id='word_1_307' title='bbox 1685 1799 1767 1839; x_wconf 87' lang='lat' dir='ltr'><strong>Ze-</strong></span> 
     </span>
     <span class='ocr_line' id='line_1_31' title="bbox 325 1854 1767 1908; baseline 0.001 -16"><span class='ocrx_word' id='word_1_308' title='bbox 325 1854 439 1894; x_wconf 90' lang='lat' dir='ltr'><strong>nuesi</strong></span> <span class='ocrx_word' id='word_1_309' title='bbox 470 1869 597 1895; x_wconf 84' lang='lat' dir='ltr'><strong>erano</strong></span> <span class='ocrx_word' id='word_1_310' title='bbox 623 1862 729 1895; x_wconf 85' lang='lat' dir='ltr'><strong>state</strong></span> <span class='ocrx_word' id='word_1_311' title='bbox 755 1855 948 1908; x_wconf 88' lang='lat' dir='ltr'><strong>impedite</strong></span> <span class='ocrx_word' id='word_1_312' title='bbox 977 1861 1017 1894; x_wconf 89' lang='lat' dir='ltr'><strong>et</strong></span> <span class='ocrx_word' id='word_1_313' title='bbox 1047 1869 1130 1893; x_wconf 90' lang='lat' dir='ltr'><strong>non</strong></span> <span class='ocrx_word' id='word_1_314' title='bbox 1161 1854 1346 1893; x_wconf 78' lang='lat' dir='ltr'><strong>haveano</strong></span> <span class='ocrx_word' id='word_1_315' title='bbox 1376 1861 1542 1906; x_wconf 83' lang='lat' dir='ltr'><strong>possuto</strong></span> <span class='ocrx_word' id='word_1_316' title='bbox 1572 1859 1767 1906; x_wconf 74' lang='lat' dir='ltr'><strong>exporta-</strong></span> 
     </span>
     <span class='ocr_line' id='line_1_32' title="bbox 326 1909 1768 1963; baseline 0.001 -16"><span class='ocrx_word' id='word_1_317' title='bbox 326 1923 371 1948; x_wconf 83' lang='lat' dir='ltr'><strong>re</strong></span> <span class='ocrx_word' id='word_1_318' title='bbox 402 1916 444 1948; x_wconf 84' lang='lat' dir='ltr'><strong>et</strong></span> <span class='ocrx_word' id='word_1_319' title='bbox 474 1911 663 1963; x_wconf 85' lang='lat' dir='ltr'><strong>navigare</strong></span> <span class='ocrx_word' id='word_1_320' title='bbox 691 1910 721 1948; x_wconf 94' lang='lat' dir='ltr'><strong>li</strong></span> <span class='ocrx_word' id='word_1_321' title='bbox 751 1910 873 1949; x_wconf 86' lang='lat' dir='ltr'><strong>alumi</strong></span> <span class='ocrx_word' id='word_1_322' title='bbox 914 1911 955 1948; x_wconf 89' lang='lat' dir='ltr'><strong>in</strong></span> <span class='ocrx_word' id='word_1_323' title='bbox 990 1909 1107 1948; x_wconf 80' lang='lat' dir='ltr'><strong>Italia</strong></span> <span class='ocrx_word' id='word_1_324' title='bbox 1125 1939 1137 1962; x_wconf 77' lang='lat'><strong>‚</strong></span> <span class='ocrx_word' id='word_1_325' title='bbox 1165 1911 1204 1948; x_wconf 90' lang='lat' dir='ltr'><strong>in</strong></span> <span class='ocrx_word' id='word_1_326' title='bbox 1233 1909 1431 1957; x_wconf 85' lang='lat' dir='ltr'><strong>Francia,</strong></span> <span class='ocrx_word' id='word_1_327' title='bbox 1465 1909 1506 1947; x_wconf 89' lang='lat' dir='ltr'><strong>in</strong></span> <span class='ocrx_word' id='word_1_328' title='bbox 1536 1910 1696 1961; x_wconf 82' lang='lat' dir='ltr'><strong>Spagna</strong></span> <span class='ocrx_word' id='word_1_329' title='bbox 1723 1914 1768 1948; x_wconf 81' lang='lat' dir='ltr'><strong>et</strong></span> 
     </span>
     <span class='ocr_line' id='line_1_33' title="bbox 326 1962 1768 2017; baseline -0.001 -14"><span class='ocrx_word' id='word_1_330' title='bbox 326 1964 598 2017; x_wconf 82' lang='lat' dir='ltr'><strong>lnghssterra,</strong></span> <span class='ocrx_word' id='word_1_331' title='bbox 648 1965 755 2005; x_wconf 91' lang='lat' dir='ltr'><strong>onde</strong></span> <span class='ocrx_word' id='word_1_332' title='bbox 792 1979 861 2004; x_wconf 85' lang='lat' dir='ltr'><strong>era</strong></span> <span class='ocrx_word' id='word_1_333' title='bbox 898 1964 1048 2003; x_wconf 84' lang='lat' dir='ltr'><strong>rimaso</strong></span> <span class='ocrx_word' id='word_1_334' title='bbox 1088 1965 1127 2003; x_wconf 85' lang='lat' dir='ltr'><strong>in</strong></span> <span class='ocrx_word' id='word_1_335' title='bbox 1156 1965 1310 2016; x_wconf 82' lang='lat' dir='ltr'><strong>grande</strong></span> <span class='ocrx_word' id='word_1_336' title='bbox 1353 1963 1491 2003; x_wconf 83' lang='lat' dir='ltr'><strong>debito</strong></span> <span class='ocrx_word' id='word_1_337' title='bbox 1535 1962 1628 2002; x_wconf 82' lang='lat' dir='ltr'><strong>delli</strong></span> <span class='ocrx_word' id='word_1_338' title='bbox 1670 1963 1768 2002; x_wconf 83' lang='lat' dir='ltr'><strong>anni</strong></span> 
     </span>
     <span class='ocr_line' id='line_1_34' title="bbox 327 2017 1768 2072; baseline 0 -15"><span class='ocrx_word' id='word_1_339' title='bbox 327 2021 488 2072; x_wconf 83' lang='lat' dir='ltr'><strong>passati.</strong></span> <span class='ocrx_word' id='word_1_340' title='bbox 551 2021 607 2059; x_wconf 86' lang='lat' dir='ltr'><strong>Et</strong></span> <span class='ocrx_word' id='word_1_341' title='bbox 630 2034 713 2059; x_wconf 90' lang='lat' dir='ltr'><strong>non</strong></span> <span class='ocrx_word' id='word_1_342' title='bbox 745 2020 924 2072; x_wconf 84' lang='lat' dir='ltr'><strong>sapendo</strong></span> <span class='ocrx_word' id='word_1_343' title='bbox 965 2019 1072 2058; x_wconf 86' lang='lat' dir='ltr'><strong>altro</strong></span> <span class='ocrx_word' id='word_1_344' title='bbox 1100 2019 1175 2058; x_wconf 85' lang='lat' dir='ltr'><strong>che</strong></span> <span class='ocrx_word' id='word_1_345' title='bbox 1203 2019 1367 2058; x_wconf 86' lang='lat' dir='ltr'><strong>dovesse</strong></span> <span class='ocrx_word' id='word_1_346' title='bbox 1396 2019 1508 2069; x_wconf 78' lang='lat' dir='ltr'><strong>fare,</strong></span> <span class='ocrx_word' id='word_1_347' title='bbox 1537 2017 1768 2058; x_wconf 73' lang='lat' dir='ltr'><strong>finalmente</strong></span> 
     </span>
     <span class='ocr_line' id='line_1_35' title="bbox 327 2073 1766 2128; baseline 0.001 -17"><span class='ocrx_word' id='word_1_348' title='bbox 327 2088 444 2125; x_wconf 83' lang='lat' dir='ltr'><strong>prese</strong></span> <span class='ocrx_word' id='word_1_349' title='bbox 491 2089 577 2114; x_wconf 91' lang='lat' dir='ltr'><strong>uno</strong></span> <span class='ocrx_word' id='word_1_350' title='bbox 615 2075 820 2128; x_wconf 86' lang='lat' dir='ltr'><strong>conseglio</strong></span> <span class='ocrx_word' id='word_1_351' title='bbox 849 2075 899 2113; x_wconf 89' lang='lat' dir='ltr'><strong>de</strong></span> <span class='ocrx_word' id='word_1_352' title='bbox 937 2088 1083 2127; x_wconf 82' lang='lat' dir='ltr'><strong>magno</strong></span> <span class='ocrx_word' id='word_1_353' title='bbox 1113 2074 1248 2112; x_wconf 82' lang='lat' dir='ltr'><strong>animo</strong></span> <span class='ocrx_word' id='word_1_354' title='bbox 1274 2081 1313 2113; x_wconf 89' lang='lat' dir='ltr'><strong>et</strong></span> <span class='ocrx_word' id='word_1_355' title='bbox 1341 2074 1392 2112; x_wconf 90' lang='lat' dir='ltr'><strong>de</strong></span> <span class='ocrx_word' id='word_1_356' title='bbox 1422 2073 1575 2126; x_wconf 81' lang='lat' dir='ltr'><strong>grande</strong></span> <span class='ocrx_word' id='word_1_357' title='bbox 1606 2074 1766 2125; x_wconf 82' lang='lat' dir='ltr'><strong>inpresa</strong></span> 
     </span>
     <span class='ocr_line' id='line_1_36' title="bbox 328 2126 1765 2184; baseline -0.001 -17"><span class='ocrx_word' id='word_1_358' title='bbox 328 2128 395 2179; x_wconf 83' lang='lat' dir='ltr'><strong>pel</strong></span> <span class='ocrx_word' id='word_1_359' title='bbox 419 2143 494 2168; x_wconf 90' lang='lat' dir='ltr'><strong>suo</strong></span> <span class='ocrx_word' id='word_1_360' title='bbox 541 2130 771 2184; x_wconf 81' lang='lat' dir='ltr'><strong>gradagno,</strong></span> <span class='ocrx_word' id='word_1_361' title='bbox 813 2144 878 2167; x_wconf 86' lang='lat' dir='ltr'><strong>ma</strong></span> <span class='ocrx_word' id='word_1_362' title='bbox 906 2128 1035 2168; x_wconf 81' lang='lat' dir='ltr'><strong>molto</strong></span> <span class='ocrx_word' id='word_1_363' title='bbox 1074 2129 1298 2181; x_wconf 80' lang='lat' dir='ltr'><strong>pernitioso</strong></span> <span class='ocrx_word' id='word_1_364' title='bbox 1335 2136 1373 2167; x_wconf 86' lang='lat' dir='ltr'><strong>et</strong></span> <span class='ocrx_word' id='word_1_365' title='bbox 1401 2128 1578 2181; x_wconf 83' lang='lat' dir='ltr'><strong>maligno</strong></span> <span class='ocrx_word' id='word_1_366' title='bbox 1611 2141 1685 2180; x_wconf 84' lang='lat' dir='ltr'><strong>per</strong></span> <span class='ocrx_word' id='word_1_367' title='bbox 1725 2126 1765 2166; x_wconf 81' lang='lat' dir='ltr'><strong>la</strong></span> 
     </span>
     <span class='ocr_line' id='line_1_37' title="bbox 253 2180 1767 2237; baseline -0.002 -14"><span class='ocrx_word' id='word_1_368' title='bbox 253 2190 314 2223; x_wconf 86' lang='grc'><strong>165</strong></span> <span class='ocrx_word' id='word_1_369' title='bbox 330 2183 655 2223; x_wconf 81' lang='lat' dir='ltr'><strong>Christianitade.</strong></span> <span class='ocrx_word' id='word_1_370' title='bbox 712 2185 873 2237; x_wconf 87' lang='lat' dir='ltr'><strong>Scripse</strong></span> <span class='ocrx_word' id='word_1_371' title='bbox 900 2185 1041 2223; x_wconf 83' lang='lat' dir='ltr'><strong>lettere</strong></span> <span class='ocrx_word' id='word_1_372' title='bbox 1071 2183 1106 2222; x_wconf 78' lang='lat' dir='ltr'><strong>a!</strong></span> <span class='ocrx_word' id='word_1_373' title='bbox 1135 2184 1266 2222; x_wconf 84' lang='lat' dir='ltr'><strong>ducha</strong></span> <span class='ocrx_word' id='word_1_374' title='bbox 1291 2186 1450 2230; x_wconf 68' lang='lat' dir='ltr'><strong>Morznt,</strong></span> <span class='ocrx_word' id='word_1_375' title='bbox 1481 2197 1559 2235; x_wconf 85' lang='lat' dir='ltr'><strong>per</strong></span> <span class='ocrx_word' id='word_1_376' title='bbox 1585 2182 1622 2220; x_wconf 92' lang='grc'><strong>16</strong></span> <span class='ocrx_word' id='word_1_377' title='bbox 1648 2180 1767 2234; x_wconf 84' lang='lat' dir='ltr'><strong>quale</strong></span> 
     </span>
     <span class='ocr_line' id='line_1_38' title="bbox 325 2234 1765 2293; baseline -0.001 -18"><span class='ocrx_word' id='word_1_378' title='bbox 325 2252 650 2278; x_wconf 84' lang='lat' dir='ltr'><strong>commemorava</strong></span> <span class='ocrx_word' id='word_1_379' title='bbox 676 2239 715 2278; x_wconf 88' lang='lat' dir='ltr'><strong>la</strong></span> <span class='ocrx_word' id='word_1_380' title='bbox 743 2239 895 2293; x_wconf 83' lang='lat' dir='ltr'><strong>grande</strong></span> <span class='ocrx_word' id='word_1_381' title='bbox 913 2238 1147 2278; x_wconf 55' lang='lat' dir='ltr'><strong>familiarite</strong></span> <span class='ocrx_word' id='word_1_382' title='bbox 1172 2253 1194 2278; x_wconf 91' lang='lat' dir='ltr'><strong>e</strong></span> <span class='ocrx_word' id='word_1_383' title='bbox 1220 2238 1392 2277; x_wconf 84' lang='lat' dir='ltr'><strong>amicitia</strong></span> <span class='ocrx_word' id='word_1_384' title='bbox 1414 2237 1487 2276; x_wconf 87' lang='lat' dir='ltr'><strong>che</strong></span> <span class='ocrx_word' id='word_1_385' title='bbox 1504 2237 1659 2275; x_wconf 85' lang='lat' dir='ltr'><strong>havuto</strong></span> <span class='ocrx_word' id='word_1_386' title='bbox 1689 2234 1765 2274; x_wconf 86' lang='lat' dir='ltr'><strong>ha.-</strong></span> 
     </span>
     <span class='ocr_line' id='line_1_39' title="bbox 325 2293 1765 2346; baseline -0.001 -16"><span class='ocrx_word' id='word_1_387' title='bbox 325 2306 400 2331; x_wconf 86' lang='lat' dir='ltr'><strong>vea</strong></span> <span class='ocrx_word' id='word_1_388' title='bbox 441 2293 505 2331; x_wconf 89' lang='lat' dir='ltr'><strong>col</strong></span> <span class='ocrx_word' id='word_1_389' title='bbox 545 2294 676 2332; x_wconf 86' lang='lat' dir='ltr'><strong>ducha</strong></span> <span class='ocrx_word' id='word_1_390' title='bbox 705 2294 958 2333; x_wconf 82' lang='lat' dir='ltr'><strong>Mechemeth</strong></span> <span class='ocrx_word' id='word_1_391' title='bbox 1007 2308 1080 2333; x_wconf 88' lang='lat' dir='ltr'><strong>suo</strong></span> <span class='ocrx_word' id='word_1_392' title='bbox 1118 2300 1258 2346; x_wconf 86' lang='lat' dir='ltr'><strong>patre,</strong></span> <span class='ocrx_word' id='word_1_393' title='bbox 1291 2293 1545 2332; x_wconf 86' lang='lat' dir='ltr'><strong>offerendose</strong></span> <span class='ocrx_word' id='word_1_394' title='bbox 1571 2296 1714 2343; x_wconf 83' lang='lat' dir='ltr'><strong>parato</strong></span> <span class='ocrx_word' id='word_1_395' title='bbox 1740 2305 1765 2329; x_wconf 89' lang='lat' dir='ltr'><strong>a</strong></span> 
     </span>
     <span class='ocr_line' id='line_1_40' title="bbox 326 2347 1764 2402; baseline 0 -18"><span class='ocrx_word' id='word_1_396' title='bbox 326 2347 584 2386; x_wconf 80' lang='lat' dir='ltr'><strong>continuarla</strong></span> <span class='ocrx_word' id='word_1_397' title='bbox 629 2363 702 2388; x_wconf 88' lang='lat' dir='ltr'><strong>con</strong></span> <span class='ocrx_word' id='word_1_398' title='bbox 756 2348 795 2387; x_wconf 92' lang='lat' dir='ltr'><strong>la</strong></span> <span class='ocrx_word' id='word_1_399' title='bbox 823 2364 894 2388; x_wconf 87' lang='lat' dir='ltr'><strong>sua</strong></span> <span class='ocrx_word' id='word_1_400' title='bbox 933 2349 1123 2402; x_wconf 85' lang='lat' dir='ltr'><strong>signoria.</strong></span> <span class='ocrx_word' id='word_1_401' title='bbox 1179 2348 1235 2387; x_wconf 83' lang='lat' dir='ltr'><strong>Et</strong></span> <span class='ocrx_word' id='word_1_402' title='bbox 1260 2347 1513 2401; x_wconf 81' lang='lat' dir='ltr'><strong>bisognando</strong></span> <span class='ocrx_word' id='word_1_403' title='bbox 1545 2359 1692 2384; x_wconf 86' lang='lat' dir='ltr'><strong>ancora</strong></span> <span class='ocrx_word' id='word_1_404' title='bbox 1721 2359 1764 2384; x_wconf 86' lang='lat' dir='ltr'><strong>se</strong></span> 
     </span>
     <span class='ocr_line' id='line_1_41' title="bbox 329 2398 1763 2456; baseline -0.001 -17"><span class='ocrx_word' id='word_1_405' title='bbox 329 2402 499 2441; x_wconf 79' lang='lat' dir='ltr'><strong>oss&#39;erIVa</strong></span> <span class='ocrx_word' id='word_1_406' title='bbox 527 2417 666 2454; x_wconf 85' lang='lat' dir='ltr'><strong>passar</strong></span> <span class='ocrx_word' id='word_1_407' title='bbox 696 2418 769 2443; x_wconf 83' lang='lat' dir='ltr'><strong>sua</strong></span> <span class='ocrx_word' id='word_1_408' title='bbox 802 2404 977 2456; x_wconf 84' lang='lat' dir='ltr'><strong>signoria</strong></span> <span class='ocrx_word' id='word_1_409' title='bbox 1005 2418 1083 2443; x_wconf 87' lang='lat' dir='ltr'><strong>con</strong></span> <span class='ocrx_word' id='word_1_410' title='bbox 1114 2402 1158 2442; x_wconf 85' lang='lat' dir='ltr'><strong>lu</strong></span> <span class='ocrx_word' id='word_1_411' title='bbox 1186 2404 1359 2442; x_wconf 87' lang='lat' dir='ltr'><strong>exercito</strong></span> <span class='ocrx_word' id='word_1_412' title='bbox 1386 2401 1438 2440; x_wconf 85' lang='lat' dir='ltr'><strong>da</strong></span> <span class='ocrx_word' id='word_1_413' title='bbox 1468 2399 1626 2441; x_wconf 82' lang='lat' dir='ltr'><strong>Natolia</strong></span> <span class='ocrx_word' id='word_1_414' title='bbox 1654 2398 1695 2437; x_wconf 90' lang='lat' dir='ltr'><strong>in</strong></span> <span class='ocrx_word' id='word_1_415' title='bbox 1724 2399 1763 2438; x_wconf 89' lang='lat' dir='ltr'><strong>la</strong></span> 
     </span>
     <span class='ocr_line' id='line_1_42' title="bbox 327 2453 1763 2511; baseline -0.001 -17"><span class='ocrx_word' id='word_1_416' title='bbox 327 2457 437 2505; x_wconf 74' lang='lat' dir='ltr'><strong>nisi,</strong></span> <span class='ocrx_word' id='word_1_417' title='bbox 483 2459 554 2496; x_wconf 70' lang='lat' dir='ltr'><strong>zoe</strong></span> <span class='ocrx_word' id='word_1_418' title='bbox 600 2458 642 2496; x_wconf 92' lang='lat' dir='ltr'><strong>in</strong></span> <span class='ocrx_word' id='word_1_419' title='bbox 683 2458 721 2497; x_wconf 85' lang='lat' dir='ltr'><strong>la</strong></span> <span class='ocrx_word' id='word_1_420' title='bbox 756 2460 968 2498; x_wconf 84' lang='lat' dir='ltr'><strong>Romania.</strong></span> <span class='ocrx_word' id='word_1_421' title='bbox 1047 2459 1162 2497; x_wconf 86' lang='lat' dir='ltr'><strong>Lette</strong></span> <span class='ocrx_word' id='word_1_422' title='bbox 1203 2465 1343 2511; x_wconf 85' lang='lat' dir='ltr'><strong>queste</strong></span> <span class='ocrx_word' id='word_1_423' title='bbox 1375 2456 1538 2505; x_wconf 81' lang='lat' dir='ltr'><strong>lettere,</strong></span> <span class='ocrx_word' id='word_1_424' title='bbox 1566 2455 1601 2494; x_wconf 89' lang='lat' dir='ltr'><strong>el</strong></span> <span class='ocrx_word' id='word_1_425' title='bbox 1631 2453 1763 2493; x_wconf 89' lang='lat' dir='ltr'><strong>ducha</strong></span> 
     </span>
     <span class='ocr_line' id='line_1_43' title="bbox 276 2507 1762 2566; baseline -0.001 -19"><span class='ocrx_word' id='word_1_426' title='bbox 276 2557 281 2560; x_wconf 30' lang='grc' dir='ltr'>Ι</span> <span class='ocrx_word' id='word_1_427' title='bbox 328 2511 468 2550; x_wconf 76' lang='lat' dir='ltr'><strong>Morat</strong></span> <span class='ocrx_word' id='word_1_428' title='bbox 494 2512 660 2565; x_wconf 73' lang='lat' dir='ltr'><strong>accepto</strong></span> <span class='ocrx_word' id='word_1_429' title='bbox 688 2514 726 2552; x_wconf 88' lang='grc'><strong>16</strong></span> <span class='ocrx_word' id='word_1_430' title='bbox 755 2515 901 2553; x_wconf 81' lang='lat' dir='ltr'><strong>offerte</strong></span> <span class='ocrx_word' id='word_1_431' title='bbox 929 2529 1003 2553; x_wconf 89' lang='lat' dir='ltr'><strong>con</strong></span> <span class='ocrx_word' id='word_1_432' title='bbox 1036 2513 1170 2566; x_wconf 79' lang='lat' dir='ltr'><strong>alegro</strong></span> <span class='ocrx_word' id='word_1_433' title='bbox 1200 2526 1312 2563; x_wconf 88' lang='lat' dir='ltr'><strong>core,</strong></span> <span class='ocrx_word' id='word_1_434' title='bbox 1344 2518 1386 2551; x_wconf 87' lang='lat' dir='ltr'><strong>et</strong></span> <span class='ocrx_word' id='word_1_435' title='bbox 1412 2510 1568 2562; x_wconf 88' lang='lat' dir='ltr'><strong>rispose</strong></span> <span class='ocrx_word' id='word_1_436' title='bbox 1595 2507 1668 2548; x_wconf 87' lang='lat' dir='ltr'><strong>che</strong></span> <span class='ocrx_word' id='word_1_437' title='bbox 1695 2509 1762 2546; x_wconf 82' lang='lat' dir='ltr'><strong>in-</strong></span> 
     </span>
     <span class='ocr_line' id='line_1_44' title="bbox 328 2563 1763 2618; baseline -0.001 -15"><span class='ocrx_word' id='word_1_438' title='bbox 328 2565 383 2603; x_wconf 88' lang='lat' dir='ltr'><strong>fin</strong></span> <span class='ocrx_word' id='word_1_439' title='bbox 412 2566 538 2617; x_wconf 89' lang='lat' dir='ltr'><strong>pochi</strong></span> <span class='ocrx_word' id='word_1_440' title='bbox 568 2567 681 2606; x_wconf 86' lang='lat' dir='ltr'><strong>zorni</strong></span> <span class='ocrx_word' id='word_1_441' title='bbox 712 2568 876 2608; x_wconf 84' lang='lat' dir='ltr'><strong>veneria</strong></span> <span class='ocrx_word' id='word_1_442' title='bbox 907 2570 947 2607; x_wconf 88' lang='lat' dir='ltr'><strong>in</strong></span> <span class='ocrx_word' id='word_1_443' title='bbox 978 2568 1148 2617; x_wconf 81' lang='lat' dir='ltr'><strong>Pursia,</strong></span> <span class='ocrx_word' id='word_1_444' title='bbox 1191 2567 1442 2606; x_wconf 84' lang='lat' dir='ltr'><strong>trovandose</strong></span> <span class='ocrx_word' id='word_1_445' title='bbox 1467 2566 1508 2604; x_wconf 88' lang='lat' dir='ltr'><strong>in</strong></span> <span class='ocrx_word' id='word_1_446' title='bbox 1537 2563 1630 2618; x_wconf 86' lang='lat' dir='ltr'><strong>quel</strong></span> <span class='ocrx_word' id='word_1_447' title='bbox 1662 2569 1763 2601; x_wconf 83' lang='lat' dir='ltr'><strong>tem-</strong></span> 
     </span>
     <span class='ocr_line' id='line_1_45' title="bbox 326 2619 1762 2675; baseline -0.002 -17"><span class='ocrx_word' id='word_1_448' title='bbox 326 2634 382 2672; x_wconf 89' lang='lat' dir='ltr'><strong>po</strong></span> <span class='ocrx_word' id='word_1_449' title='bbox 413 2620 454 2659; x_wconf 86' lang='lat' dir='ltr'><strong>in</strong></span> <span class='ocrx_word' id='word_1_450' title='bbox 483 2621 522 2659; x_wconf 88' lang='grc'><strong>16</strong></span> <span class='ocrx_word' id='word_1_451' title='bbox 563 2629 678 2674; x_wconf 82' lang='lat' dir='ltr'><strong>parte</strong></span> <span class='ocrx_word' id='word_1_452' title='bbox 705 2623 755 2662; x_wconf 90' lang='lat' dir='ltr'><strong>de</strong></span> <span class='ocrx_word' id='word_1_453' title='bbox 787 2625 972 2675; x_wconf 81' lang='lat' dir='ltr'><strong>Amasia3</strong></span> <span class='ocrx_word' id='word_1_454' title='bbox 1017 2630 1057 2662; x_wconf 86' lang='lat' dir='ltr'><strong>et</strong></span> <span class='ocrx_word' id='word_1_455' title='bbox 1085 2629 1208 2662; x_wconf 84' lang='lat' dir='ltr'><strong>zonto</strong></span> <span class='ocrx_word' id='word_1_456' title='bbox 1238 2621 1339 2661; x_wconf 82' lang='lat' dir='ltr'><strong>ch&#39;el</strong></span> <span class='ocrx_word' id='word_1_457' title='bbox 1366 2622 1470 2660; x_wconf 84' lang='lat' dir='ltr'><strong>fosse</strong></span> <span class='ocrx_word' id='word_1_458' title='bbox 1497 2620 1525 2658; x_wconf 77' lang='lat' dir='ltr'>h</span> <span class='ocrx_word' id='word_1_459' title='bbox 1544 2648 1556 2669; x_wconf 92' lang='lat'>,</span> <span class='ocrx_word' id='word_1_460' title='bbox 1586 2619 1614 2657; x_wconf 87' lang='lat' dir='ltr'><strong>li</strong></span> <span class='ocrx_word' id='word_1_461' title='bbox 1643 2631 1762 2655; x_wconf 81' lang='lat' dir='ltr'><strong>man-</strong></span> 
     </span>
     <span class='ocr_line' id='line_1_46' title="bbox 328 2672 1762 2731; baseline -0.002 -18"><span class='ocrx_word' id='word_1_462' title='bbox 328 2674 439 2714; x_wconf 88' lang='lat' dir='ltr'><strong>dasse</strong></span> <span class='ocrx_word' id='word_1_463' title='bbox 484 2690 567 2715; x_wconf 91' lang='lat' dir='ltr'><strong>uno</strong></span> <span class='ocrx_word' id='word_1_464' title='bbox 610 2676 651 2714; x_wconf 84' lang='lat' dir='ltr'><strong>di</strong></span> <span class='ocrx_word' id='word_1_465' title='bbox 696 2680 755 2717; x_wconf 90' lang='lat' dir='ltr'><strong>soi</strong></span> <span class='ocrx_word' id='word_1_466' title='bbox 802 2679 907 2718; x_wconf 81' lang='lat' dir='ltr'><strong>fideli</strong></span> <span class='ocrx_word' id='word_1_467' title='bbox 930 2708 941 2729; x_wconf 88' lang='lat'>‚</span> <span class='ocrx_word' id='word_1_468' title='bbox 989 2677 1052 2716; x_wconf 85' lang='lat' dir='ltr'><strong>col</strong></span> <span class='ocrx_word' id='word_1_469' title='bbox 1097 2677 1217 2731; x_wconf 82' lang='lat' dir='ltr'><strong>quale</strong></span> <span class='ocrx_word' id='word_1_470' title='bbox 1243 2676 1437 2715; x_wconf 67' lang='lat' dir='ltr'><strong>conferirh</strong></span> <span class='ocrx_word' id='word_1_471' title='bbox 1466 2680 1506 2714; x_wconf 85' lang='lat' dir='ltr'><strong>ct</strong></span> <span class='ocrx_word' id='word_1_472' title='bbox 1536 2672 1762 2712; x_wconf 51' lang='lat' dir='ltr'><strong>deliberare</strong></span> 
     </span>
     <span class='ocr_line' id='line_1_47' title="bbox 312 2727 1758 2786; baseline -0.002 -17"><span class='ocrx_word' id='word_1_473' title='bbox 312 2729 465 2784; x_wconf 26' lang='lat' dir='ltr'><strong>*quello</strong></span> <span class='ocrx_word' id='word_1_474' title='bbox 493 2745 535 2771; x_wconf 89' lang='lat' dir='ltr'><strong>se</strong></span> <span class='ocrx_word' id='word_1_475' title='bbox 560 2730 708 2771; x_wconf 69' lang='lat' dir='ltr'><strong>havera</strong></span> <span class='ocrx_word' id='word_1_476' title='bbox 741 2733 791 2772; x_wconf 85' lang='lat' dir='ltr'><strong>ad</strong></span> <span class='ocrx_word' id='word_1_477' title='bbox 819 2734 918 2773; x_wconf 83' lang='lat' dir='ltr'><strong>sare.</strong></span> <span class='ocrx_word' id='word_1_478' title='bbox 950 2732 1082 2786; x_wconf 85' lang='lat' dir='ltr'><strong>Dapoi</strong></span> <span class='ocrx_word' id='word_1_479' title='bbox 1104 2732 1282 2786; x_wconf 83' lang='lat' dir='ltr'><strong>alquanti</strong></span> <span class='ocrx_word' id='word_1_480' title='bbox 1310 2731 1421 2771; x_wconf 85' lang='lat' dir='ltr'><strong>zorni</strong></span> <span class='ocrx_word' id='word_1_481' title='bbox 1449 2729 1607 2769; x_wconf 79' lang='lat' dir='ltr'>Zuauui</span> <span class='ocrx_word' id='word_1_482' title='bbox 1624 2727 1758 2767; x_wconf 80' lang='lat' dir='ltr'><strong>Ador-</strong></span> 
     </span>
    </p>
   </div>
  </div>
 </body>
</html>
