1884 3216
313 153 608 200 ms'romAE
627 122 989 199 *BYZANTlNAE
1026 157 1144 226 cAP.
1178 158 1357 202 xxxlx.
1493 143 1604 219 287

154 259 238 303 τῶν
282 260 555 316 Χριστιανῶν
598 260 676 303 τοῦ
713 263 860 314 λαβεῖν
907 258 983 316 τὴν
1018 258 1204 317 κεφαλήν
1224 274 1310 312 μου
1342 261 1415 303 ἀπ’
1446 264 1552 318 ἐμοῦ
1569 268 1606 318 ,·”

153 319 316 383 ἦνγᾶρ
342 323 580 380 μονώτατος
606 324 894 382 ἀπολειφθείς.
950 326 1040 369 τότε
1082 321 1143 377 εἷς
1170 326 1253 370 τῶν
1284 326 1482 385 Τούρκων
1507 330 1609 382 δούς

155 391 271 450 αὐτῷ
315 390 422 435 κατὰ
473 390 700 449 πρόσωπον
742 390 817 433 καὶ
859 390 1044 449 πλήξας,
1088 391 1164 435 καί
1190 390 1319 442 αὐτὸς
1346 395 1402 453 τῷ
1434 397 1606 456 Τούρκῳ

151 453 302 514 ἑτέραν
328 459 582 514 ἐχαρίσατο·
634 459 717 501 τῶν
745 451 920 501 ὄπισθεν
949 460 985 501 δ’
1013 460 1152 516 ἕτερος
1177 458 1347 517 καιρίαν
1375 460 1477 512 δούς
1504 467 1651 519 πλη-Ι)

113 521 249 580 ὄγῆν,
283 521 406 566 ἔπεσε
433 522 541 567 κατὰ
570 526 670 580 γῆς·
731 523 779 566 οὔ
807 522 888 580 γάρ
921 520 1098 583 ᾔδεισαν
1126 521 1187 568 ὅτι
1215 524 1238 568 ὅ
1261 526 1463 581 βασιλεύς
1482 530 1608 584 ἐστιν,

148 590 245 637 οἷλλῗ
274 588 334 640 ὥς
358 588 497 635 κοινὸν
522 588 784 647 στρατιώτην
811 592 956 633 τοῦτον
976 593 1297 644 θανατώσαντες
1314 594 1499 651 α’φῆκαν.
1521 596 1610 638 εἰσ-

145 654 344 715 ελθόντες
381 656 430 699 δὲ
470 656 510 699 οἱ
543 659 724 714 Τοῦρκοι
751 657 860 714 πλὴν
899 659 1029 713 τριῶν
1054 659 1100 700 ἐν
1129 660 1183 717 τῇ
1209 658 1435 703 εἶσελεύσει
1469 660 1611 712 οὐδεὶς

146 715 276 772 ἄλλος
318 720 539 766 ἆπιόλετο·
607 719 662 780 ἦν
698 723 779 780 γὰρ
820 722 913 780 ὡ’ρα
955 722 1101 781 πρώτη
1144 727 1219 781 τῆς
1256 725 1445 783 ἡμέρας,
1489 723 1610 771 οὔπω

145 785 256 844 ὑπὲρ
295 791 374 845 γῆν
415 792 629 845 φανέντος.
701 788 979 834 εἰσελθόντων
1025 793 1072 833 δὲ
1105 790 1180 834 καί
1219 792 1611 837 διασκεδασθέντων

88 869 136 898 ιο
147 851 232 896 α’πὸ
260 857 334 911 τῆς
361 853 497 911 πύλης
528 859 734 913 Χαρισοῦ
757 859 835 907 ἕως
861 852 938 899 τὸὗ
974 860 1179 900 παλατιόυ
1211 857 1285 902 τὸν
1311 857 1609 915 ἀπαντήσαντα

145 917 353 978 ἐφόνευον
381 921 538 975 ὁμοίως
565 924 640 966 καί
664 922 734 966 τὸν
775 921 993 980 φεύγοντα.
1050 926 1318 980 κατέσφαξαν
1347 921 1423 968 οὖν
1450 922 1612 982 ἄνδρας

144 989 366 1044 μαχίμους
395 991 476 1040 ἕως
499 987 701 1044 χιλιάδας
729 988 821 1032 δύο.
887 991 961 1032 καί
987 989 1070 1047 γὰρ
1102 989 1142 1032 οἱ
1177 994 1216 1033 Τ
1213 993 1359 1046 οῦρκοι
1389 993 1610 1035 §dedolan-

145 1068 253 1100 σαν·
322 1053 432 1113 ἦσαν
481 1054 563 1113 γὰρ
609 1058 682 1100 αἐἰ
719 1048 1057 1111 διαλογιζόμενοι
1101 1052 1170 1099 ὅτι
1195 1055 1315 1108 ἐντὸς
1345 1061 1419 1114 τῆς
1450 1059 1610 1109 πόλεως

145 1121 426 1178 τούλάχιστον
466 1120 636 1167 ἔσονται
674 1122 927 1177 πολεμισταὶ
953 1123 1011 1173 ὥς
1036 1127 1508 1180 πεντηκοντακισχιλιοι.
1546 1128 1609 1169 ’ἐν

86 1186 278 1250 ι5τούτῳ
309 1187 408 1240 τούς
434 1190 670 1245 δισχιλίους
695 1190 982 1246 κατέσφαξαν.
1044 1191 1086 1232 εἰ
1120 1188 1200 1245 γὰρ
1235 1185 1394 1248 ᾔδεσαν
1434 1188 1499 1234 ὅτι
1525 1195 1607 1243 πᾶς
1620 1201 1656 1235 Ρ.
1675 1205 1740 1239 162

143 1257 227 1300 τῶν
269 1255 460 1300 ἐνόπλων
497 1254 676 1313 στρατὸς
713 1256 792 1310 οὐχ
827 1255 1078 1311 ὑπερβαίνει
1103 1254 1203 1306 τούς
1231 1256 1604 1313 ὀκτακισχιλίους,

84 1342 86 1346 ’
143 1323 222 1365 οὔκ
251 1318 306 1366 ἂν
333 1321 559 1366 ‹inda-sudat
585 1339 681 1366 τινα
699 1337 711 1348 ·
752 1322 1073 1379 φιλοχρήματον
1096 1321 1177 1379 γὰρ
1210 1319 1258 1365 ὃν
1285 1323 1335 1365 τὸ
1366 1326 1483 1379 γένος
1508 1328 1610 1367 τοῦ·

140 1404 210 1442 το,
240 1389 282 1432 εἶ
325 1386 399 1432 καί
441 1388 597 1446 φονεὺς
624 1387 827 1446 πατρικὸς
860 1390 1038 1443 ἐμπέσοι
1066 1389 1111 1432 ἐν
1142 1395 1235 1440 ταῖς
1261 1392 1411 1444 χερσῖν
1439 1391 1607 1446 αὐτῶν,

142 1454 215 1498 διὰ
245 1458 416 1511 χρυσοῦ
452 1453 720 1499 οἶπολύουσι·
780 1454 896 1514 πόσῳ
932 1457 1094 1510 μᾶλλον
1135 1455 1157 1497 0‘
1185 1454 1244 1511 μή
1279 1457 1486 1513 α’ὁίκήσας
1513 1454 1607 1501 ἄλλ’

75 1521 214 1565 201571’
243 1522 378 1564 αὐτοῦ’
405 1518 696 1575 ἀδικούμενος.
751 1521 827 1564 καί
849 1520 930 1576 γὰρ
962 1520 1071 1576 μετὰ
1101 1520 1170 1564 τὸν
1199 1520 1382 1577 πόλεμον
1407 1525 1606 1579 ἐνέτυχον

140 1586 222 1649 ἒγῴ
253 1592 445 1642 πολλοῖς,
483 1588 560 1631 καὶ
601 1588 852 1644 διηγήσαντό
878 1604 954 1641 μοι
1001 1591 1091 1638 πῶς
1122 1589 1377 1645 φοβούμενοι
1402 1589 1500 1641 τούς
1528 1590 1603 1645 ἔμ-

139 1657 328 1710 προσθεν
361 1653 625 1710 ἕσφάττομεν
652 1654 752 1705 τοὺς
779 1653 1081 1711 προλαβόντας.
1150 1657 1225 1697 καί
1247 1655 1328 1713 γάρ
1364 1659 1406 1699 εἰ
1428 1653 1602 1715 ᾔδειμεν

137 1718 346 1778 τοσαύτην
384 1716 568 1778 ἆποριάν
609 1720 778 1778 ἀνδρῶν
823 1721 1107 1779 ὑπάρχουσαν
1152 1724 1199 1766 ἐν
1242 1725 1296 1781 τῇ
1331 1721 1475 1779 πόλει,
1501 1723 1600 1775 τούς

137 1921 179 1943 ac
203 1919 353 1955 corpore
378 1909 561 1949 fatiscens,
586 1908 743 1953 clipeum
773 1918 969 1953 ensemque
994 1907 1162 1942 manibus
1188 1914 1354 1952 gestans,
1378 1909 1599 1944 lamentabi-

137 1957 209 1991 lem
233 1969 275 1991 ac
297 1957 612 1991 commiseratione
637 1955 782 2000 dignam
795 1966 920 1988 vocem
947 1956 1089 1990 emisit:
1114 1955 1286 1989 nullusne
1303 1956 1407 1990 adest
1421 1957 1598 1991 Christia-

136 2017 204 2039 nus
229 2005 295 2052 qui
323 2009 432 2051 caput
462 2003 554 2037 mihi
583 2002 772 2048 amputet?
797 2002 843 2035 ab
870 2002 1038 2036 omnibus
1077 2003 1214 2048 quippe
1240 2003 1403 2037 desertus
1431 2010 1518 2038 erat.
1547 2006 1597 2039 si-

135 2052 212 2086 mul
236 2065 317 2086 cum
359 2052 416 2087 his
445 2051 566 2086 verbis
603 2051 742 2084 Turcus
783 2049 931 2094 quidam
955 2050 1086 2083 vulnus
1112 2050 1146 2082 ei
1170 2050 1209 2083 in
1238 2051 1367 2084 faciem
1392 2051 1595 2096 in1pressit3

135 2099 214 2146 ipse
240 2100 362 2134 Turco
396 2098 500 2134 aliud
528 2097 700 2132 reddidit.
739 2097 844 2130 letali
871 2097 1005 2130 deinde
1032 2097 1184 2131 vulnere
1210 2098 1419 2140 confossus,
1445 2111 1466 2131 a
1492 2105 1593 2144 tergo

136 2158 219 2181 eum
257 2147 453 2182 invadente
489 2146 586 2187 alio,
623 2144 793 2178 concidit.
839 2145 890 2178 sic
918 2145 1151 2178 interfectum
1180 2156 1248 2178 nec
1283 2157 1349 2190 pro
1374 2145 1594 2191 imperatore

134 2195 321 2240 agnitum,
358 2201 534 2240 tanquam
572 2193 771 2238 gregarium
802 2192 957 2225 militem
982 2192 1192 2225 omiserunt.
1219 2203 1327 2237 porro
1358 2191 1443 2226 dum
1468 2194 1507 2227 in
1532 2206 1595 2228 ur-

135 2240 220 2276 bem
243 2241 334 2276 hora
357 2242 432 2280 diei
467 2241 584 2288 prima
607 2239 770 2274 nondum
797 2245 876 2273 orto
911 2239 987 2273 sole
1012 2245 1251 2285 perrumpunt
1276 2240 1386 2274 Turci
1401 2266 1411 2282 ,
1445 2252 1593 2275 suorum

134 2294 208 2324 tres
232 2289 459 2324 solummodo
486 2288 794 2323 desideraverunt.
822 2287 950 2320 urbem
974 2287 1127 2332 ingressi
1146 2292 1183 2320 et
1208 2298 1228 2319 a
1253 2287 1394 2322 Charisi
1417 2294 1522 2333 porta
1546 2289 1594 2323 ad

133 2336 312 2382 palatium
337 2337 472 2378 diffusi,
498 2336 624 2370 obvios
650 2336 788 2381 pariter
811 2346 852 2368 ac
879 2335 1059 2379 fugientes
1085 2334 1357 2369 interfecerunt.
1383 2347 1594 2370 numerum-

133 2394 206 2429 que
229 2384 411 2425 militum,
436 2384 501 2430 qui
537 2383 622 2417 urbi
645 2381 805 2417 tuendae
830 2393 975 2427 operam
1000 2387 1194 2423 navarent,
1220 2382 1484 2428 quinquaginta
1508 2385 1592 2418 mil-

132 2430 184 2464 lia
208 2442 365 2478 aequare
391 2431 504 2466 Turci
530 2432 600 2465 rati
623 2442 664 2464 ac
688 2430 946 2471 formidantes,
973 2429 1045 2463 duo
1071 2429 1217 2462 illorum
1240 2430 1357 2463 millia
1371 2431 1453 2464 neci
1479 2430 1592 2465 dede-

133 2483 229 2513 runt.
254 2478 389 2525 quibus
415 2479 446 2513 si
475 2484 698 2524 compertum
735 2477 865 2511 fuisset
891 2477 1094 2510 universam
1116 2476 1216 2511 bello
1241 2483 1360 2522 aptam
1383 2479 1592 2512 multitudi-

125 2535 217 2559 nem
241 2532 323 2560 octo
358 2526 476 2561 millia
499 2537 576 2560 non
602 2536 794 2572 superare,
832 2525 956 2558 nullus
982 2536 1106 2558 eorum
1131 2524 1310 2569 periisset.
1337 2526 1512 2559 avaritiae
1537 2532 1592 2560 et-

134 2572 231 2607 enim
253 2573 345 2608 adeo
371 2572 532 2608 obnoxia
555 2572 646 2608 haec
670 2584 755 2619 gens
782 2577 848 2613 est,
873 2577 916 2605 ut
943 2571 1103 2617 quilibet
1129 2571 1249 2605 caedis
1272 2578 1446 2618 paternae
1470 2572 1591 2607 vindi-

132 2624 225 2654 ctam
249 2621 412 2662 omittat,
440 2632 603 2667 auroque
628 2625 776 2666 accepto
809 2619 976 2654 sicarium
1000 2618 1156 2653 liberum
1182 2619 1283 2653 abire
1309 2621 1425 2654 sinat:
1452 2626 1589 2665 quanto

131 2668 244 2712 magi}
270 2679 350 2702 eum
379 2668 442 2714 qui
485 2669 581 2703 ultro
605 2668 651 2701 ab
679 2669 730 2702 eis
756 2667 924 2701 iniuriam
949 2667 1096 2712 patitur.
1131 2667 1295 2701 confecto
1319 2667 1420 2700 bello
1446 2679 1466 2699 a
1495 2668 1591 2701 mul-

131 2713 198 2755 tis,
226 2714 443 2760 quibuscum
467 2715 669 2750 coUocutus
695 2727 773 2749 sum
788 2741 797 2756 ,
823 2714 912 2748 talia
937 2713 1070 2747 audivi.
1096 2719 1233 2747 terrore
1257 2725 1298 2747 ac
1322 2714 1517 2748 formidine
1541 2714 1587 2747 ab

132 2760 184 2795 eis
210 2761 275 2807 qui
297 2761 336 2797 in
362 2763 479 2810 prima
504 2763 581 2797 acie
604 2767 854 2809 pugnaverant
886 2761 1055 2808 perculsi,
1081 2766 1264 2808 quotquot
1287 2762 1395 2808 primi
1422 2772 1588 2796 occurre-
