1916 3210
347 177 460 234 338
725 194 908 239 DUCAE
943 195 1230 239 mxanEms
1262 198 1487 242 NEPons

454 298 515 339 ’Ev
540 297 587 338 δὲ
618 294 730 356 Ιςςξεέ
761 294 843 337 ἔτει
869 290 1050 350 ἧλθασιν
1071 296 1118 338 ἐκ
1143 299 1218 351 τῆς
1237 297 1401 354 Ῥώμης
1429 300 1612 356 τριήρεις
1637 298 1787 345 ἕνδεκα

344 362 507 418 ἔχοντες
521 361 707 417 ἀρχηγὸν
733 360 996 416 πατριάρχην
1011 364 1086 416 τῆς
1111 363 1359 418 Ἀκουιλίας,
1390 365 1787 423 πεμφθεῶαιπαρῆ

343 429 424 470 τοῦ
452 427 571 469 πάντα
591 429 834 469 Καλλίστου
863 428 922 474 εἰς
947 425 1147 482 βοήθειαν
1171 430 1253 472 τῶν
1271 428 1409 485 νήσων
1434 431 1516 474 τῶν
1534 430 1789 488 πλησιαζόν-

343 508 428 536 των
454 499 542 542 τοῖς
580 491 802 547 Τούρκοις,
830 487 917 534 οἷον
949 489 1095 535 Ῥόδον
1133 495 1244 537 Χίον
1283 499 1454 551 Λέσβον
1493 500 1670 553 Λῆμνον
1695 493 1789 551 ’Ἰμ-

341 561 447 614 βρον
473 557 756 614 Σαμοθρᾴκην
782 557 857 599 καί
898 555 1052 604 Θάσον.
1116 560 1373 618 κατήντησαν
1404 557 1478 605 οὖν
1504 564 1551 606 ἐν
1575 561 1702 622 Ῥόδῳ
1730 563 1824 615 ὥςδ

343 623 426 665 ὑπὸ
455 622 527 666 τὸν
570 623 715 664 πάπαν
757 622 958 665 τελοῦσαν
1005 624 1079 666 καί
1104 623 1260 682 φόρους
1286 626 1344 683 μὴ
1369 627 1613 684 θελήσασαν
1640 630 1788 672 δοῦναι

342 694 430 739 τοῖς
453 688 666 744 Τούρκοις.
701 686 784 730 ἀπὸ
815 689 862 731 δὲ
876 686 1027 731 Ῥόδου
1055 689 1294 746 ἀπάραντες
1315 689 1498 749 ἤλθασιν
1525 696 1571 738 ἐν
1582 697 1692 754 Χίῳ,
1720 696 1788 737 αἶ·

342 755 509 803 zoom-9
531 755 613 795 τοῦ
624 751 682 809 μὴ
708 755 854 796 δοῦναι
878 755 1039 810 φόρους
1060 762 1145 806 τοῖς
1172 756 1374 814 Τούρκοις
1396 757 1502 802 ἄλλα
1520 755 1662 815 μάχήν
1677 761 1788 814 μᾶλ-

302 821 414 861 Ολον
434 815 619 860 ἑλέσθαι·
652 817 690 860 οἱ
721 820 761 861 δ’
788 820 866 860 οὐκ
884 821 1152 876 ἐπεισθησαν.
1182 821 1336 876 ὅμοίως
1362 823 1437 866 καὶ
1464 826 1509 867 ἐν
1523 827 1693 884 Λέσβῳ,
1717 822 1791 867 καὶ

342 879 469 925 afim*
511 882 564 926 τὰ
608 881 749 938 ὅμοια.
819 883 902 927 ἀπὸ
938 887 984 928 δὲ
1025 887 1197 941 Λέσβου
1228 885 1511 944 ἀθροισθέντα
1537 892 1614 932 τοῦ
1640 890 1852 946 πάπα,ιο

343 951 428 991 τῶν
458 947 717 992 Κατελοένων
763 949 837 992 καί
871 946 1025 1005 ἑτέρων
1055 956 1287 1010 λῃστρικῶν
1325 954 1480 997 πλοίων
1504 954 1577 998 τὸν
1601 953 1788 1012 α’ριθμὸν

339 1015 419 1063 ἕως
448 1015 488 1067 μ’
519 1012 708 1072 ἀπῄεσαν
735 1017 781 1057 ἐν
808 1019 861 1073 τῇ
887 1018 1051 1076 Λήμνῳ
1065 1049 1079 1070 ,
1119 1018 1194 1060 καί
1219 1017 1536 1075 παραλαβόντες
1561 1019 1637 1076 τήν
1663 1023 1788 1077 νῆσον
1827 1078 1830 1083 .

338 1074 520 1135 ἦλθασιν
548 1082 594 1122 ἐν
620 1079 902 1139 Σαμοθρᾴκῃ,
932 1086 1006 1125 καί
1048 1084 1246 1138 λαβόντες
1274 1085 1349 1128 καί
1373 1083 1529 1142 ταύτην
1556 1087 1616 1136 εἷς
1646 1085 1789 1130 Θάσον

338 1147 539 1199 ἐγένοντο.
605 1148 680 1188 καί
717 1146 908 1203 φύλακας
945 1151 1136 1201 ἐνθέντες
1178 1153 1225 1193 ἐν
1250 1157 1341 1200 ταῖς
1383 1151 1524 1207 νήσοις
1551 1154 1626 1194 καί
1650 1154 1788 1202 καλῶς

338 1211 651 1267 οἷσφαλίσαντες
686 1215 747 1261 εἰς
770 1210 916 1256 Ῥόδον
953 1215 1241 1272 ὑπέστρεψαν.
1305 1217 1392 1260 τότε
1424 1216 1445 1259 ὃ
1474 1215 1675 1274 τύραννος
1697 1222 1852 1272 μον-’15

337 1275 429 1318 θεὸν
461 1276 515 1317 τὰ
557 1277 759 1332 γενόμενα
786 1278 861 1333 τήν
888 1282 1028 1323 πᾶσαν
1066 1283 1205 1324 αἰτίαν
1231 1285 1289 1340 τῷ
1315 1283 1486 1338 ἡγεμόνι
1513 1287 1589 1339 τῆς
1614 1284 1787 1338 Λέσβου

337 1343 626 1396 κατέγραψεν,
663 1345 738 1386 καί
776 1345 825 1399 δὴ
869 1345 1012 1401 μάχην
1039 1347 1247 1402 κρατερὰν
1284 1347 1488 1403 ἐνστήσας
1522 1352 1613 1392 κατ’
1655 1349 1790 1391 αὐτοῦ’

336 1408 488 1448 στόλον
517 1408 739 1463 α’παρτίζει
765 1410 916 1465 βαρύν,
946 1414 1018 1454 καί
1042 1414 1100 1470 τῷ
1115 1411 1352 1471 Αὐγούστῳ
1380 1415 1485 1470 μηνί
1503 1418 1658 1468 πέμπει
1689 1415 1789 1456 τοῦ-

338 1485 408 1512 τον
449 1473 494 1513 ἐν
524 1474 703 1530 Λέσβῳ,
750 1472 860 1528 ἔχων
891 1474 1075 1530 α’ρχηγὸν
1098 1477 1173 1518 τὸν
1198 1480 1379 1531 Ἰσμαὴλ.
1433 1482 1508 1519 καί
1534 1480 1585 1534 δὴ
1614 1482 1659 1527 ἐς
1686 1477 1788 1534 Mt}-

296 1539 509 1589 Βθυμναν
540 1538 678 1580 ἐλθών
711 1541 785 1580 καί
809 1539 966 1589 πολλάς
1001 1539 1212 1594 μεθόδους
1251 1541 1326 1583 καί
1348 1543 1589 1597 μηχανικὰς
1616 1543 1788 1599 πράξεις
1800 1562 1852 1588 20

340 1599 414 1643 διά
443 1617 486 1644 τε
514 1603 867 1656 πετροβολισμούς
894 1606 968 1645 καί
992 1607 1196 1658 κλίμακας
1224 1609 1297 1649 καί
1311 1612 1595 1663 τοιχωρυχίας
1614 1609 1787 1663 εἰσπρά-

340 1671 415 1719 ξας
455 1668 578 1710 ου’δὲν
615 1665 823 1723 ὠνήσατο,
866 1668 972 1710 ἄλλα
1012 1672 1085 1713 καί
1123 1674 1283 1724 μᾶλλον
1324 1671 1501 1724 πολλούς
1529 1674 1787 1728 οἷπεβάλλετο

338 1734 423 1775 τῶν
451 1734 614 1775 οἰκείων
634 1765 646 1785 ,
679 1735 754 1775 καί
784 1730 917 1784 οὕτως
945 1735 1208 1792 ὑπέστρεψεν
1238 1733 1463 1790 ἄπρακτος.

431 1913 535 1946 Anno
561 1914 653 1958 6965
684 1912 834 1959 (Christi
854 1913 954 1960 1457)
986 1914 1150 1948 triremes
1175 1915 1341 1947 undecim
1360 1926 1380 1948 a
1402 1926 1496 1961 papa
1522 1915 1673 1951 Callisto
1701 1918 1788 1952 mis·-

338 1970 410 2000 sae,
436 1960 537 1992 cuius
565 1959 687 1992 classis
709 1965 856 2005 praetor
880 1966 957 1993 erat
970 1961 1160 2006 Aquileiae
1183 1962 1405 2006 patriarcha,
1430 1964 1538 1995 Roma
1565 1963 1788 1999 advenerunt

338 2007 467 2039 insulis
495 2007 694 2039 Turcoru'm
730 2006 863 2039 ditioni
888 2007 1160 2048 adiacentibus,
1199 2009 1349 2049 Rhodo,
1373 2009 1486 2050 Chio,
1515 2010 1653 2052 Lesbo,
1681 2011 1786 2044 Lem-

336 2063 409 2092 no,
439 2052 580 2093 Imbro,
608 2053 860 2086 Samothracae
898 2059 934 2087 et
958 2054 1078 2087 Thaso
1108 2066 1211 2099 opem
1251 2057 1400 2088 laturae.
1459 2055 1642 2099 Rhodum,
1685 2058 1785 2103 quod

338 2110 454 2144 papae
488 2099 633 2132 subdita
660 2111 727 2132 nec
752 2100 883 2133 Turcis
919 2100 1057 2134 tributa
1081 2101 1240 2145 pendere
1267 2108 1371 2147 pacta
1398 2109 1511 2144 esset,
1539 2103 1694 2148 primum
1719 2114 1784 2150 ap—

339 2146 447 2190 pulsi,
476 2146 605 2179 Chium
630 2146 715 2179 inde
737 2147 927 2191 navigant,
962 2146 1225 2192 hortanturque
1249 2160 1295 2181 ne
1320 2149 1447 2181 Turcis
1471 2150 1623 2194 vectigal
1645 2151 1784 2195 pende-

340 2202 390 2231 re,
416 2191 481 2224 sed
510 2192 608 2225 bello
632 2193 754 2237 potius
780 2193 935 2238 experiri
958 2194 1092 2236 velint3
1120 2194 1251 2239 quibus
1280 2194 1360 2227 Chii
1386 2195 1483 2228 haud
1509 2207 1671 2240 paruere.
1698 2197 1785 2230 Les*

339 2238 427 2270 bum
452 2239 587 2282 pariter
611 2239 750 2272 advecti
790 2240 940 2272 eandem
977 2240 1023 2272 ad
1050 2241 1186 2274 incolas
1214 2242 1413 2274 orationem
1442 2241 1620 2284 habuere,
1647 2243 1783 2277 simile-

343 2295 414 2328 que
441 2296 650 2329 responsum
685 2286 729 2318 ab
756 2286 801 2318 iis
842 2286 970 2319 tulere.
1009 2298 1088 2319 cum
1121 2298 1140 2320 e
1169 2287 1284 2320 Lesbo
1320 2289 1511 2322 solvissent
1538 2300 1653 2336 papae
1676 2291 1784 2324 trire-

341 2342 416 2363 mes
431 2356 439 2370 ,
466 2331 719 2365 Catalanorum
749 2333 977 2378 aliorumque
997 2334 1193 2378 piratarum
1228 2334 1378 2367 navibus
1403 2335 1603 2378 adiunctis,
1627 2337 1783 2382 quadra-

344 2377 441 2420 ginta
467 2379 572 2410 simul
598 2379 770 2411 Lemnum
796 2380 1002 2424 appellunt,
1035 2380 1225 2425 insulaque
1252 2381 1359 2425 potiti
1389 2381 1653 2416 Samothracem
1680 2385 1783 2417 navi-

345 2429 451 2468 gant3
492 2435 607 2469 eaque
641 2431 744 2469 capta
783 2425 942 2459 Thasum
977 2426 1151 2460 feruntur.
1187 2427 1375 2471 praesidiis
1398 2428 1528 2461 validis
1554 2429 1618 2463 has
1646 2431 1781 2465 insulas

344 2470 553 2502 munierunt
578 2472 859 2517 firmaruntque,
886 2479 923 2506 et
947 2472 1111 2506 Rhodum
1137 2472 1306 2518 deinceps
1331 2474 1526 2508 redierunt.
1550 2482 1588 2510 at
1608 2482 1780 2521 tyrannus

346 2527 468 2548 eorum
494 2528 645 2560 gnarus,
679 2518 860 2563 Lesbique
898 2519 1096 2565 principem
1123 2526 1303 2554 auctorem
1329 2521 1550 2565 suspicatus,
1575 2529 1678 2556 atrox
1702 2524 1782 2557 hel-

344 2562 417 2594 lum
444 2563 480 2594 in
506 2574 586 2595 eum
617 2575 760 2598 movere
801 2565 1007 2607 destinans,
1043 2567 1190 2599 classem
1224 2567 1404 2611 ingentem
1439 2575 1604 2612 apparat3
1631 2581 1781 2616 eamque

344 2619 466 2641 mense
490 2610 648 2652 Augusto
680 2611 718 2643 in
744 2611 899 2644 Lesbum
935 2613 1085 2646 Ismaele
1110 2613 1200 2646 duce
1225 2614 1348 2646 mittit.
1372 2614 1402 2646 is
1428 2625 1509 2658 ergo
1536 2616 1781 2660 Methymnam

346 2666 425 2687 cum
452 2654 673 2696 devenisset,
709 2658 906 2703 multisque
940 2660 1114 2692 machinis
1152 2666 1188 2693 et
1217 2661 1405 2693 tormentis
1433 2672 1552 2694 muros
1582 2668 1780 2705 tentasset,

346 2704 450 2737 scalis
479 2704 588 2736 etiam
613 2703 765 2737 admotis
792 2705 982 2752 ductisque
1020 2705 1216 2748 cuniculis,
1242 2717 1278 2739 re
1306 2707 1461 2747 insecta,
1485 2708 1608 2742 multis
1635 2721 1779 2745 suorum

345 2752 482 2786 amissis
510 2752 638 2797 pedem
665 2752 798 2783 retulit-
