1916 3210
460 150 676 194 imici:
714 153 1048 197 inu-‘apamia
1083 150 1348 196 monim.
1513 133 1630 207 429

159 258 269 314 poli
287 260 347 301 sia
373 258 517 300 lontan
540 255 594 296 da
627 255 698 299 lui.
771 258 928 307 Questc
957 256 1104 311 parole
1130 257 1262 298 m'olto
1290 255 1430 297 hanno
1461 257 1630 298 turbato

172 315 395 358 Demetrio·
419 310 659 363 Leondari3
702 309 741 351 el
785 312 908 366 quale
935 312 1164 354 cort-ociato
1195 312 1327 353 disse:
1385 313 1425 352 O
1452 312 1598 352 Zenait
1616 341 1631 364 ,

175 378 334 413 tumon
363 371 421 411 sai
451 370 554 409 bene
581 366 633 407 dc
648 366 727 406 che
745 375 883 407 mente
908 369 996 407 sera
1016 367 1053 408 el
1081 368 1164 409 mio
1190 366 1468 422 impemdore,
1498 382 1631 421 quan·-

153 426 228 468 ·do
257 425 472 467 inte-odera
517 422 555 463 le
586 422 762 475 indegne
799 423 943 476 parole
986 423 1061 464 che
1089 424 1142 464 ha
1168 429 1335 479 sputata
1363 423 1403 463 la
1430 429 1504 463 tua
1534 424 1631 463 boc-

172 481 265 525 oha.
325 483 395 522 Ma
424 477 544 534 sappi
569 478 646 518 che
676 477 784 517 infra
811 492 912 531 poco
939 485 1077 533 tempo
1106 481 1246 519 iterum
1277 478 1632 532 Constantinopoli

170 536 419 586 tehavera,
459 543 500 575 et
542 533 584 572 in
621 532 717 588 quel
761 541 902 587 tempo
945 541 994 574 tu
1041 536 1264 588 ripensarai
1292 534 1431 589 quello
1460 534 1536 574 che
1564 533 1633 574 hai

172 592 300 634 dicto.
357 588 675 632 Nientedimeno
713 603 795 628 non
835 596 1031 643 apertene
1078 605 1102 629 a
1147 597 1187 630 te
1217 590 1356 630 dai-me
1383 590 1560 643 risposta
1592 597 1634 630 et

171 646 460 693 remandarme
495 661 520 685 a
549 644 912 698 Constantinopoli
960 659 1094 685 vacuo
1126 645 1231 686 della
1273 659 1370 686 cosa
1397 659 1631 698 promessa:

150 713 239 745 'ma
267 708 461 756 apertene
491 700 530 740 al
558 700 692 740 ducha
719 701 918 747 Mustafa3
944 699 982 740 el
1011 700 1133 754 quale
1162 700 1232 741 dio
1261 708 1301 741 et
1328 700 1368 740 la
1397 701 1565 741 fortuna
1589 701 1634 741 di

171 757 324 803 Romei
358 758 410 798 ha
437 757 668 797 sublevato.
727 756 791 794 Tu
823 762 932 796 certe
971 756 1139 796 essendo
1170 771 1254 797 uno
1282 757 1324 796 di
1355 755 1505 803 molti‚-
1524 771 1634 797 cessa

150 812 224 856 ·de
260 812 403 868 parlar
443 827 522 852 con
559 812 640 860 mi,
678 811 830 865 perche
856 825 937 850 non
976 811 1045 850 hai
1075 811 1142 850 chi
1172 817 1215 852 te
1244 810 1410 853 ascolte.
1468 812 1524 852 Et
1551 811 1634 855 cosi

172 868 283 910 irato
324 867 439 909 intro
482 868 521 907 in
574 867 712 922 galea,
743 881 823 905 non
857 866 1032 919 sapendo
1069 866 1145 906 che
1172 868 1286 918 fare,
1315 867 1573 920 repensando
1598 865 1632 912 li

171 924 279 969 rotti
307 922 555 965 sacramenti
583 930 623 962 et
654 922 692 961 la
719 921 870 961 violata
890 922 980 962 sede
1008 936 1085 975 per
1114 921 1153 962 le
1182 929 1326 977 negate
1351 936 1556 976 promesse
1580 921 1632 965 de

170 979 367 1021 Mustafa.
436 978 670 1033 Spectando
725 977 760 1016 13
789 985 998 1031 resposta,
1030 991 1163 1018 venne
1195 979 1231 1018 el
1262 978 1395 1018 ducha
1423 978 1711 1028 Mustafa‚154

171 1036 210 1076 el
239 1036 361 1091 quale
404 1033 518 1088 dopo
560 1033 687 1073 molte
719 1032 860 1086 parole
899 1032 986 1072 cosi
1015 1032 1190 1087 rispose.
1250 1035 1289 1074 O
1320 1033 1481 1086 amico,
1510 1034 1552 1073 io
1586 1047 1632 1074 so

170 1090 252 1131 ben
278 1089 418 1144 quello
449 1089 525 1130 che
549 1089 606 1129 ho
636 1090 907 1141 impromesso
935 1087 972 1128 al
997 1088 1082 1128 mio
1118 1088 1361 1129 auxiliatore
1387 1090 1430 1128 in
1456 1102 1632 1143 presen-

169 1146 230 1188 tia
261 1146 313 1186 de
342 1146 410 1185 dio
438 1152 478 1184 et
505 1143 571 1184 del
597 1157 672 1184 suo
693 1143 923 1196 propheta,
955 1148 997 1183 et
1023 1157 1140 1183 come
1167 1150 1231 1184 tra
1256 1145 1294 1183 le
1325 1158 1417 1184 cose
1444 1158 1633 1198 promes—

144 1226 145 1229 =
171 1215 216 1242 se
241 1201 415 1241 maxima
444 1200 488 1240 fo
521 1199 558 1239 el
583 1194 753 1241 castello
782 1198 833 1238 de
865 1197 1062 1251 Galipoli.
1121 1199 1244 1239 Certe
1271 1213 1346 1254 per
1372 1206 1478 1239 tutte
1503 1199 1543 1240 le
1571 1199 1634 1241 eil-,-

173 1263 241 1298 tre
269 1271 360 1298 cose
389 1256 443 1296 ho
482 1270 506 1296 a
530 1255 679 1295 render
705 1267 854 1293 raxone
893 1268 915 1292 a
946 1254 1016 1293 dio
1051 1254 1092 1293 in
1126 1253 1224 1308 quel
1250 1254 1291 1293 di
1317 1255 1560 1305 tremendo,
1587 1268 1634 1296 se

169 1311 213 1354 la
237 1313 489 1352 couvention
520 1317 659 1350 nostra
687 1323 771 1348 non
797 1308 994 1348 mandax-b
1025 1309 1078 1348 ad
1105 1308 1359 1349 executione.
1392 1324 1470 1364 per
1499 1310 1536 1351 el
1562 1324 1633 1350 cav-

146 1366 288 1414 ¹stello
314 1367 459 1421 meglio
488 1365 511 1405 ὲ
542 1377 781 1418 sperzurare
809 1363 884 1403 che
925 1378 1097 1417 peccare
1126 1378 1290 1418 apresso
1321 1365 1404 1404 dio.
1463 1365 1574 1407 Dare
1601 1365 1632 1407 li

170 1422 231 1478 pii
259 1422 366 1462 nelle
393 1434 510 1461 mane
537 1419 631 1460 delli
662 1418 810 1472 impii,
839 1425 881 1459 et
910 1419 937 1458 li
970 1419 1087 1459 liberi
1119 1415 1204 1459 fa're
1232 1420 1371 1472 servi,
1402 1427 1442 1460 et
1467 1419 1506 1461 le
1534 1435 1632 1462 zen..

169 1484 213 1519 te
251 1484 406 1518 sacrate
441 1491 463 1516 a
494 1475 564 1515 dio
595 1475 695 1516 dare
725 1476 766 1519 in
799 1489 918 1514 mane
944 1475 996 1515 de
1037 1474 1212 1515 infideli.
1245 1475 1274 1516 li
1302 1476 1412 1530 quali
1441 1490 1526 1516 non
1557 1491 1634 1517 co-

168 1546 380 1588 gnosoono
406 1532 443 1572 el
469 1529 560 1572 solo
590 1538 630 1571 et
658 1544 756 1571 vero
787 1529 856 1569 dio
875 1530 942 1570 del
981 1531 1070 1570 celo
1104 1537 1144 1570 et
1172 1531 1278 1571 della
1305 1538 1448 1582 terra,
1483 1539 1634 1587 questo

168 1603 248 1653 per
276 1602 343 1629 me
385 1587 467 1628 mai
499 1600 582 1626 non
613 1587 673 1626 sia
701 1585 835 1636 facto,
885 1585 1346 1639 perche-traboceando
1373 1586 1415 1626 io
1444 1586 1486 1634 in
1518 1595 1636 1629 tanta

170 1643 417 1699 impietade‚
449 1641 488 1683 la
517 1647 632 1681 zente
651 1641 694 1680 di
711 1641 957 1680 Musulmani
980 1642 1032 1681 ne
1059 1656 1084 1682 a
1111 1655 1178 1682 me
1205 1642 1419 1682 cederiano
1446 1642 1484 1683 el
1513 1644 1634 1697 prin-

172 1700 314 1754 cipato
346 1700 396 1739 ne
423 1714 446 1737 a
474 1704 516 1738 te
545 1695 843 1736 concederiano
872 1695 912 1735 la
955 1698 1105 1737 intrata
1133 1697 1200 1737 del
1227 1697 1410 1739 castello.
1468 1694 1636 1742 Votene

170 1756 363 1809 adunque
390 1761 432 1794 et
461 1755 529 1804 io,
561 1760 715 1806 quanto
750 1750 949 1805 possibile
986 1766 1052 1793 me
1080 1754 1196 1802 sera,
1229 1752 1448 1793 extendero
1478 1753 1518 1794 el
1544 1769 1635 1796 me..

171 1812 267 1850 rito
297 1809 406 1850 dello
447 1807 729 1861 impendere,
786 1815 941 1861 quanto
974 1815 1140 1861 expecta
1184 1821 1208 1846 a
1233 1822 1318 1848 me.
1377 1810 1447 1848 Ma
1477 1818 1635 1863 quanto

171 1872 366 1919 apertene
395 1862 434 1902 al
460 1861 628 1916 publico
674 1861 811 1901 officio
842 1862 906 1902 del
934 1863 1138 1917 propheta
1166 1869 1209 1903 et
1241 1863 1292 1903 de
1321 1865 1382 1903 soi
1409 1866 1636 1906 comanda-

171 1920 335 1968 menti,
391 1933 474 1958 non
504 1917 640 1972 voglio
671 1917 847 1957 alienare
874 1917 1024 1957 alcuno
1054 1918 1333 1958 Musulmano.
1388 1918 1467 1959 Pin
1495 1927 1634 1973 presto

172 1988 254 2017 con
295 1982 401 2016 tutte
439 1975 475 2013 le
513 1974 593 2012 mie
635 1973 751 2012 forze
786 1986 945 2026 sempre
984 1987 1050 2012 me
1077 1972 1306 2013 exercitare)
1335 1987 1563 2015 accrescere
1594 1976 1634 2017 la

171 2045 246 2072 sua
275 2038 404 2078 setta,
435 2028 683 2082 amplificare
714 2027 751 2067 le
779 2027 1013 2081 provintie,
1040 2035 1082 2068 et
1110 2043 1134 2068 a
1162 2041 1332 2068 zonzere
1361 2029 1399 2070 le
1428 2029 1562 2070 citade
1591 2039 1636 2073 et

172 2086 212 2127 le
238 2086 432 2135 castelle,
466 2092 506 2124 et
535 2084 610 2124 che
644 2082 674 2122 li
708 2083 830 2123 Cavri
869 2097 1055 2137 vengano
1085 2090 1195 2124 sotto
1225 2083 1264 2123 la
1292 2082 1376 2123 leze
1404 2084 1447 2124 di
1476 2085 1636 2127 Musul-

172 2142 302 2182 mani.
377 2143 437 2180 La
471 2140 552 2179 cita
588 2140 640 2178 de
669 2138 876 2192 Galipoli‚
905 2138 945 2178 la
987 2139 1107 2193 quale
1136 2139 1158 2178 ὲ
1186 2139 1224 2178 13
1256 2137 1350 2192 goia
1379 2139 1426 2179 e’l
1453 2140 1563 2182 collo
1589 2142 1634 2183 di

172 2196 450 2246 Mmulmani,
479 2202 520 2235 et
544 2195 618 2234 che
646 2194 820 2233 absorbe
850 2200 893 2234 et
918 2194 1073 2234 devora
1100 2195 1127 2234 li
1155 2194 1404 2244 Christiani,
1436 2196 1516 2235 mai
1547 2212 1632 2238 non

171 2253 293 2293 intesi
341 2253 498 2297 dame,
545 2251 596 2290 ne
626 2249 725 2288 dan-b
771 2251 866 2288 mai.
936 2251 1092 2301 Queste
1120 2249 1261 2302 parole
1284 2249 1474 2290 havendo
1503 2252 1634 2294 intese

171 2308 406 2358 Leondaro,
436 2320 554 2346 come
582 2305 675 2345 leon
702 2306 906 2358 perdente
933 2304 973 2344 la
1005 2305 1222 2345 venatione
1251 2310 1430 2345 metteva
1455 2313 1565 2347 sotto
1595 2309 1633 2349 el

174 2377 305 2417 capo,
347 2371 387 2403 et
427 2361 627 2402 battendo
656 2360 695 2399 la
725 2367 833 2399 terra
864 2374 939 2399 con
970 2360 1008 2399 la
1042 2360 1146 2400 coda
1173 2360 1247 2413 poi
1276 2374 1354 2413 per
1383 2359 1422 2400 13
1450 2368 1562 2403 terra
1593 2365 1633 2404 la

172 2417 370 2459 destende
389 2447 401 2470 ,
431 2417 513 2457 cosi
542 2416 672 2456 anche
701 2415 906 2455 Leondari
938 2415 988 2455 de
1014 2415 1135 2454 dolor
1159 2415 1335 2455 deventi>
1367 2424 1507 2469 muto,
1539 2419 1632 2459 chi-

174 2474 312 2515 nando
341 2474 378 2513 el
407 2487 512 2526 capo
532 2502 543 2520 ‚
590 2471 723 2510 finche
751 2471 927 2510 Mustafa
956 2471 1042 2510 fece
1070 2471 1149 2510 fine
1178 2469 1217 2509 al
1246 2485 1321 2510 suo
1351 2485 1536 2514 sermone
1568 2473 1633 2515 in-

172 2537 291 2582 grato
321 2536 363 2570 et
408 2530 567 2582 iniquo.
642 2525 718 2566 Poi
769 2526 893 2565 levati
922 2526 950 2565 li
978 2526 1094 2565 occhi
1137 2539 1254 2566 verso
1284 2525 1370 2574 lui,
1402 2530 1487 2567 cos]
1515 2529 1633 2574 disse.

171 2583 344 2639 Signore
383 2589 426 2624 et
460 2583 650 2637 principe
692 2581 744 2620 de
784 2581 1055 2630 Musulmani‚
1095 2588 1207 2621 certe
1252 2581 1357 2621 bene
1396 2583 1635 2627 intendemo

175 2637 217 2680 la
244 2646 316 2680 tua
358 2638 630 2693 dispositione
670 2636 834 2676 inverso
864 2636 914 2676 de
943 2638 1027 2679 noi.
1069 2637 1115 2676 za
1154 2651 1256 2676 sono
1298 2638 1449 2690 passati
1478 2640 1551 2693 pia
1581 2641 1634 2682 de

174 2695 270 2734 anni
317 2701 439 2734 cento
475 2701 517 2734 et
551 2694 774 2746 cinquanta
812 2691 889 2732 che
934 2691 977 2731 lu
1007 2693 1264 2732 ottomanno
1292 2699 1364 2732 tuo
1395 2709 1552 2748 proavo
1581 2696 1634 2736 ha

176 2750 281 2793 tolto
308 2750 359 2791 de
385 2749 424 2791 le
451 2763 569 2790 mane
602 2747 699 2788 delli
729 2747 856 2788 nostri
886 2747 1142 2804 progenitori
1174 2747 1212 2788 le
1238 2755 1358 2802 parte
1386 2749 1438 2791 de
1458 2751 1631 2806 Byfinia,

1652 1963 1715 2017 155
