1890 3204
271 106 387 183 5524
422 187 424 190 y
667 175 670 177 ,
843 128 1122 168 mmmm!

261 242 340 284 per
362 229 605 282 gratitudine
638 229 757 273 diede
782 242 855 267 sua
895 227 1044 275 sorella
1074 241 1156 280 -per
1180 227 1324 280 moglie
1351 226 1396 267 al
1418 226 1736 274 dem-Frma,

265 298 394 335 cesco,
423 299 444 323 e
465 284 543 338 per
570 284 659 325 dote
689 285 721 322 li
749 283 863 321 diedo
889 281 1023 320 l'isola
1049 282 1095 321 di
1122 282 1341 327 Metellino.
1412 281 1703 325 Ubartus'Fo-
1763 330 1767 332 ,

265 339 360 377 lieta
390 339 461 377 lib.
483 353 504 392 7
538 339 630 378 hist.
657 338 889 378 Genuensis.
917 337 1109 375 nonnulla
1127 338 1173 376 in
1189 337 1358 376 historia
1385 346 1516 376 nostra
1529 341 1714 385 inseram·
1748 376 1750 379 ,

264 393 376 432 haud
402 393 544 445 absfe
572 393 691 441 duxi,
715 405 815 446 quae
845 405 872 429 a
901 391 1050 429 civibus
1065 392 1328 430 Genuensibus
1350 393 1547 445 privatim
1577 401 1712 444 gesta,

264 460 502 502 quanquam
528 447 809 502 rempublicam
830 447 932 484 nibil
956 447 1165 497 attingunt,
1189 445 1420 499 dignitatem
1439 455 1570 487 tamen
1598 447 1704 486 civi·

265 501 359 541 tatis
386 511 540 541 nostrae
566 510 722 554 augent,
755 513 862 554 quae
880 501 975 539 tales
994 501 1102 539 viros
1128 501 1273 548 tulerit,
1300 502 1373 555 qui
1387 503 1529 540 virtute
1553 500 1706 545 clatio-

268 571 343 610 que
367 558 480 609 gestis
505 557 616 595 rebus
637 556 695 595 ad
712 568 878 608 magnos
892 556 1057 594 honores
1077 568 1342 611 magnamque
1355 556 1578 609 potentiam
1594 555 1709 610 apud

270 613 470 650 maximos
493 611 698 665 principes
723 619 1013 664 pervenerunt,
1052 611 1185 664 qualis
1197 610 1287 662 ficit
1310 609 1546 650 Franciscus
1575 610 1707 651 Cata-

266 666 409 715 lusius,
440 667 551 704 cuius
579 667 662 704 viri
695 665 738 703 in
771 664 1013 704 Graecorum
1059 666 1223 704 historia
1250 666 1436 719 plurima
1464 673 1520 704 est
1543 665 1713 706 mentius

266 721 299 757 is
326 721 448 771 igitur
486 721 557 758 vir
592 720 771 758 classium
805 719 1048 758 Graecarum
1070 720 1318 773 praa-fictus,
1344 720 1508 770 sortem
1532 715 1713 774 etfide-

265 775 341 812 lem
371 775 545 812 Iohanni
581 775 737 813 Graeco
779 773 1011 827 imperatori
1035 774 1248 814 multorum
1287 778 1487 813 annorum
1513 783 1718 815 namnam⁴

264 838 430 882 operam
462 830 616 881 egregio
627 830 827 880 facinore
858 829 1091 871 cumulavit.
1125 837 1293 868 conatus
1322 828 1430 867 enim
1459 827 1704 868 Cantacuze.

263 884 310 922 ni
334 897 507 935 magnae
543 885 763 923 nobilitatis
790 896 841 922 ac
881 884 1084 938 potentiae
1113 883 1308 931 bominis,
1342 883 1560 935 ingentibus
1587 885 1707 928 moti-

264 938 332 975 bus
361 938 550 977 adversus
580 940 790 977 Caesarem
824 939 1087 990 consurgentis
1102 967 1115 988 ‚
1148 938 1254 976 bona
1278 937 1441 977 ditionis
1472 937 1707 991 Cpolitanae

258 1001 382 1046 parte
429 993 510 1031 iam
547 993 610 1032 illi
653 993 860 1046 adempta,
907 1006 1034 1046 opera
1072 1001 1111 1031 ec
1146 992 1315 1032 consilio
1353 1005 1421 1030 suo
1457 992 1714 1045 comprenda,-

264 1046 372 1098 quod
390 1049 653 1096 promeritum
680 1048 837 1091 Caesar
851 1048 998 1099 insigni
1015 1047 1205 1101 praemio
1233 1054 1507 1086 remuneratus
1533 1054 1608 1097 est,
1636 1048 1713 1086 in-

264 1101 350 1139 sula
366 1100 489 1140 Lesbo
518 1102 587 1141 illi
607 1111 645 1141 et
662 1101 1173 1156 successoribus'fiduciaria
1200 1102 1364 1152 tradita,
1392 1114 1604 1155 sororeque
1620 1113 1708 1142 ‚sua

265 1157 308 1194 ιή
337 1157 633 1196 matrimonium
661 1157 776 1201 data.
811 1170 915 1210 quae
952 1171 1060 1196 anno
1094 1155 1196 1196 1555
1224 1155 1416 1196 accidisse
1443 1162 1556 1195 notat
1585 1155 1707 1196 etiam

266 1209 434 1250 Folieta.
503 1212 647 1250 Petrus
675 1226 839 1263 quoque
865 1212 1030 1250 Bizarus
1059 1211 1128 1252 lib.
1159 1210 1185 1250 6
1212 1210 1354 1251 histor.
1388 1216 1547 1250 senatus
1574 1223 1714 1263 popu-¹

138 1259 375 1317 P·224lique
406 1267 633 1305 Genuensis
668 1266 806 1304 eadem
838 1265 887 1305 de
918 1265 1122 1305 Catalusio
1153 1266 1339 1319 scripsit3
1371 1264 1528 1304 addidit
1552 1264 1716 1309 solnm-2

267 1320 411 1368 modo,
440 1321 616 1359 triremes
644 1321 686 1359 in
714 1319 932 1359 subsidium
974 1320 1310 1359 Calo-Iohannis
1343 1320 1497 1360 Graeci
1521 1321 1716 1373 impera-v

265 1375 365 1412 toris
393 1388 482 1412 cum
515 1374 784 1413 Genuensibus
824 1375 1093 1426 confiaederati
1104 1404 1116 1424 ‚
1145 1375 1340 1414 adversus
1367 1375 1679 1414 Cantacuzenum
1690 1404 1711 1426 ,η

265 1429 336 1482 qui
359 1442 552 1480 magnam
573 1430 740 1482 imperii
759 1437 924 1483 partem
952 1429 1021 1467 illi
1044 1429 1276 1477 abstulerat,
1296 1429 1543 1479 Byzantium
1570 1437 1704 1468 trans·-

266 1483 420 1520 missae.
454 1483 541 1521 vult
567 1482 704 1535 itaque
732 1482 920 1535 auspiciis
940 1483 1176 1535 viribusque
1202 1481 1450 1534 reipublicae
1466 1484 1715 1534 Genuensis,

266 1550 350 1575 non
381 1538 527 1588 privati
565 1538 644 1576 viri
669 1537 857 1576 Catalusii
901 1538 1046 1590 opibus
1074 1543 1229 1591 gestum
1260 1536 1302 1576 id
1334 1538 1466 1576 fuisse.
1495 1536 1714 1577 adeundus.

267 1591 390 1630 etiam
429 1592 629 1631 Laonicus
671 1591 739 1631 lib.
775 1605 820 1630 10
850 1591 900 1631 de
942 1592 1062 1631 rebus
1091 1590 1296 1642 Turcicis‚
1324 1592 1394 1631 ubi
1422 1591 1472 1630 de
1498 1592 1712 1638 Catalusiis

266 1648 476 1685 occasione
514 1645 590 1685 sibi
628 1660 674 1685 ex
712 1647 947 1686 narratione
991 1653 1117 1685 status
1156 1646 1380 1685 insularum
1407 1647 1531 1685 maris
1558 1646 1708 1700 Aegaei

266 1701 470 1753 totiusque
497 1700 755 1753 Archipelagi
789 1701 882 1740 data
911 1701 1043 1739 obiter
1071 1700 1243 1739 disserit.
1268 1701 1326 1740 ita
1351 1706 1400 1740 ut
1426 1699 1561 1739 dedita
1585 1714 1709 1754 opera

267 1769 415 1793 nomen
451 1755 644 1794 Catalusii
691 1756 932 1795 subticuisse
974 1756 1276 1794 Cantacuzenus
1313 1756 1444 1794 videri
1473 1755 1711 1808 possit‚.ne

267 1811 488 1861 imperator
529 1812 573 1848 in
619 1810 777 1862 imperii
819 1810 914 1849 sede
944 1809 1096 1862 privati
1124 1809 1301 1849 bominis
1329 1815 1608 1862 stratagemate
1635 1824 1711 1864 op-

267 1877 430 1916 pressus
465 1865 688 1911 diceretur,
735 1864 844 1917 quod
872 1864 948 1917 ipsi
978 1872 1097 1917 turpe
1127 1878 1172 1903 ac
1199 1865 1347 1903 infame
1375 1865 1561 1903 futurum
1589 1871 1706 1915 erat3

269 1918 490 1971 praecipue
518 1933 611 1958 cum
641 1919 746 1958 illius
775 1933 878 1958 uxor
911 1920 1195 1959 Cantacuzena
1222 1918 1455 1972 imperatrix
1483 1925 1567 1958 tam
1597 1933 1710 1972 egre-

269 1974 375 2025 giam
414 1987 462 2013 ac
490 1981 696 2012 strenuam
733 1987 895 2026 operam
929 1981 1046 2013 antea
1090 1981 1299 2023 navasset,
1334 1981 1379 2012 ut
1405 1973 1564 2026 cpolim
1591 1975 1709 2013 inva-

268 2029 430 2067 dentem
468 2028 694 2069 Iohannem
721 2029 1010 2083 Palaeologum
1052 2027 1265 2082 repelleret
1294 2035 1333 2067 et
1360 2028 1545 2068 Galatam
1573 2036 1710 2082 petere

268 2090 442 2135 cogeret.

378 2137 431 2180 P.
447 2136 511 2188 40,
526 2138 563 2180 3.
587 2137 660 2177 καί
674 2139 733 2185 εἰς
745 2137 922 2178 Ἰταλίαν
940 2136 1135 2191 ἄφίκετο]
1164 2137 1541 2177 parachronismum
1560 2136 1708 2190 procul

271 2191 396 2230 dubio
421 2192 488 2231 hic
509 2193 671 2232 admisit
683 2195 832 2245 Ducas,
851 2194 921 2246 qui
940 2193 1162 2232 Iohannem
1181 2192 1471 2246 Palaeologum
1491 2193 1532 2230 in
1545 2191 1707 2231 ltaliam

271 2247 500 2298 profectum
540 2262 625 2286 esse
663 2249 812 2298 tradit,
842 2254 1055 2301 antequam
1081 2249 1253 2300 imperio
1282 2249 1599 2287 Cantacuzenum
1633 2246 1707 2285 de-

271 2301 474 2340 turbaret.
532 2302 757 2350 Phranzes‚
789 2310 835 2342 ut
863 2303 944 2342 iam
973 2303 1229 2352 notavimus,
1262 2303 1300 2342 ei
1326 2302 1571 2341 adversatur.
1600 2300 1708 2340 Lao-

271 2356 384 2393 nicus
411 2355 532 2394 etiam
559 2356 631 2396 lib.
667 2371 680 2395 1
715 2358 907 2397 Iohannis
936 2357 1227 2410 profectionem
1252 2364 1343 2410 post
1370 2356 1575 2409 expulsum
1601 2355 1709 2394 Can-

270 2417 508 2448 tacuzenum
534 2413 744 2465 contigisse
771 2420 985 2460 memorat,
1018 2427 1159 2450 rerum
1186 2412 1296 2465 apud
1325 2411 1481 2450 Turcos
1509 2423 1708 2449 summam

274 2463 483 2503 obtinente
509 2467 696 2517 Morate‚
725 2469 794 2520 qui
821 2468 931 2520 patri
960 2481 1033 2506 suo
1060 2466 1245 2505 Orcheni
1276 2479 1380 2505 anno
1413 2464 1514 2518 1359
1542 2478 1703 2503 succes-

274 2519 348 2566 sit,
381 2527 555 2571 quatuor
592 2528 685 2574 post
713 2522 1036 2561 Cantacuzenum
1074 2535 1198 2573 regno
1227 2522 1386 2574 pulsum
1413 2519 1540 2558 annis.
1568 2519 1708 2571 profe-

273 2573 447 2612 ctionem
475 2573 586 2612 illam
613 2584 837 2629 susceptam
866 2577 984 2616 fuisse
1023 2591 1046 2615 a
1074 2577 1256 2615 Iohanne
1278 2574 1524 2626 Palaeologo
1552 2574 1604 2612 ab
1635 2587 1708 2611 an-

272 2642 329 2666 no
359 2627 509 2667 Christi
545 2630 641 2683 1567
674 2631 723 2669 ad
762 2633 855 2685 1571
891 2646 935 2670 ex
963 2630 1078 2670 Pauli
1109 2631 1344 2669 Mauroceni
1379 2629 1535 2681 patricii
1560 2627 1707 2667 Veneti

274 2681 625 2739 historia-constat
649 2683 718 2725 lib.
754 2687 814 2729 15.
885 2687 1030 2739 Percio
1071 2686 1281 2734 Giovamzi
1308 2684 1552 2736 Palaeologo
1579 2684 1709 2738 impe-⁴
1766 2728 1779 2739 Α,
