1884 3216
324 157 429 230 176
667 174 848 218 nucu:
882 150 1168 216 MlcuAms
1207 176 1444 221 NEPOTls‘

314 277 376 316 λει
424 274 529 317 κατὰ
572 276 756 331 κεφαλῆς
801 273 872 315 διὰ
903 275 1080 328 σιδηρᾶς
1115 273 1304 329 ῥάβδου,
1332 278 1407 318 καί·
1429 273 1486 330 μή
1519 277 1660 331 φέρων
1686 275 1761 332 τὴν

315 340 474 394 πληγήν
505 338 527 380 0‘
550 339 744 396 δύστηνος
762 340 900 381 πίπτει
926 337 1084 393 πρηνὴς
1110 338 1194 386 ἀπὸ
1213 342 1288 382 τοῦ
1318 342 1444 382 ἵππου
1474 342 1548 383 καί
1571 339 1760 402 &Edam—

317 420 404 446 σεν.
458 405 550 446 τότε
579 402 726 454 πάντες
752 403 792 446 οἱ
818 405 905 446 τοῦ,
920 406 1170 461 Μουσταφᾶ
1197 407 1500 462 προσελθόντες
1527 398 1761 462 ἦσπὰζονζο

300 469 391 512 .τὸν
440 469 611 529 Τζινεῆτ
648 469 721 512 καί
764 469 819 518 αἷς
847 467 1030 523 ἡγεμόνα
1068 467 1301 526 εὐφήμουν.
1368 473 1440 514 καί
1464 469 1516 527 δή
1544 468 1763 529 navent-‘hic

318 533 399 577 σύν
426 533 586 591 μεγάλῃ
615 531 856 591 δορυφορίᾳ
887 532 993 590 πρὸς
1019 529 1275 593 τὴνἜφεσον
1303 531 1509 593 ἤλαυνον,
1541 540 1662 579 κακεῖ
1683 528 1800 582 ati-5

188 622 189 625 =
211 605 246 640 P.
260 607 306 651 98
318 598 391 642 τόν
421 596 739 655 εὖφημήσαντες
769 599 952 654 ἡγεμόνα
979 597 1037 648 ὥς
1075 602 1148 643 καί
1171 598 1368 656 πρότερον
1396 599 1691 659 ἀνηγόρευσαν.
1717 598 1763 644 τὸ

320 666 367 706 δὲ
398 665 522 717 σῶμα
550 666 627 706 τοῦ
652 665 904 720 Μουσταφᾶ
930 665 1145 707 ἐκέλευσεν
1187 664 1267 708 σῦν
1296 665 1534 725 ὅτιπλείστῃ
1559 667 1662 724 τιμῇ
1687 666 1766 709 τοῦ

318 729 554 783 βαστάσαι,
596 727 669 771 καί
693 731 841 785 φέρειν
870 725 972 772 αὖτό
1004 729 1074 772 διά
1104 726 1283 786 εὐγενῶν
1311 732 1479 788 ἀνδρῶν
1504 733 1549 775 ἐν
1574 733 1632 790 τῷ
1658 748 1766 786 πυρ-
1810 773 1812 775 .

318 797 394 853 γίῳ
415 826 428 847 ,
471 795 595 836 κάκεῖ
626 791 771 848 θάψαι
825 793 903 837 σὺν
943 799 1030 845 τοῖς
1074 796 1290 852 προγόνοις
1328 797 1472 844 αὐτοῦ.
1543 797 1618 840 καὶ
1653 794 1766 839 οὕτω

321 862 475 916 ἐγένετο
502 859 528 915 ἧ
557 861 729 915 δευτέρα
759 858 988 916 ἄνάρρησις
1016 863 1090 903 τοῦ
1127 860 1314 917 Τζινεὴτ.
1620 862 1631 910 f
1783 881 1831 906 ιο

208 929 249 964 V.
265 931 308 975 78
432 942 500 982 27.
554 925 962 983 Ἐπαναστραφὲντες
978 926 1118 969 τοίνυν
1145 925 1301 981 ἴδωμεν
1318 928 1391 970 καὶ
1415 925 1513 980 τούς
1539 926 1614 978 οὓς
1632 929 1683 972 ἐν
1709 931 1767 987 τῷ

282 991 528 1048 ΒΛοπαδίῳ
571 990 869 1046 ἀποδεδρακώς
905 992 1067 1048 ἀφῆκεν
1094 990 1117 1034 ὅ
1149 990 1340 1047 Τζινεήτ,
1368 994 1457 1043 πῶς
1484 987 1570 1048 ἄρα
1595 991 1647 1045 τοὶ
1677 995 1769 1037 κατ’

322 1057 466 1100 αὐτῶν
505 1055 777 1111 ἐγεγόνεισαν.
836 1059 1010 1113 πρωΐας,
1029 1058 1270 1113 ἐγερθέντες
1298 1058 1370 1100 καί
1400 1055 1447 1100 τό
1473 1055 1573 1108 ἔθος
1600 1059 1671 1108 εἷς
1687 1076 1769 1102 πα-

323 1120 529 1177 ράστασιν
559 1122 778 1176 ἐρχόμενοι
804 1122 843 1164 οἱ
866 1125 1111 1176 μεγιστᾶνες
1129 1123 1460 1176 ἒκοινολογοῦντο
1491 1119 1686 1178 ἀλλήλοις
1712 1123 1770 1177 ὥς

322 1186 498 1244 τῇνυκτί
516 1185 642 1244 ταύτῃ
663 1190 793 1241 μέγας
813 1188 991 1242 ἐγεγόνει
1011 1189 1144 1243 θροῦς
1172 1189 1216 1230 ἐν
1244 1194 1335 1237 ταῖς
1363 1194 1533 1243 σκηναῖς
1563 1190 1639 1232 τοῦ
1672 1191 1768 1240 Τζι-
1786 1192 1833 1233 15

323 1251 434 1307 νεήτ.
467 1248 586 1294 ἄλλοι
614 1251 751 1306 ε”λεγον
781 1249 848 1295 ὅτι
869 1251 945 1307 τήν
972 1254 1149 1307 περαίαν
1169 1251 1321 1306 διαβάς
1353 1252 1460 1306 μετὰ
1493 1255 1570 1295 τοῦ
1597 1253 1769 1311 Μωράτ

322 1316 472 1372 ἐνιόθη.
490 1317 620 1372 ἕτεροι
641 1318 700 1369 δέ,
723 1316 762 1359 οῖ
776 1320 849 1360 καί
868 1315 1023 1374 φθόνον
1039 1321 1127 1360 κατ’
1146 1319 1279 1361 αὕτοῦ
1290 1313 1528 1374 τρέφοντες,
1541 1319 1588 1361 τό
1605 1318 1771 1374 γεγονός

322 1381 617 1439 προεφήτευον.
645 1383 683 1424 οἱ
705 1385 752 1425 δὲ
779 1382 855 1437 τήν
875 1386 1054 1439 περαίαν
1081 1384 1281 1433 οἰκοῦντες
1309 1382 1347 1425 οἱ
1375 1385 1451 1426 τοῦ
1466 1382 1638 1439 Μωράτ
1665 1382 1771 1438 ἔμα-

330 1451 407 1490 θον
439 1449 495 1496 ὥς
524 1449 693 1503 α’ληθῶς
722 1445 742 1489 ὅ
765 1447 934 1503 Τζινεὴτ
963 1451 1125 1503 διέδρα·
1154 1448 1226 1491 καί
1252 1447 1342 1491 τότε
1370 1444 1420 1504 ἦν
1451 1449 1555 1491 ἰδεῖν
1583 1448 1769 1505 ὀργάνων

290 1516 404 1556 exat*
440 1515 677 1568 σαλπίγγων
719 1510 824 1569 ἦχον
861 1510 992 1556 τίολύν
1018 1515 1063 1556 ἐν
1091 1516 1151 1571 τῷ
1184 1517 1348 1571 στρατῷ
1373 1517 1449 1556 τοῦ
1477 1515 1667 1570 Μωροίτ,
1700 1514 1833 1561 καίαο

327 1579 581 1635 ἱππηλασιάς
623 1582 668 1622 ὲν
695 1585 785 1629 ταῖς
829 1573 983 1633 ὄχθαις
1008 1581 1081 1633 τῆς
1110 1581 1255 1635 λίμνης
1282 1581 1355 1620 καί
1381 1578 1485 1632 βοὰς
1512 1579 1585 1621 καὶ
1611 1579 1769 1623 ἀλαλα-

325 1644 456 1699 γμοὺς
495 1644 743 1700 φθανούσας
784 1646 862 1693 ἕως
891 1645 1082 1699 ούρανοῦ.
1161 1644 1182 1685 ὅ
1212 1646 1258 1686 δὲ
1285 1647 1558 1700 Μουσταφᾶς
1585 1644 1771 1701 ἐγερθεὶς

325 1712 398 1752 καί
422 1708 575 1763 μαθών
616 1708 692 1763 τήν
718 1707 856 1764 φυγήν
884 1711 960 1750 τοῦ
993 1709 1162 1764 Τζινεὴτ
1201 1705 1352 1766 ᾔσθετο
1387 1709 1443 1759 ὥς
1476 1711 1551 1751 ου“κ
1580 1709 1771 1766 ἀλλαχοῦ

417 1832 477 1874 13.’
494 1837 569 1884 καὶ]
596 1848 639 1870 an
663 1838 727 1870 καὶ
755 1835 875 1870 nard?

326 1970 450 2003 agmen
475 1960 652 1992 Cineitem
679 1957 765 1997 adit,
792 1957 1059 2001 salutatumque
1084 1956 1211 1990 ducem
1236 1969 1338 1991 suum
1363 1959 1570 2003 proclamat.
1596 1960 1658 2005 qui
1684 1970 1769 1994 con-

324 2007 443 2039 festim
467 2017 593 2050 magna
621 2004 919 2037 militum‘turma
948 2004 1101 2047 stipatus
1119 2003 1297 2049 Ephesum
1323 2006 1530 2047 contendit,
1555 2006 1680 2051 ibique
1706 2018 1769 2052 ap-

323 2054 454 2098 plausu
488 2063 615 2097 magno
656 2057 827 2095 tanquam
862 2050 935 2082 dux
971 2055 1139 2095 exceptus
1176 2054 1212 2084 et
1237 2056 1278 2084 ut
1305 2057 1410 2085 antea
1442 2054 1680 2097 proclamatus
1704 2059 1772 2087 est.

325 2100 475 2132 cadaver
508 2098 721 2143 Mustaphae
759 2108 778 2129 a
815 2096 1051 2129 nobilissimis
1083 2097 1167 2129 viris
1199 2097 1352 2130 maxima
1389 2110 1467 2131 cum
1501 2110 1631 2144 pompa
1654 2099 1771 2133 efferri

326 2147 452 2186 iussit,
478 2152 514 2179 et
552 2146 589 2179 in
613 2144 787 2178 turricula
811 2155 891 2176 cum
914 2142 1111 2176 maioribus
1140 2144 1217 2177 eius
1242 2144 1400 2190 sepeliri.
1425 2144 1494 2179 hoc
1517 2146 1640 2191 itaque
1663 2151 1770 2191 paeto

327 2191 400 2226 dux
424 2193 556 2225 iterum
581 2190 808 2225 renuntiatus
836 2195 890 2223 est
914 2190 1084 2223 Cineites.

421 2250 476 2284 ²7·
527 2238 671 2272 Reversi
705 2248 788 2270 vero
814 2236 998 2270 videamus
1029 2246 1119 2281 quos
1148 2235 1300 2280 Lopadii
1328 2236 1477 2282 reliquit
1500 2237 1686 2281 aufugiens
1711 2238 1772 2271 Ci-

328 2287 445 2319 neites
461 2311 470 2326 ‚
494 2287 666 2331 'quaeque
690 2284 778 2328 ipsis
805 2283 1013 2317 acciderint.
1037 2282 1100 2314 ubi
1130 2292 1235 2315 mane
1263 2288 1495 2316 surrexerunt
1517 2293 1694 2327 proceres,
1720 2289 1767 2326 et,

331 2337 370 2364 ut
394 2343 471 2364 mos
499 2337 587 2372 erat,
615 2336 880 2371 convenerunt,
904 2329 1080 2362 disserere
1102 2329 1197 2361 inter
1222 2339 1260 2361 se
1285 2334 1326 2362 ut
1350 2335 1455 2362 nocte
1478 2331 1672 2374 praeterita
1696 2342 1772 2364 ma-

327 2390 415 2422 gnus
442 2378 479 2411 in
505 2379 655 2411 Cineitis
683 2377 850 2410 tentoriis
873 2376 1048 2410 tumultus
1076 2375 1250 2408 excitatus
1274 2375 1393 2408 fuerit.
1423 2376 1486 2408 alii
1511 2376 1631 2410 dicere
1656 2382 1773 2411 trans-

326 2426 446 2468 fugam
471 2425 587 2469 ipsum
611 2425 742 2457 Mol-ati
777 2424 815 2456 in
847 2424 924 2468 ripa
948 2422 1120 2455 ulteriore
1147 2432 1184 2454 se
1219 2421 1449 2464 adiunxisse3
1479 2423 1566 2464 alii,
1591 2424 1654 2469 qui
1679 2424 1772 2457 invi-

327 2472 387 2503 dia
412 2482 491 2504 eum
517 2470 838 2516 prosequebantur,
866 2470 1009 2509 iactare,
1036 2467 1134 2513 quod
1159 2468 1290 2500 sactum
1317 2474 1403 2509 erat,
1428 2480 1447 2501 a
1473 2480 1510 2502 se
1535 2470 1771 2515 praedictum.

325 2518 475 2550 Mon-atis
514 2518 622 2550 etiam
659 2517 856 2556 exercitus,
885 2517 948 2562 qui
975 2516 1013 2548 in
1037 2515 1114 2560 ripa
1143 2515 1309 2559 opposita
1334 2515 1566 2558 considebat,
1594 2516 1772 2550 Cineitem

327 2575 364 2596 re
386 2575 469 2597 vera
499 2564 678 2608 aufugisse
704 2564 879 2606 cognovit.
914 2569 1000 2596 tunc
1022 2562 1060 2595 in
1083 2562 1128 2594 iis
1165 2562 1288 2594 castris
1314 2562 1483 2595 exaudire
1504 2568 1581 2596 erat
1602 2563 1771 2597 tubarum

326 2611 553 2655 aliorumque
593 2611 912 2643 instrumentorum
945 2620 1096 2649 sonum,
1126 2608 1317 2648 clamores,
1345 2608 1508 2642 laetitiae
1532 2610 1651 2653 signa,
1677 2619 1771 2654 quae

328 2657 467 2690 coelum
500 2667 615 2702 usque
650 2655 927 2700 pertingebant3
966 2655 1146 2699 simulque
1182 2655 1220 2687 in
1260 2654 1403 2699 paludis
1442 2656 1527 2700 ripis
1566 2656 1770 2700 equitantes

328 2704 650 2748 conspiciebantur.
678 2702 852 2735 excitatus
884 2701 1015 2734 deinde
1040 2699 1272 2745 Mustaphas‚
1298 2708 1477 2746 comperta
1502 2702 1652 2735 Cineitis
1676 2703 1770 2746 fuga,

328 2751 445 2797 ipsum
473 2750 518 2785 ad
542 2750 718 2785 Moratem
755 2749 940 2783 transiisse
975 2749 1081 2794 eique
1106 2759 1143 2781 se
1169 2748 1417 2791 coniunxisse,
1450 2760 1515 2784 nec
1544 2748 1643 2783 aliud
1666 2759 1771 2795 prac-
