1916 3210
465 212 678 257 rmmcss
719 207 1053 258 mTEnan
1103 214 1354 257 mCERTo.
1504 197 1618 271 467

173 328 364 365 zevereva
380 316 718 358 continuamente
733 316 830 356 doni
844 325 884 357 et
902 317 1044 371 grandi
1059 317 1258 372 presenti.
1275 318 1332 358 Et
1343 323 1482 372 questa
1501 332 1570 357 era
1588 320 1626 359 la

175 384 280 412 voce
305 371 359 412 de
384 374 480 427 ogni
507 372 646 422 homo,
674 371 750 411 che
777 386 859 412 non
878 370 1076 427 ingan'ava
1101 375 1266 424 nisuno‚·
1293 373 1370 413 che
1394 373 1482 413 cali
1502 374 1624 413 Baxia

169 435 242 467 era
264 432 499 480 protectore
519 427 570 467 de
596 428 692 467 tutti
712 426 906 467 l’infideli.
937 429 1029 468 Alla
1046 441 1168 482 greve
1186 428 1389 468 domanda
1409 428 1474 468 del
1491 429 1624 468 dut-ha

170 486 316 537 questa
343 481 384 521 fo
411 481 452 522 18
480 489 664 537 resposta
691 481 757 522 del
787 497 859 522 suo
890 483 1002 523 savio
1033 483 1169 524 Baxia.
1225 484 1333 532 Dio,
1372 485 1408 524 el
1438 484 1558 537 quale
1585 493 1624 524 te

171 534 224 575 he
253 535 354 577 dato
383 537 422 578 18
451 551 588 577 mazor
627 544 744 591 parte
771 537 876 577 della
902 545 1015 579 terra
1054 538 1098 578 di
1126 538 1294 588 Romei,
1325 553 1412 579 esso
1451 546 1490 580 te
1524 539 1625 579 dara

171 590 303 641 anche
332 591 372 632 18
408 593 518 645 οἰίίις
556 592 597 632 la
633 593 751 647 quale
793 592 831 631 al
863 607 984 647 parer
1025 594 1109 634 mio
1144 608 1228 634 non
1258 594 1384 634 suzirh
1409 593 1462 634 da
1488 595 1526 634 le
1553 602 1624 635 tue

170 647 290 687 mne
335 654 433 687 con‘
456 647 502 687 lu
542 649 653 688 aiuto
691 648 743 688 de
767 648 835 688 dio
865 655 906 688 et
935 648 1041 689 della
1077 657 1150 689 tua
1176 649 1371 703 potentia.
1425 650 1483 690 Et
1512 652 1553 689 io
1583 657 1626 690 et

169 700 271 755 tutti
299 699 330 741 li
355 702 416 743 toi
453 704 558 744 servi
585 710 626 744 te
669 703 836 745 daremo
872 703 985 744 aiuto
1024 718 1108 744 non
1135 705 1359 745 solamente
1386 718 1463 744 con
1495 705 1534 745 le
1562 705 1624 745 fa-

168 754 321 797 cultate
364 763 406 799 et
453 757 615 807 dinan-i,
664 773 732 798 ma
770 773 849 798 con
892 758 919 797 li
948 758 1064 813 corpi
1106 766 1146 800 et
1174 760 1242 800 col
1270 774 1423 813 sangue
1456 767 1620 808 nostro,

169 810 347 852 azoch’el
374 819 446 867 tuo
475 813 659 868 pensiero
679 813 971 868 consequischa
998 813 1038 854 el
1058 814 1301 870 desyderato
1320 815 1478 855 effecto.
1510 816 1624 867 Que-

169 873 231 907 ste
265 868 412 922 parole
439 868 577 910 hanno
612 869 827 910 humiliato
857 867 1048 922 alquanto
1076 869 1116 910 la
1143 870 1230 911 fera
1261 870 1435 924 pessima
1457 868 1624 910 salvati-

170 931 245 974 ca;
273 923 313 962 la
339 923 458 978 quale
486 934 566 964 con
595 925 708 964 volto
738 930 781 964 et
808 924 949 978 parole
976 924 1049 978 pih
1081 924 1261 965 humane
1286 925 1405 965 dissi:
1436 925 1531 965 vedi
1558 932 1621 973 tu,

171 977 279 1030 Gali,
309 986 451 1033 questo
478 982 675 1020 cussino?
719 979 847 1019 Tutta
879 979 919 1019 la
947 987 1065 1020 nocte
1093 978 1177 1020 l'ho
1207 986 1388 1030 menate,
1418 980 1625 1021 tirandolo

169 1031 222 1072 (18
252 1047 337 1074 uno
378 1041 553 1075 cantone
588 1034 653 1074 del
696 1034 912 1074 lectossne
953 1034 1111 1075 al’altro
1140 1043 1181 1075 et
1207 1035 1259 1076 da
1315 1036 1422 1076 uello
1453 1034 1624 1076 al’altro.

169 1086 345 1129 lacendo
374 1096 415 1130 et
445 1089 621 1130 levando
650 1102 795 1130 somno
830 1088 904 1129 olli
931 1089 1051 1130 occhi
1078 1091 1158 1130 mei
1188 1104 1273 1130 non
1300 1105 1323 1130 e
1354 1097 1521 1131 venuto.
1549 1091 1627 1130 Di—

169 1157 222 1183 co
250 1143 463 1200 adunque,
493 1144 606 1196 Cali,
638 1159 715 1185 oro
746 1159 772 1184 o
801 1151 969 1197 argento
998 1159 1079 1184 non
1108 1152 1149 1185 te
1173 1144 1346 1199 prenda.
1403 1146 1544 1185 Gratia
1575 1146 1627 1186 ne

170 1199 351 1240 amicitia
391 1200 443 1240 de
471 1199 621 1240 alcuno
660 1214 747 1240 non
775 1207 816 1239 te
845 1200 970 1239 faccia
1000 1200 1167 1240 lontano
1192 1200 1245 1240 da
1274 1200 1313 1240 la
1341 1208 1523 1254 resposta
1550 1201 1626 1241 che

170 1253 272 1294 hora
300 1269 367 1296 me
391 1255 459 1295 hai
489 1255 608 1299 sacto.
667 1256 735 1295 Ma
767 1254 894 1294 ferma
923 1254 962 1294 la
990 1263 1148 1305 mente,
1176 1262 1218 1295 et
1246 1255 1487 1295 fot-temente
1514 1271 1626 1296 com·

169 1309 353 1350 battamo
380 1308 419 1350 la
448 1311 562 1362 cita;
591 1309 630 1350 la
658 1308 778 1365 quale
807 1324 926 1363 spero
955 1312 995 1349 in
1015 1311 1083 1349 dio
1110 1318 1150 1350 et
1166 1309 1206 1350 la
1235 1311 1527 1351 intercessione
1556 1312 1625 1351 del

169 1364 371 1419 propheta
407 1365 483 1406 che
527 1365 598 1406 noi
641 1364 681 1404 la
711 1367 1022 1419 acquistaremo.
1079 1365 1169 1405 Con
1198 1372 1342 1419 queste
1366 1364 1554 1406 allective
1583 1373 1626 1407 et

168 1421 358 1474 spinose‚
395 1419 513 1461 dolce
557 1428 597 1462 et
631 1434 769 1461 amare
807 1419 948 1475 parole
982 1418 1066 1460 fece
1110 1427 1220 1460 stare
1252 1421 1340 1460 Cali
1368 1421 1593 1474 stupefacto
1611 1451 1624 1474 ‚

169 1475 234 1515 col
261 1485 412 1530 sangue
445 1475 586 1516 soccho
626 1490 706 1530 per
733 1476 772 1517 le
799 1489 929 1527 vene3
971 1474 1010 1515 la
1038 1477 1233 1516 memoria
1260 1475 1309 1516 e'l
1339 1490 1436 1516 core
1463 1478 1625 1516 alllicto.

170 1529 242 1584 poi
270 1530 555 1571 lieentiandolo
586 1531 721 1572 disse:
753 1545 805 1571 va
834 1532 876 1570 in
905 1545 1017 1584 pace.
1051 1532 1108 1571 Et
1137 1546 1223 1571 esso
1252 1531 1294 1571 (11
1325 1537 1367 1570 et
1395 1539 1516 1571 nocte
1543 1546 1622 1572 non
1637 1536 1704 1573 252

16 1591 42 1659 {⁹3
170 1583 333 1627 cessax'ra
356 1586 462 1626 dalle
481 1588 668 1641 pincture
690 1594 731 1627 et
760 1586 946 1639 desegni,
980 1585 1227 1641 designando
1261 1585 1301 1626 la
1329 1586 1462 1626 citade
1480 1617 1490 1635 ‚
1517 1587 1626 1626 onde

15 1644 37 1667 2⁵*
170 1640 289 1681 ‹lebia
317 1643 502 1696 piantare
528 1642 564 1682 18
582 1657 654 1682 sue
670 1642 912 1688 bombex-de,
947 1642 999 1682 (18
1020 1642 1114 1696 qual
1140 1650 1260 1696 parte
1281 1643 1355 1682 dar
1381 1641 1421 1681 la
1450 1641 1626 1695 bataglia

170 1703 211 1736 et
238 1711 315 1737 con
345 1696 384 1737 le
414 1698 599 1738 machine
626 1704 669 1738 et
699 1698 828 1738 bastie
859 1704 1115 1737 contrastare
1135 1728 1147 1748 ‚
1179 1705 1219 1738 ct
1250 1696 1287 1737 le
1309 1697 1415 1738 scale
1440 1705 1626 1737 acostare

173 1751 253 1792 alle
279 1766 400 1792 mura
428 1753 533 1792 della
563 1760 682 1793 terra.
757 1754 884 1792 'sutte
913 1752 950 1792 le
976 1767 1072 1792 cose
1102 1753 1176 1792 che
1206 1754 1243 1792 la
1271 1761 1390 1792 nocte
1421 1767 1625 1805 peusava,

173 1806 211 1846 18
241 1807 394 1847 matina
424 1822 499 1847 con
530 1808 760 1848 festinantia
792 1809 930 1847 faceva
964 1822 1154 1861 operare.
1183 1810 1252 1847 Ma
1282 1808 1405 1861 quelli
1436 1808 1539 1847 della
1571 1809 1630 1846 ci—

171 1862 282 1908 tado,
320 1863 528 1903 sollicitati
576 1864 627 1902 da
667 1863 739 1917 piix
776 1865 888 1916 grcvi
931 1869 972 1902 et
1000 1863 1071 1916 pii'l
1109 1865 1238 1902 amari
1289 1864 1491 1916 pensieri,
1519 1863 1559 1901 d]
1587 1870 1629 1902 et

173 1924 295 1958 nocte
339 1918 616 1972 invigilavano
656 1933 773 1958 come
817 1932 991 1971 possano
1035 1916 1192 1957 salvare
1221 1918 1259 1957 la
1285 1919 1362 1957 cita
1392 1919 1483 1957 (1818
1511 1933 1629 1958 mane

171 1972 224 2014 de
252 1974 606 2014 Buccbadenosor.
687 1974 748 2013 Lo
778 1972 1012 2026 imperador
1038 1973 1165 2012 havea
1196 1973 1239 2011 za
1270 1974 1461 2013 mandato
1488 1973 1523 2012 81
1554 1988 1627 2013 suo

174 2029 306 2083 legato
347 2044 371 2068 a
400 2028 532 2069 Roma
566 2028 618 2068 ad
657 2028 888 2068 domandar
926 2029 1129 2078 aiutorio,
1173 2036 1213 2067 et
1251 2028 1326 2067 elic
1355 2027 1500 2068 voleva
1527 2043 1629 2067 cons

173 2085 326 2125 sentire
363 2083 443 2124 alla
479 2091 617 2125 sancta
652 2086 807 2125 unione
849 2081 1050 2124 celebrata
1095 2098 1118 2121 a
1158 2083 1372 2123 Fiorenza.
1430 2084 1485 2122 Et
1520 2098 1626 2135 pro..

172 2147 349 2180 metteva
379 2141 439 2180 sar
469 2152 791 2180 commemorare
818 2140 855 2179 el
881 2153 985 2193 papa
1014 2137 1122 2179 nelle
1150 2153 1277 2178 messe
1303 2137 1489 2178 sollemni
1521 2140 1559 2177 in
1592 2138 1628 2178 la

172 2195 338 2235 ecclesia
377 2210 521 2249 magna
540 2225 552 2247 ‚
592 2202 636 2235 et
680 2195 781 2234 ch’el
812 2193 1046 2248 patriarcha
1078 2195 1283 2248 Gregorio
1324 2193 1429 2234 seria
1463 2201 1628 2247 reposto

172 2252 217 2290 in
251 2249 289 2290 la
317 2265 390 2290 sua
418 2250 630 2292 chatreda.
671 2264 859 2304 appresso
884 2249 1138 2289 domandava
1171 2248 1271 2289 ch’el
1306 2264 1410 2303 papa
1438 2249 1628 2289 mandas·

173 2320 216 2346 se
258 2306 431 2361 qualche
463 2305 615 2361 grande
661 2305 824 2360 prelato
867 2320 890 2346 8
920 2306 1031 2346 lever
1066 2306 1104 2344 la
1132 2304 1250 2344 sisma
1280 2313 1320 2344 et
1348 2305 1388 2344 la
1417 2304 1629 2344 inimicitia

174 2361 250 2402 che
277 2375 346 2402 era
371 2369 434 2402 tra
464 2361 586 2402 Greci
612 2367 652 2402 et
683 2362 835 2405 Latini.
909 2360 1021 2414 Papa
1049 2361 1194 2400 Nicola
1212 2390 1224 2412 ‚
1251 2360 1287 2400 81
1315 2360 1433 2414 quale
1465 2362 1504 2400 in
1534 2360 1630 2414 quel

174 2424 315 2470 tempo
344 2417 484 2471 regnia
511 2419 548 2458 el
578 2423 813 2472 pastorem,
862 2415 1014 2456 mando
1046 2415 1204 2455 Isidoro
1227 2414 1441 2455 Cardinale
1470 2416 1520 2455 de
1551 2418 1629 2456 Sa-

175 2471 300 2524 bina,
329 2473 622 2513 archivescovo
650 2473 701 2512 de
732 2473 900 2523 Bossia,
930 2473 1061 2511 Greco
1088 2485 1164 2525 per
1189 2472 1343 2524 patria,
1369 2470 1494 2510 homo
1523 2470 1630 2512 mol·

173 2534 219 2567 to
247 2528 360 2568 savio
391 2533 432 2569 et
461 2527 585 2569 docto
613 2530 654 2567 in
687 2528 722 2567 la
749 2541 859 2568 sacra
888 2526 1095 2580 scriptura
1121 2525 1229 2566 della
1256 2527 1346 2567 sede
1373 2525 1627 2579 evangelica3

176 2589 217 2623 ct
245 2582 287 2623 fo
317 2597 399 2623 uno
443 2582 539 2624 delli
569 2584 747 2624 antistite
772 2582 959 2636 prefecto
989 2582 1031 2621 in
1060 2582 1098 2622 18
1125 2596 1240 2622 sacra
1268 2585 1419 2622 unione
1448 2582 1483 2621 F
1486 2584 1628 2621 ioren..

8 1358 15 1370 Γ
6 1295 10 1318 Α-
4 1224 6 1227 «
4 1136 10 1163 ,Ἃ
0 1078 11 1114 ,ἓν
4 1039 9 1047 ,«
0 954 1 958 ⁴
0 703 17 863 “,’)*·ῑ”“ι
11 663 14 669 ,
12 444 13 450 ᾼ
10 270 13 275 .
10 165 14 171 <

4 1182 40 1333 βψς,
9 1108 32 1171 ’1ιῖᾱῖ
9 1063 29 1091 ““,
18 947 30 956 ς
10 839 34 895 ,ΞἫῙ
30 811 33 814 ζ
17 786 23 790 ·
11 755 33 775 <.<¹
11 707 35 726 *ᾖ
30 666 31 671 Α
20 551 33 589 50„
32 486 33 489 „
30 439 32 443 Y
22 409 33 418 Δ.
19 379 23 386 s
26 351 27 354 „
31 326 34 332 ,
35 243 37 246 Α
35 198 37 201 ¹
31 173 33 178 λ
15 145 35 158 j⁴
31 127 33 132 -
31 107 33 109 ,

34 1326 47 1343 ⁴.
34 1293 38 1299 .
31 1245 37 1257 ‚
35 1217 37 1221 .
37 1190 39 1195 ,
29 1135 37 1148 -
39 1042 41 1046 ,
39 979 41 981 ,
35 934 37 938 l
34 835 41 877 ..,.
36 778 41 784 ΑΛ
35 703 41 745 ,8,
42 626 46 650 ,„
42 546 46 547 Ἰ
42 515 43 519 Α
36 381 39 385 ,
35 308 37 310 .
33 99 54 178 oe‘g
39 47 50 77 ΜΛ

176 2639 262 2677 tina
279 2668 292 2690 ,
321 2653 440 2679 come
468 2639 506 2679 81
533 2654 694 2680 sermon
722 2638 887 2678 davanti
915 2637 967 2677 ha
1002 2637 1266 2681 demostrato.
1322 2639 1477 2688 Questo
1510 2652 1627 2677 reve-

175 2692 416 2735 rendissimo
436 2694 654 2735 Cardinale
685 2694 826 2734 nolezb
863 2707 944 2732 una
971 2707 1111 2746 grossa
1142 2707 1244 2733 nave
1273 2694 1453 2733 Zenuese
1482 2700 1523 2733 ct
1556 2707 1625 2732 an·

179 2747 233 2787 db
262 2747 303 2789 in
332 2749 425 2789 Asio
442 2780 453 2799 ,
485 2749 590 2790 dove
619 2751 768 2803 scripse
794 2748 908 2788 molti
942 2747 1122 2802 valorosi
1154 2747 1439 2802 provisionafi,
1466 2756 1503 2787 et
1530 2761 1623 2787 car-
1639 2760 1704 2795 253

178 2802 226 2843 cb
255 2803 291 2844 la
322 2819 426 2846 nave
453 2806 504 2847 de
532 2805 764 2847 munitione
792 2812 834 2845 et
863 2803 1054 2846 victualic
1069 2833 1082 2856 ,
1123 2811 1162 2845 et
1191 2804 1338 2859 navigi)
1367 2818 1390 2843 8
1419 2803 1623 2844 Constan-
