1884 3216
334 171 444 228 270
651 170 837 213 ‘DUCAE
880 169 1166 215 MlanELls
1201 171 1425 213 NEPOTIS
1858 0 1884 200 ἢ

330 268 402 312 λον
438 269 622 326 ἀχθῆναι
663 268 840 312 ἐνώπιον
884 269 1034 314 αὐτοῦ.
1105 268 1134 310 α’
1135 269 1310 323 χθέντος
1343 264 1421 311 οὖν
1457 270 1532 311 καί
1546 267 1763 325 κατᾶεγῆς

331 334 527 390 ῥιφέντος
567 334 642 377 καί
674 332 758 375 ὑπὸ
796 330 1012 388 τεσσάρων
1047 336 1346 390 τανυσθέντος,
1389 330 1517 385 αὗτὸς
1545 333 1567 376 ὅ
1594 333 1762 390 ἡγεμών

332 401 503 449 οἰκείαις
531 398 679 455 χερσῖν
705 397 880 452 ἔτυψεν,
910 395 1011 448 δούς
1047 394 1196 441 ἑκατὸν
1222 398 1303 442 σὺν
1329 401 1409 457 μιᾷ
1439 399 1580 457 χρυσῇ
1603 387 1762 456 ῥάβδῳ,

329 459 379 520 ἧς
405 465 431 520 ἦ
460 463 618 521 κεφαλή
645 462 827 519 χρυσίου
854 465 1049 518 καθαροῧ
1074 467 1279 518 σταθμίον
1305 466 1446 521 λίτραι
1464 463 1730 508 πεντακόσιαι
1747 480 1758 494 ·

329 530 381 585 ἢν
413 527 537 579 αὖτὸς
573 528 892 581 κατεσκεύασεν,
929 530 997 570 ἵνα
1033 528 1160 587 παίζῃ
1201 526 1333 586 αῧτῆν
1369 530 1427 580 ὥς
1454 532 1666 584 δοκίμιον.Δ
1708 523 1797 584 ἦν5

331 597 376 638 δὲ
405 594 425 637 ὁ
453 590 674 650 ἄνθρωπος
699 592 747 635 τὸ
775 595 890 647 γένος
915 595 960 635 ἐκ
986 596 1070 636 τῶν
1093 595 1351 650 Βουλγάρων
1374 595 1516 649 ἕλκων,
1543 593 1656 646 τινὸς
1680 595 1762 638 τῶν

329 659 538 715 α’ρχόντων
572 659 842 714 Βουλγαριάς
887 657 1005 710 υἱός,
1035 659 1191 702 noima
1219 658 1585 714 ἐπονομαζόμενος.
1640 659 1761 703 ἔδου-

192 727 231 760 V.
253 727 443 780 malui-917
472 720 547 767 οὖν
573 723 652 780 πρό
684 725 848 779 καιροῦ,
880 725 955 766 καί
975 723 1212 778 ἐξωμόσατο
1239 726 1284 768 τὰ
1315 725 1489 782 πάτριον
1518 730 1661 782 σέβας,
1689 728 1764 768 καί

285 785 375 845 Οῆν
403 792 552 840 δοῦλος
589 788 792 844 πατρικὸς
840 792 915 832 τοῦ
942 791 1161 844 Μεχεμέτ.
1217 789 1345 841 αὐτὸς
1370 787 1424 848 ἦν
1450 790 1472 833 ὅ
1501 790 1583 847 πρὸ
1609 790 1761 835 τεσσά-

287 874 292 880 ·
324 870 410 909 ρων
438 855 543 896 ἐτῶν
573 852 712 896 ἐλθών
744 855 788 896 ἐν
818 856 871 912 τῇ
900 855 1071 912 Λέσβῳ,
1099 857 1174 897 καί
1198 856 1514 909 αἰχμαλωτίσας
1542 858 1759 911 almuzao-
1776 850 1825 899 ω’

321 922 418 961 σιἀν
456 915 642 974 ἄπειρον.
704 914 757 975 ἦν
799 921 846 962 δὲ
889 921 963 962 καί
985 926 1070 970 τοῖς
1110 920 1333 971 α’πελάταις
1377 922 1428 963 ου’
1455 921 1581 972 καλός
1610 921 1762 978 φίλος,

319 983 519 1041 ἁρπάζων
537 985 680 1027 αὐτῶν
707 985 758 1028 τοὶ
792 984 978 1042 λάφυρα.
1033 984 1106 1028 καὶ
1133 985 1288 1036 ἰδόντες
1315 985 1444 1029 αὔτόν
1468 985 1551 1029 ὑπό
1583 989 1661 1030 τοῦ
1685 1003 1759 1030 τν-

320 1050 473 1106 ροίννου
501 1052 876 1107 καταφρονηθέντα
903 1050 976 1093 καὶ
1007 1049 1317 1108 ῥαβδισθέντα,
1347 1048 1407 1101 εἷς
1426 1054 1507 1096 τῶν
1524 1051 1759 1104 Ἀζαπιῖῗων

319 1119 439 1158 λίθον
469 1111 576 1171 ἄρας
602 1117 677 1157 καί
691 1116 794 1158 κατὰ
811 1115 964 1172 κόρρης
984 1115 1166 1171 κρούσας
1187 1117 1365 1171 ἐξώρυξε
1395 1115 1467 1160 τὸν
1491 1118 1564 1159 ἕνα
1592 1115 1757 1174 ὀφθαλ-

317 1181 399 1236 μὸν
426 1183 575 1227 αὐτοῦ.
633 1181 679 1223 αἱ
714 1183 761 1223 δὲ
790 1183 886 1237 νῆαι
922 1182 1127 1223 ἐλθοῦσαι
1165 1184 1210 1224 ἐν
1236 1183 1292 1239 τῷ
1320 1182 1485 1236 λιμένι,
1515 1182 1589 1224 καί
1617 1181 1657 1225 οἱ
1683 1184 1756 1238 τῆς
1773 1183 1821 1226 15

317 1246 478 1297 πόλεως
506 1245 773 1301 χαλάσαντες
800 1246 877 1302 τήν
905 1243 1055 1289 ἅλυσιν
1085 1245 1245 1289 ἔδωκαν
1273 1246 1434 1290 εἴσοδον
1465 1244 1614 1298 αὗτάς.’
1663 1248 1757 1290 τότε

319 1314 342 1354 ὅ
367 1312 575 1368 τύραννος
603 1311 705 1354 ἷὸὠν
731 1312 807 1362 τὰς
835 1313 937 1367 νῆας
963 1311 1039 1361 τὰς
1062 1315 1247 1367 μεγάλας
1275 1312 1377 1355 ὀκτώ
1407 1308 1559 1367 οὔσας,
1583 1311 1660 1363 τὰς
1685 1329 1757 1368 μι-

319 1377 422 1432 κρὰς
461 1379 651 1420 ἐπέκεινα
699 1380 782 1420 τῶν
819 1376 875 1431 κ’,
920 1379 993 1419 καί
1015 1376 1200 1433 τριήρεις
1226 1378 1449 1431 βασιλικάς
1475 1381 1547 1421 καί
1572 1379 1758 1435 τριήρεις

274 1447 402 1487 Βτῶν
428 1445 681 1496 Βενετικῶν,
710 1442 784 1484 καί
812 1437 918 1484 ἄλλα
961 1447 1130 1484 πλεῖστα
1160 1442 1313 1498 μικρά,
1346 1442 1450 1498 ἔγνω
1479 1444 1536 1494 ὥς
1563 1446 1640 1486 οτῖκ
1666 1443 1755 1487 ἔστι

321 1507 501 1550 δυνατὸν
530 1509 608 1549 τοῦ
642 1513 868 1561 κατασχεῖν
893 1505 962 1549 τὸν
998 1509 1172 1561 λιμένα,
1200 1510 1272 1550 καί
1298 1506 1542 1562 τεχνάζεται
1568 1506 1756 1564 γενναῖόν
1767 1529 1818 1556 20

319 1590 361 1616 τι
404 1574 478 1616 καί
515 1574 706 1628 α’νδρεῖον
743 1570 951 1628 σόφισμα.
1006 1572 1248 1628 προστάττει
1281 1577 1355 1616 τοῦ
1380 1574 1753 1630 εὕθυδρομηθῆναι

318 1637 395 1687 τὰς
419 1635 552 1688 νάπας
579 1636 656 1687 τοὶς
686 1632 858 1679 ὄπισθεν
882 1638 1074 1691 κειμένας
1113 1640 1190 1679 τοῦ
1214 1641 1256 1681 Γ
1253 1642 1386 1681 αλατᾶ
1402 1670 1414 1693 ,
1441 1635 1524 1681 οἷπὸ
1550 1638 1598 1681 τό
1627 1641 1757 1695 μέρος

321 1702 368 1746 τὸ
413 1701 518 1759 πρὸς
553 1701 758 1756 ἀνατολήν
803 1700 987 1744 κάτωθεν
1026 1704 1102 1744 τοῦ
1139 1705 1290 1746 διπλοῦ
1314 1705 1448 1754 κίονος
1473 1706 1551 1755 ἓως
1575 1704 1622 1746 τό
1653 1701 1754 1747 ἄλλο

318 1770 444 1825 μέρος
474 1769 551 1810 τοῦ
580 1770 621 1810 Γ
619 1770 755 1810 αλατοῖ
784 1765 829 1810 τὸ
859 1766 967 1824 πρὸς
993 1766 1064 1811 τὸν
1095 1767 1289 1823 αἰγιαλὸν
1316 1772 1393 1812 τοῦ
1420 1770 1634 1826 Κερατίου
1661 1769 1755 1813 κόλ-

1080 1915 1092 1928 Ι

322 1947 395 1970 sem
420 1936 466 1969 ad
499 1936 587 1969 duas
615 1936 797 1969 columnas
831 1934 949 1976 abire,
987 1946 1153 1980 magnum
1189 1934 1454 1970 contostablum
1485 1936 1615 1971 adduci
1639 1937 1754 1973 iubet.

322 1994 430 2028 quem
454 1988 645 2016 attractum
670 1988 706 2016 et
718 1983 756 2015 in
776 1987 907 2015 terram
932 1981 1124 2024 deiectum,
1148 1993 1168 2014 a
1193 1989 1349 2027 quatuor
1374 1983 1592 2017 satellitibus
1617 1984 1755 2019 disten-

322 2035 409 2070 tum,
434 2030 599 2074 princeps
626 2030 703 2074 ipse
728 2029 800 2062 suis
827 2028 993 2062 manibus
1018 2028 1239 2063 verberavit:
1265 2040 1373 2063 aurea
1397 2031 1492 2063 enim
1514 2031 1610 2075 virga
1640 2031 1754 2065 libra-

322 2088 400 2109 rum
438 2077 712 2121 quingentarum
739 2075 880 2120 pond0‚
904 2086 1011 2120 quam
1036 2075 1081 2108 ad
1101 2076 1316 2119 tyrocinium
1349 2077 1388 2109 in
1411 2077 1633 2111 verberando
1663 2078 1752 2112 faci-

323 2122 455 2156 endum
487 2128 769 2168 comparaverat,
805 2127 948 2155 centum
974 2122 1008 2155 ei
1032 2123 1153 2167 plagas
1179 2122 1321 2156 inflixit.
1346 2123 1410 2156 ille
1434 2135 1517 2157 vero
1545 2123 1752 2159 contestab-

322 2170 379 2202 lus
412 2170 560 2203 natione
595 2170 785 2214 Bulgarm,
820 2169 965 2202 nomine
1003 2168 1131 2210 Palda,
1162 2169 1317 2215 quodam
1347 2170 1442 2202 inter
1477 2181 1558 2204 suos
1587 2171 1750 2216 principe

322 2216 399 2251 viro
428 2222 525 2250 ortus
551 2221 637 2250 erat.
663 2216 726 2249 diu
749 2220 832 2249 ante
855 2215 1072 2260 mancipium
1097 2216 1211 2249 factus
1236 2226 1255 2247 a
1277 2216 1393 2261 patria
1418 2216 1591 2261 religione
1615 2223 1651 2251 et
1671 2218 1751 2263 pie-

321 2267 396 2295 tate
422 2261 620 2303 defecerat,
643 2262 929 2307 Mehemetisque
966 2263 1060 2309 patri
1088 2262 1267 2296 servierat.
1295 2263 1324 2295 is
1353 2267 1436 2295 ante
1461 2268 1616 2308 quatuor
1638 2275 1750 2298 annos

322 2308 362 2340 in
387 2308 541 2341 Lesbum
566 2315 790 2350 excurrerat,
828 2309 1033 2354 multosque
1066 2309 1225 2354 captivos
1251 2308 1466 2351 abduxerat3
1493 2310 1684 2354 remigibus
1709 2322 1750 2344 ac

320 2355 440 2387 nautis
463 2355 620 2397 invisus,
651 2361 693 2389 ut
727 2356 790 2401 qui
813 2355 982 2401 praedam
1006 2355 1092 2401 ipsis
1135 2356 1338 2400 surriperet.
1366 2360 1407 2388 ut
1431 2366 1512 2399 ergo
1538 2368 1618 2390 eum
1646 2368 1666 2389 a
1694 2363 1751 2401 ty-

321 2412 434 2433 ranno
471 2407 715 2447 contemptum
749 2403 929 2447 virgisque
964 2413 1105 2435 caesum
1126 2401 1274 2442 vident,
1301 2402 1495 2446 Azapidum
1521 2414 1614 2436 unus
1639 2415 1749 2448 genae

321 2447 433 2491 ipsius
461 2448 582 2492 lapide
618 2449 741 2482 incuso
775 2450 927 2482 alterum
952 2449 1095 2482 oculum
1123 2449 1226 2482 eruit.
1254 2453 1291 2480 at
1315 2459 1423 2482 naves
1447 2454 1588 2493 portum
1614 2450 1750 2495 ingres-

326 2504 385 2526 sae
409 2505 429 2526 a
457 2494 655 2538 Cpolitanis
681 2496 799 2529 soluta
824 2501 961 2536 catena,
986 2496 1220 2540 accipiuntur.
1245 2500 1414 2537 tyrannus
1436 2506 1542 2528 naves
1568 2502 1647 2530 octo
1674 2508 1750 2530 ma-

324 2550 432 2584 gnas,
463 2541 617 2574 minores
650 2542 769 2586 plures
803 2543 953 2587 viginti,
983 2543 1216 2587 triremesque
1250 2541 1473 2586 imperatoris
1506 2553 1546 2575 ac
1571 2543 1748 2584 Venetas,

325 2586 467 2631 aliaque
489 2587 641 2631 plurima
673 2599 779 2633 parva
818 2589 956 2633 navigia
993 2594 1133 2634 portum
1157 2598 1328 2632 occupare
1357 2589 1596 2634 conspicien8‚
1621 2590 1684 2623 illo
1710 2602 1747 2623 se

325 2643 398 2665 non
422 2644 524 2677 posse
553 2635 661 2678 potiri
686 2636 860 2678 cognovit.
886 2641 1096 2679 stratagema
1121 2635 1203 2668 ideo
1229 2634 1368 2675 auda,
1395 2645 1565 2678 generoso
1590 2634 1746 2681 sortique

324 2679 401 2712 viro
430 2679 574 2724 dignum
599 2681 886 2714 comminiscitur.
911 2693 974 2727 per
999 2681 1143 2715 dumeta
1171 2687 1207 2714 et
1228 2691 1352 2724 vepres
1371 2686 1454 2725 post
1473 2681 1635 2715 Galatam
1660 2683 1745 2716 sitas

327 2731 456 2759 rectam
479 2727 572 2763 viam
608 2739 626 2760 a
650 2734 771 2773 parte,
804 2739 896 2774 quae
933 2728 1107 2762 orientem
1136 2728 1227 2762 infra
1256 2726 1343 2761 duas
1366 2727 1546 2762 columnas
1577 2729 1745 2775 respicit,
