1916 3210
441 136 655 180 rrALlcE
703 138 1040 179 INTERPRETE
1087 137 1341 178 meniu-o,
1519 118 1632 194 359

176 239 386 284 stautino..
437 240 499 280 La
526 238 784 293 imperatrice
814 254 893 279 con
920 239 1073 294 grande
1093 253 1261 279 remore
1289 247 1330 278 et
1359 239 1538 282 tumulto
1565 244 1633 283 del

175 295 337 352 'popolo
378 293 488 336 intrb
533 294 600 335 nel
626 309 724 350 gran
765 295 925 349 palazo.
982 295 1039 335 Ne
1067 295 1204 349 prima
1233 295 1340 335 cessi)
1371 295 1410 334 la
1438 296 1499 336 ira
1527 297 1635 338 della

173 352 346 402 tumbata
390 349 653 392 multitudine
690 350 766 390 che
797 351 978 391 uccisero
1008 350 1108 391 tutti
1133 350 1162 392 li
1188 351 1429 405 prexoncri,
1459 361 1632 408 excepto

173 406 259 460 sei,
290 405 360 450 nel
398 413 557 447 sacrato
586 406 745 459 tempio
785 406 835 446 de
865 406 1140 447 Constantino
1158 437 1169 455 ‚
1203 405 1270 446 nel
1301 407 1422 462 quale
1450 407 1464 446 i
1494 409 1633 450 miseri

173 462 388 518 pensando
428 462 603 503 salvarse
643 461 827 502 hebbero
866 461 1027 502 infelice
1062 477 1242 506 recorso.
1308 465 1378 502 Ma
1416 463 1486 503 azb
1533 465 1635 505 ch’el

206 524 346 568 cecato
376 517 429 558 de
456 517 603 558 Romei
645 517 814 558 davanti
845 534 868 557 a
897 518 968 558 dio
1007 518 1114 559 fosse
1144 517 1454 571 irremissibile3
1481 519 1633 561 immo..

191 584 323 617 arone
353 571 489 628 quelle
518 572 687 614 victime
717 573 939 613 innocente
967 574 1033 614 nel
1065 590 1142 614 suo
1172 583 1333 616 sacrato
1361 575 1534 630 tempio‚
1561 576 1633 616 dio

173 642 261 672 uon
290 635 530 683 acceptante
563 629 760 669 sacrificio
793 630 842 668 de
880 644 1033 684 sangue
1057 630 1255 671 humano.
1315 631 1452 682 Quelli
1478 631 1534 672 sei
1559 632 1636 672 che

172 681 389 725 dicessimo
417 699 501 724 non
535 699 642 724 esser
675 685 771 724 stati
802 685 952 734 morti,
999 699 1041 724 se
1070 700 1257 727 ascosero
1288 687 1330 726 in
1358 685 1470 726 lochi
1499 701 1634 727 secre-

173 739 321 781 tissimi
347 739 486 780 sotto’l
515 740 698 794 tempio‚
746 747 787 780 et
815 740 951 780 vestiti
980 741 1054 794 poi
1083 748 1196 782 veste
1227 742 1280 783 da
1308 741 1456 782 caloiri
1482 743 1635 783 usscie..

172 810 282 843 rouo
322 793 390 835 del
429 795 687 836 monasterio
718 796 769 836 de
808 796 1112 848 Constantino,
1152 805 1191 838 et
1214 813 1438 852 passarono
1480 797 1636 838 al’altra

171 858 320 905 parte,
351 857 394 891 ct
421 851 599 905 seperati
628 851 740 891 l’uno
772 851 957 892 dal'altro
983 852 1198 893 andarono
1229 860 1347 908 parte
1377 853 1419 893 in
1442 853 1636 909 Bithynia

173 913 214 947 et
241 914 364 962 parte
395 906 437 946 in
464 906 571 946 altro
598 907 693 947 loco
721 907 771 947 de
796 906 970 959 levante,
1001 922 1080 948 ove
1110 908 1140 948 il
1168 923 1243 950 suo
1273 910 1359 950 fato
1390 909 1419 948 li
1445 923 1635 951 menava.

173 962 228 1002 Di
249 962 362 1017 quali
393 977 478 1002 uno
498 963 538 1001 fo
560 977 640 1003 avo
663 969 838 1017 paterno
863 963 913 1003 de
932 963 990 1002 mi
1010 963 1205 1017 scriptor,
1238 965 1274 1005 el
1305 963 1427 1020 quale
1452 980 1495 1016 se
1523 965 1638 1005 chia-

173 1032 294 1058 mava
325 1017 476 1058 Michel
517 1019 690 1069 Ducha,
737 1019 898 1059 desceso
930 1019 1012 1059 deli
1054 1020 1217 1075 antiqui
1244 1020 1381 1060 Duchi
1410 1020 1462 1061 de
1488 1020 1635 1068 Greci,

173 1073 225 1113 de
254 1073 522 1127 philosophia
550 1081 592 1114 et
610 1075 660 1113 de
689 1074 787 1128 ogni
827 1075 1031 1128 sapientia
1055 1074 1196 1129 pieno.
1254 1076 1307 1115 El
1337 1075 1435 1130 qual
1465 1091 1638 1130 passan-

172 1128 228 1169 do
254 1132 294 1168 in
326 1129 420 1169 Asia
448 1143 526 1182 per
554 1129 594 1168 la
619 1130 772 1180 Fonia‚
804 1145 878 1184 per
906 1146 978 1170 sua
1005 1138 1178 1170 ventura
1207 1145 1249 1171 se
1273 1132 1440 1171 scontrb
1470 1132 1512 1171 in
1534 1134 1637 1173 Iesse

173 1184 210 1223 al
242 1183 340 1225 siolo
367 1185 420 1224 de
450 1185 598 1236 Athis3
630 1185 667 1224 al
696 1185 820 1240 quale
848 1186 1065 1226 manifesto
1094 1192 1203 1226 tutte
1241 1187 1280 1227 le
1321 1202 1416 1227 cose
1446 1187 1635 1228 intrave-

171 1247 272 1280 nute
298 1239 341 1279 in
381 1240 418 1280 la
459 1240 540 1280 cita
582 1240 811 1294 imperiale.
880 1242 937 1280 Et
966 1241 1116 1295 perche
1158 1256 1227 1281 era
1255 1242 1390 1282 molto
1419 1243 1639 1283 excellente

175 1296 283 1336 nelle
310 1301 402 1336 arte
441 1301 482 1335 et
523 1296 651 1335 studii
683 1295 880 1348 litterali,
912 1311 998 1336 non
1027 1296 1256 1337 solamente
1284 1297 1389 1337 delle
1417 1313 1512 1338 cose
1539 1313 1636 1352 pas-

170 1357 256 1391 sate
295 1350 340 1399 di·
367 1350 489 1390 Greci
529 1350 560 1390 li
590 1352 697 1391 dava
736 1359 848 1391 certa
875 1352 1046 1401 notitia,
1091 1367 1158 1391 ma
1179 1353 1317 1398 ,anche
1346 1352 1375 1392 li
1407 1353 1637 1393 vaticinava

170 1406 210 1446 lc
255 1420 348 1446 cose
391 1407 553 1457 future,
593 1421 710 1446 come
738 1407 843 1461 perli
886 1407 1044 1461 peccati
1075 1407 1117 1446 di
1149 1408 1270 1448 Greci
1311 1409 1491 1448 defuncti
1521 1417 1560 1449 et
1588 1410 1695 1456 deul,

201 1461 299 1503 uelli
327 1461 404 1502 che
432 1476 562 1501 ancor
599 1462 800 1512 viveano‚
850 1463 1187 1517 permeetendolo
1216 1463 1440 1504 l'altissimo
1470 1465 1566 1514 dio,
1597 1464 1638 1504 la

169 1477 320 1556 ff'racia
338 1547 348 1564 ‚
378 1516 419 1556 la
448 1516 581 1572 Misya
623 1524 663 1556 et
690 1524 798 1557 tutta
827 1517 867 1557 la
898 1519 1046 1559 Grecia
1076 1519 1118 1558 in
1148 1534 1257 1573 poco
1287 1527 1428 1574 tempo
1461 1521 1638 1561 cazeria..

168 1587 226 1612 no
255 1579 368 1612 sotto
397 1571 599 1627 l'imperio
630 1573 672 1612 di
699 1573 884 1623 Turchi,
914 1589 1031 1614 come
1062 1575 1099 1613 el
1126 1589 1294 1615 sermon
1325 1583 1467 1616 nostro
1500 1576 1638 1615 avanti

168 1627 223 1668 ha
250 1634 478 1674 mostrato:
516 1629 553 1668 el
588 1636 737 1682 tyrano
775 1637 1013 1670 veramente
1058 1637 1259 1670 rezevette
1290 1631 1492 1670 Michaele
1521 1634 1640 1671 Duca

167 1683 301 1724 molto
346 1684 752 1735 honorificamcnte‚
798 1685 1097 1739 acceptandolo
1142 1685 1222 1725 alla
1264 1700 1338 1725 sua
1367 1687 1637 1740 provisione,

169 1745 210 1779 et
237 1739 383 1793 poselo
420 1739 463 1778 in
503 1740 673 1794 Epheso
699 1754 778 1779 con
822 1740 995 1780 honesta
1025 1740 1297 1793 conditione-,3
1325 1738 1492 1796 la'qual
1523 1743 1639 1783 volse

167 1794 245 1834 che
271 1803 495 1848 acceptasse
523 1810 598 1849 per
623 1809 695 1834 sua
726 1795 862 1850 patria
901 1803 942 1836 et
971 1812 1045 1837 sua
1075 1797 1337 1836 habitatione
1366 1811 1444 1850 per
1476 1798 1576 1838 tutti
1607 1799 1637 1838 li

169 1849 269 1889 anni
294 1849 386 1890 dela
414 1852 499 1890 vita
530 1865 615 1893 sua.
674 1851 846 1890 Zuanne
872 1851 1160 1900 Cathacusino,
1191 1852 1402 1892 habiando
1435 1853 1568 1893 inteso
1596 1853 1637 1893 la

171 1904 323 1946 iniusta
361 1912 402 1945 et
439 1905 659 1959 nephanda
700 1906 911 1946 occisione
939 1908 1019 1946 deli
1054 1908 1217 1961 parenti
1246 1916 1284 1947 et
1315 1907 1437 1946 amici
1465 1908 1558 1959 soi,
1593 1915 1636 1948 et

170 1960 264 2001 altri
306 1975 390 2001 non
426 1961 578 2015 piccoli
613 1975 787 2001 numero
818 1962 932 2002 ussiti
962 1962 1070 2002 della
1098 1963 1209 2002 Citta
1248 1963 1393 2003 venuti
1427 1963 1481 2002 ad
1511 1978 1635 2003 reeo-

167 2016 385 2057 mandarse
413 2032 436 2056 a
465 2016 558 2066 lui,
589 2024 855 2057 consternato
891 2025 931 2057 et
968 2018 1214 2058 contristato
1249 2025 1533 2058 amm-amente
1562 2019 1634 2058 de-

168 2072 291 2127 plorb
321 2071 360 2112 le
386 2079 522 2112 morte
548 2072 714 2113 crudele
744 2080 783 2112 et
813 2073 940 2126 impie
968 2073 1063 2113 delli
1095 2076 1159 2114 soi
1196 2073 1413 2114 necessarii
1455 2081 1494 2113 et
1531 2089 1636 2128 pro..

169 2127 317 2183 pinqui
358 2143 435 2182 per
478 2143 550 2169 sua
589 2143 734 2168 casone
779 2128 1092 2183 indegnamente
1130 2129 1269 2169 uccisi.
1339 2129 1478 2182 Dapoi
1510 2130 1636 2183 pochi

167 2186 282 2224 zorni
317 2183 402 2224 fece
431 2184 573 2224 venire
601 2184 639 2223 al
664 2199 738 2225 suo
771 2191 999 2238 conspecto
1029 2184 1127 2224 tutti
1158 2184 1285 2239 quelli
1312 2185 1385 2224 che
1409 2185 1516 2224 della
1539 2186 1638 2225 citta

168 2238 286 2280 ussiti
315 2239 504 2280 haveano
536 2240 693 2280 havuto
718 2255 739 2279 a
760 2240 819 2279 lui
842 2240 1039 2293 confugio
1057 2248 1097 2280 et
1115 2255 1308 2288 recurs03
1341 2248 1382 2280 et
1403 2240 1499 2280 data
1526 2256 1548 2280 a
1569 2240 1636 2281 lo-

168 2309 219 2335 ro
249 2297 369 2349 copia
395 2295 446 2335 de
473 2295 569 2350 quel
605 2296 680 2335 che
710 2296 924 2336 volesseno
955 2296 1221 2336 liberamente
1249 2295 1445 2350 parlare‚
1479 2311 1563 2336 uno
1594 2296 1636 2336 di

167 2350 242 2404 pin
272 2350 502 2390 venerabili
528 2351 614 2391 cosi
659 2351 846 2391 cominzb
886 2367 908 2390 a
939 2351 1051 2391 dire:
1096 2352 1149 2391 Se
1177 2351 1249 2392 noi
1282 2365 1366 2390 non
1394 2351 1637 2392 havessamo

167 2406 437 2460 cognosciuto
457 2436 470 2458 ‚
508 2407 840 2447 excellentissimo
875 2407 977 2446 duca
1008 2415 1049 2446 et
1075 2407 1217 2462 signor
1245 2414 1411 2457 nostro,
1443 2407 1480 2446 la
1511 2422 1638 2462 gran..

168 2461 222 2501 de
251 2461 415 2502 virtude
457 2469 499 2502 et
535 2463 738 2515 sapientia
783 2469 856 2502 tua
885 2476 960 2516 per
988 2463 1026 2502 le
1056 2477 1184 2517 opere
1213 2470 1252 2503 et
1280 2461 1504 2503 clarissime
1533 2463 1637 2517 gesti

166 2516 229 2556 toi
257 2517 322 2557 nel
353 2524 495 2572 tempo
526 2518 601 2557 che
629 2518 858 2572 governavi
887 2517 1092 2572 l'imperio
1123 2519 1175 2558 de
1204 2519 1338 2568 Greci,
1369 2519 1636 2558 meritamen-

167 2578 211 2612 te
240 2573 488 2626 potressimo
531 2574 727 2613 dubitare
764 2574 841 2613 che
873 2573 913 2612 la
957 2574 1149 2613 oratione
1174 2573 1279 2614 della
1306 2574 1463 2614 boccha
1494 2581 1637 2613 nostra

168 2641 255 2667 non
281 2630 385 2668 seria
410 2628 636 2670 sufficiente
663 2629 717 2669 ad
750 2629 979 2683 exprimere
1007 2628 1047 2668 la
1077 2629 1247 2670 honesta
1278 2629 1384 2670 della
1407 2644 1527 2669 causa
1558 2644 1636 2669 no-

170 2688 280 2731 stra,
314 2684 352 2724 la
382 2685 618 2724 innocentia
647 2685 752 2724 delle
782 2686 915 2724 anime
946 2690 1114 2739 nostre,
1149 2684 1187 2724 la
1214 2685 1439 2737 iniustitia,
1470 2685 1506 2724 la
1538 2699 1636 2725 cru-

171 2736 322 2793 delita,
352 2739 381 2780 li
413 2740 647 2782 tradimcnti
693 2740 788 2781 delli
820 2740 1044 2780 adversarii
1083 2741 1233 2781 nostri.
1289 2743 1357 2781 Ma
1387 2740 1636 2781 intendendo

0 663 24 759 12³v

0 778 22 859 Γ
