1916 3210
323 156 434 230 390
800 174 983 217 noema
1022 175 1278 223 ffls'romA

321 273 481 314 chiama
514 274 806 323 Hierostomio‚
836 280 876 314 et
905 273 957 312 da
982 286 1092 312 saera
1115 272 1267 312 boccha
1295 274 1376 312 fine
1403 272 1455 312 ad
1491 272 1645 322 Varua,
1663 284 1755 318 ,σου

318 335 429 368 tutte
464 329 501 369 le
541 337 648 368 terre
698 328 899 368 maritime
945 327 1021 367 che
1046 342 1148 367 sono
1168 334 1303 381 *poste
1329 327 1397 367 nel
1424 335 1552 380 ponto
1579 327 1757 382 Ennium.

319 383 485 422 Habuta
529 385 720 436 adunque
759 382 798 421 la
835 382 964 435 gratia
1001 382 1257 422 Musulmano
1295 382 1474 422 secundo
1500 382 1576 423 che
1599 383 1757 425 rhum

319 437 546 487 domanda,
583 439 622 477 lo
668 438 921 491 imperadore
958 436 1004 475 lu
1031 437 1179 476 mando
1209 437 1247 476 in
1278 436 1574 490 Andrinopoli3
1603 444 1645 479 et
1664 438 1756 479 -De-

323 495 462 532 mitrio
492 493 716 540 Leouduri,
737 488 874 531 'homo
900 491 1026 530 molto
1054 493 1252 544 prudente
1268 499 1309 532 ct
1336 500 1501 545 experto
1530 491 1572 531 in
1601 491 1640 533 le
1665 495 1757 532 cose

315 547 485 595 bellice,
518 547 665 586 maudo
694 561 716 584 a
744 547 948 598 prendere
963 545 1225 596 Salonichio,
1262 548 1326 586 nel
1372 547 1491 601 quale
1529 546 1757 588 deschazati

315 603 416 642 tutti
459 602 487 641 li
516 601 670 640 'surchi
711 600 817 640 della
840 607 974 651 terra,
1019 601 1273 641 R’ntrodusse
1299 602 1457 641 Zuanni
1487 601 1757 657 Palleologo‚

317 663 357 695 et
385 656 593 709 publicolo
642 655 895 707 imperadore
916 656 967 696 de
993 661 1101 696 tutta
1129 656 1168 696 la
1192 656 1395 696 Thesalia.
1451 657 1509 697 Et
1531 656 1757 698 similium.-

315 718 357 750 te
387 711 580 749 deschazo
609 709 638 748 li
654 711 811 750 Turchi
839 711 892 750 da
917 718 1022 751 tutte
1051 712 1089 751 le
1109 712 1240 751 citade
1268 718 1310 751 et
1335 711 1446 751 lochi
1473 712 1524 752 de
1539 711 1757 766 l'imperio‚

316 772 359 805 et
387 765 584 804 constitui
625 766 762 804 zentili
790 766 955 806 homeni
992 767 1114 806 Greci
1141 766 1308 820 prefecti
1336 774 1375 806 ct
1396 768 1757 820 governatori'pcr

315 825 425 858 tutte
464 818 502 858 le
541 820 758 872 provintie.
813 821 876 860 Fo
908 821 950 860 in
981 820 1075 874 quel
1106 828 1245 875 tempo
1277 821 1319 859 in
1348 820 1455 861 tutta
1480 822 1625 862 Τι’-8013
1655 835 1758 875 pace

314 881 355 912 et
402 873 678 926 tranquillini,
721 889 788 914 ma
829 875 870 914 in
905 875 956 915 'le
987 883 1103 929 parte
1141 876 1191 915 de
1219 876 1320 915 Asia
1361 876 1512 930 grande
1543 890 1690 930 guerra
1717 883 1759 916 et

313 929 551 968 turbatione
591 943 665 982 per
703 928 744 968 la
789 930 952 970 subbita
976 931 1201 970 mutatione
1228 930 1268 969 di
1297 930 1478 983 principi
1506 944 1582 983 per
1601 931 1701 973 tuiti
1726 930 1758 970 li

311 984 545 1036 principati.
620 985 784 1024 Passato
823 985 1015 1039 adunque
1058 985 1195 1039 quello
1235 985 1466 1024 fredissimo
1506 984 1760 1036 iuvemo‚·e

310 1038 550 1077 succedente
591 1039 629 1077 la
669 1039 809 1092 tepida
837 1055 1106 1093 premavera,
1135 1041 1173 1079 la
1201 1040 1308 1079 fame
1341 1047 1379 1079 et
1396 1039 1437 1079 la
1463 1047 1576 1093 peste
1600 1042 1760 1081 comin-

311 1093 358 1131 τὸ
393 1093 804 1134 crudelissimamente
839 1109 863 1134 a
895 1096 1106 1134 dominare
1143 1110 1222 1148 per
1250 1101 1357 1134 tutte
1386 1094 1424 1133 le
1451 1094 1654 1135 citadect
1680 1109 1760 1150 per.

309 1154 420 1187 tutte
449 1147 487 1187 le
515 1156 648 1195 terre,
682 1150 759 1188 che
787 1149 840 1188 da
867 1150 881 1188 i
906 1150 1018 1203 piedi
1044 1149 1148 1189 delle
1179 1156 1293 1190 zente
1311 1149 1517 1189 scithiche
1535 1163 1673 1190 *erano
1696 1157 1759 1190 sta

308 1208 483 1241 toccate.
555 1204 610 1241 Et
639 1203 679 1241 in
709 1206 841 1257 questi
867 1204 965 1243 mali
992 1206 1120 1257 tempi
1148 1219 1232 1245 non
1263 1204 1539 1244 man’chorono
1565 1204 1692 1244 anche
1717 1204 1758 1245 le

307 1270 455 1310 guerre
501 1257 672 1296 finitime
709 1266 776 1298 tra
822 1258 853 1298 li
882 1260 1026 1312 populi
1071 1267 1112 1299 et
1150 1260 1178 1298 li
1214 1259 1420 1312 principi,
1465 1259 1635 1313 reliquie
1661 1258 1759 1299 delli

308 1311 463 1350 Turchi
498 1319 538 1350 et
565 1311 660 1351 delli
688 1313 882 1363 Tartari,
921 1314 1026 1353 delle
1053 1328 1196 1368 guerre
1223 1320 1396 1366 passate.
1453 1314 1652 1354 Venendo
1682 1314 1758 1353 ad..

309 1380 446 1418 unque
474 1365 638 1415 AJixar,
669 1367 740 1406 fiol
767 1367 818 1407 de
847 1368 1061 1418 Carmian,
1095 1383 1172 1407 con
1202 1369 1241 1407 lo
1271 1370 1383 1407 aiuto
1414 1367 1465 1406 de
1492 1368 1639 1408 Demir
1668 1369 1756 1408 Can

310 1420 508 1474 recupero
539 1420 582 1459 lu
620 1420 791 1474 imperio
819 1430 1017 1475 paterno3
1057 1431 1097 1462 et
1124 1422 1364 1462 similmente
1392 1421 1589 1471 Archan‚
1614 1428 1656 1462 et
1685 1422 1758 1463 doi

253 1475 449 1528 801iglioli
484 1475 536 1515 de
565 1475 709 1526 Athis,
748 1477 884 1516 Omur
911 1485 951 1517 et
978 1478 1100 1527 Eses,
1145 1484 1185 1516 et
1215 1477 1322 1516 Elies
1350 1475 1475 1529 figliol
1503 1478 1555 1516 de
1583 1477 1758 1517 Manda-

310 1530 401 1568 chia
429 1544 725 1584 recuperarono
751 1531 881 1586 Lydia
898 1561 911 1583 ‚
939 1532 1052 1571 Ionia
1069 1561 1081 1582 ,
1113 1532 1246 1577 Caria,
1278 1532 1405 1585 Lycia
1434 1538 1476 1571 et
1504 1531 1598 1572 altri
1629 1532 1755 1582 lochi,

310 1584 340 1623 li
376 1583 487 1637 quali
530 1585 559 1624 li
588 1585 652 1624 soi
697 1588 960 1639 progenitori
996 1601 1070 1640 per
1105 1586 1243 1625 avanti
1275 1587 1461 1626 haveano
1492 1587 1753 1641 conquistati.

309 1640 358 1678 In
398 1645 542 1692 questo
582 1647 721 1693 tempo
767 1641 798 1680 li
835 1641 979 1694 figlioli
1024 1642 1073 1680 de
1119 1641 1299 1680 Paiasith
1337 1655 1550 1681 remaseno
1577 1644 1620 1681 in
1646 1642 1753 1682 an.

309 1694 585 1733 Mechiemeth
615 1709 687 1734 era
716 1696 757 1733 in
777 1696 933 1749 Angira
962 1696 1012 1735 de
1029 1696 1202 1735 Galatia.
1261 1697 1317 1735 Et
1342 1695 1491 1749 perche
1517 1711 1598 1736 non
1626 1696 1756 1737 havea

309 1748 480 1796 herede,
514 1754 661 1789 teneva
689 1763 859 1790 conseeo
891 1752 1028 1790 Moses
1067 1765 1141 1790 suo
1168 1750 1354 1800 fratello,
1385 1751 1422 1790 el
1451 1751 1574 1804 quale
1601 1764 1758 1791 ancora

309 1817 378 1842 cra
405 1804 447 1842 in
474 1804 627 1857 puerile
653 1805 785 1843 etade.
827 1806 925 1845 Eses
941 1814 1176 1846 veramente
1203 1806 1362 1845 andava
1394 1806 1570 1846 errando
1600 1808 1643 1846 in
1673 1807 1758 1860 quit

310 1865 350 1896 et
380 1857 421 1895 in
450 1857 504 1908 121,
536 1873 620 1898 non
645 1859 822 1898 havente
842 1860 1027 1900 dominio
1057 1862 1108 1900 ne
1136 1861 1284 1900 alcuna
1309 1861 1444 1899 ferma
1469 1860 1679 1900 mansione
1710 1863 1753 1901 in

311 1912 460 1952 alcuno
498 1914 604 1952 loco.
663 1914 718 1952 Et
755 1914 1002 1955 similmente
1047 1917 1258 1956 Mustafas.
1328 1915 1450 1954 Onde
1485 1915 1758 1956 Mechiemeth

309 1967 461 2007 mandi)
492 1968 544 2006 da
566 1969 720 2021 Angira
747 1984 830 2008 uno
856 1970 897 2009 di
926 1971 1095 2023 satrapi,
1123 1972 1197 2010 che
1222 1971 1264 2009 fo
1295 1970 1345 2008 de
1372 1984 1443 2009 suo
1471 1978 1609 2023 patre,
1639 1970 1752 2009 chia-

310 2029 422 2061 mato
453 2023 708 2074 Themirtes,
751 2026 788 2063 el
827 2026 947 2078 quale
986 2026 1150 2066 havesse
1186 2026 1236 2064 ad
1281 2025 1509 2064 conducere
1539 2026 1618 2065 Ese
1646 2025 1687 2064 in
1716 2025 1756 2065 le

311 2085 427 2129 parte
455 2077 505 2115 de
533 2078 687 2131 Angira
706 2106 718 2128 ‚
762 2080 814 2118 ad
841 2080 920 2118 fine
947 2080 1022 2119 che
1049 2095 1167 2120 come
1199 2081 1335 2119 minor
1362 2079 1534 2118 fradello
1565 2086 1675 2119 sotto
1702 2079 1755 2120 de

311 2133 370 2170 lui
398 2133 569 2184 podesse
608 2135 737 2173 viver.
795 2135 874 2174 Ese
902 2135 1041 2187 pocho
1074 2143 1214 2189 tempo
1242 2135 1315 2187 poi
1342 2134 1418 2172 che
1445 2135 1487 2173 fo
1517 2135 1722 2174 conducto
1739 2164 1750 2182 ,

311 2186 502 2226 comenzb
552 2187 603 2226 ad
647 2201 787 2227 mover
813 2204 965 2242 guerra
1008 2186 1255 2229 contra'suo
1291 2188 1451 2228 fratello
1482 2188 1752 2228 Mechemetb.

312 2240 515 2282 havutolo
548 2242 740 2296 adunque
767 2243 809 2281 in
835 2243 875 2283 le
902 2258 973 2283 sue
1001 2245 1130 2294 forze,
1160 2243 1416 2284 Mechemeth
1442 2243 1472 2282 li
1497 2243 1583 2282 fece
1609 2243 1755 2296 tagliar

313 2294 353 2333 la
381 2302 497 2335 testa.
569 2299 615 2336 In
644 2304 786 2351 questo
818 2305 958 2351 tempo
993 2299 1068 2339 che
1098 2299 1352 2338 Mechemeth
1382 2301 1424 2336 in
1454 2298 1613 2338 Galatia
1642 2312 1753 2338 cres-

313 2364 411 2389 ceva
439 2351 478 2389 in
509 2352 616 2390 fama
646 2360 686 2391 et
714 2355 988 2406 reputatione,
1021 2355 1088 2393 nel
1117 2354 1264 2393 ducato
1292 2354 1342 2392 de
1359 2352 1446 2393 Atis
1474 2367 1588 2392 verso
1617 2352 1656 2391 la
1686 2355 1752 2392 Io-

312 2404 382 2443 nia
411 2421 452 2445 se
479 2406 571 2446 levo
604 2422 687 2446 uno
716 2408 928 2447 nominato
959 2409 1118 2459 Zenait,
1147 2408 1243 2448 fiolo
1274 2408 1324 2447 de
1345 2408 1596 2454 Carasubasi‚
1625 2408 1751 2447 homo

314 2460 555 2513 magnaniuo
579 2469 618 2500 et
640 2463 678 2500 in
703 2462 815 2502 l’arte
835 2462 1010 2503 militare
1031 2464 1154 2503 molto
1171 2464 1345 2512 famoso3
1365 2462 1402 2502 81
1418 2470 1532 2515 patre
1550 2461 1615 2501 del
1634 2463 1753 2516 quale

314 2514 380 2552 nel
411 2522 545 2568 tepom
559 2517 610 2554 de
621 2517 801 2556 Paiasith
819 2532 887 2558 era
906 2525 1011 2558 stato
1029 2526 1299 2572 governatore
1315 2517 1404 2556 dele
1413 2518 1586 2566 Smin-ne,
1617 2525 1655 2556 et
1672 2531 1753 2569 per

314 2568 444 2608 havet
467 2577 607 2609 tenuto
627 2570 749 2624 longo
770 2580 909 2626 tempo
926 2574 1021 2626 quel
1041 2574 1205 2624 ducato,
1232 2573 1261 2611 li
1285 2572 1460 2612 Smirnei
1487 2571 1531 2610 lu
1557 2571 1750 2611 observa„-

313 2637 421 2663 vano
447 2638 560 2663 come
587 2626 755 2677 proprio
782 2642 855 2667 suo
870 2627 1053 2681 pignore.
1083 2627 1270 2667 Levatosi
1301 2628 1489 2679 adunque
1504 2626 1647 2665 Zenait
1675 2641 1751 2667 con

314 2678 424 2717 circa
451 2679 712 2733 zinquecento
730 2682 919 2731 Smirnei,
947 2684 1059 2722 ⁴ando
1083 2691 1227 2722 contra
1253 2682 1290 2722 el
1318 2681 1469 2735 figliolo
1498 2681 1548 2719 de
1577 2681 1681 2731 Atis,
1713 2681 1751 2719 el

313 2733 432 2787 quale
476 2734 691 2774 dominava
720 2735 903 2789 Epheso,
944 2737 1236 2793 depopulando
1266 2744 1308 2777 et
1330 2735 1553 2791 guastando
1582 2742 1689 2776 tutte
1714 2735 1751 2775 le
