1916 3210
444 168 656 226 1TAL1CE
672 192 674 197 >
696 182 1033 226 imnrssss'm
1082 181 1333 225 mcssn'ro.
1507 157 1619 221 383

158 292 394 330 momente
428 285 735 329 combatevano.
802 285 980 326 Paiasitb
998 315 1012 336 ,
1037 299 1151 326 come
1175 298 1240 325 ¹un
1267 284 1426 340 fulgore
1451 284 1494 326 in
1523 287 1620 341 ogni

158 341 541 399 low-apparendo,
567 355 620 382 or
640 347 783 395 questo
811 355 860 381 or
885 340 1021 396 quello
1050 342 1251 396 castigava
1279 348 1320 381 et
1347 342 1622 396 repr-endem,

156 405 206 438 et·
227 401 327 440 tutti
352 399 405 440 nd
453 397 532 438 ben
563 396 660 436 ferii-
685 396 934 442 confortava.
1002 397 1057 437 Et
1086 402 1248 437 mentre
1274 395 1386 436 l'uno
1415 404 1456 436 et
1481 397 1620 439 l‘altro

157 457 332 497 exemito
371 450 615 496 fortemente
643 453 960 503 combatevano,
999 466 1081 492 uno
1107 453 1150 492 di
1176 454 1248 506 pii1
1274 450 1487 492 excellenti
1516 468 1620 494 con-

156 509 398 551 ductui-ide
433 508 615 550 Paiasith
661 508 910 561 ricognobbe
937 508 1054 548 Athis
1073 538 1085 558 ‚
1123 522 1198 548 suo
1226 509 1396 562 antiquo
1426 509 1616 563 signore,

156 577 234 606 eon
264 565 303 606 el
329 579 405 606 zuo
441 563 602 605 fratello
649 564 692 603 in
719 578 834 604 mezo
872 564 910 604 le
938 563 1093 604 schiere
1121 562 1214 603 dela
1245 565 1449 604 contraria
1477 567 1676 618 parto.66

157 633 243 661 non
271 619 560 661 dissimulando
587 618 697 659 alora
728 619 890 660 l'antico
928 633 1047 659 amor
1065 649 1077 670 ‚
1103 619 1141 659 el
1168 619 1396 659 conductor
1421 633 1498 660 con
1530 622 1618 661 zin-

155 689 238 729 que
277 683 398 717 cento
436 675 624 716 cavalieri
655 690 698 715 se
734 689 864 715 mosse
889 676 952 715 col
988 681 1143 729 guanto
1170 675 1316 716 incima
1341 674 1434 716 dela
1475 676 1613 728 lanza,

157 737 202 771 ot
243 733 503 772 sottomisese
521 731 573 770 ad
606 730 726 770 Athis
768 745 845 771 con
878 730 917 771 la
947 745 1018 771 sua
1048 730 1300 785 compagnia.
1353 731 1409 772 Et
1437 731 1562 786 quelli
1584 733 1616 773 li

156 785 272 840 quali
299 787 444 827 fot-ono
474 786 630 827 subditi
677 786 727 826 de
754 787 933 827 Sarchan
953 816 967 839 ‚
997 787 1049 826 de
1076 786 1318 827 Mandachia
1352 794 1394 827 et
1433 788 1486 828 de
1511 789 1614 829 Car..

155 843 284 892 mian,
315 842 559 883 similmente
582 842 719 882 fecero
738 857 817 882 con
839 843 866 883 li
887 844 947 883 soi
960 843 1189 897 compagni.
1218 842 1463 884 vedendose
1482 843 1616 885 adun-

155 911 238 952 que
251 897 430 939 Paiasith
449 899 555 939 delle
582 912 716 952 penne
732 913 816 938 non
836 913 907 938 sue
927 898 977 937 ad
997 913 1079 937 una
1098 898 1150 937 ad
1167 912 1249 938 una
1265 899 1541 952 dispennarse,
1573 907 1617 941 et

154 953 259 994 ch’el
281 953 425 995 dextro
455 962 495 995 et
524 956 688 994 sinistro
712 968 840 993 corno
873 954 938 994 del
969 967 1111 1007 campo
1140 952 1181 993 di
1203 954 1366 994 Tartari
1394 969 1438 994 se
1465 956 1615 996 veniva

154 1010 406 1051 sconti-ando
432 1017 474 1050 et
503 1009 561 1049 lui
588 1011 631 1049 in
659 1023 791 1049 mezzo
819 1008 887 1050 del
925 1008 1045 1064 globo
1073 1008 1298 1060 serrando,
1329 1009 1488 1051 benche
1516 1026 1615 1066 gra-

128 1082 133 1090 ·
155 1078 209 1106 ve
229 1065 350 1106 dolor
375 1065 445 1105 nel
472 1079 549 1106 suo
577 1079 650 1105 cor
678 1068 864 1115 sentisse,
889 1065 1180 1104 dissimulando
1209 1065 1245 1105 la
1275 1065 1478 1106 adversita
1507 1066 1615 1107 della

156 1120 348 1170 fortuna,
393 1133 445 1161 or
472 1127 624 1176 'questo
665 1135 714 1161 or
740 1120 876 1175 quello
905 1121 1063 1160 andava
1091 1120 1376 1164 confortando.
1431 1122 1611 1173 Stefano,

157 1175 252 1216 fiolo
297 1176 351 1216 de
386 1178 541 1218 Lazaro
559 1206 572 1228 ‚
610 1190 684 1216 suo
728 1184 902 1230 cognato
921 1206 935 1227 ‚
983 1190 1099 1215 come
1127 1176 1165 1215 el
1193 1191 1357 1217 sermon
1387 1185 1529 1218 nostro
1557 1178 1613 1220 ha

157 1231 403 1273 demostrato
420 1263 432 1282 ‚
476 1231 725 1272 trovandose
764 1233 804 1271 in
843 1239 984 1286 questa
1013 1231 1190 1285 hataglia
1217 1246 1295 1272 con
1323 1234 1471 1287 cinque
1499 1233 1616 1274 milia

157 1287 347 1328 cavaloeri
372 1287 557 1328 Serviani
600 1287 706 1327 hene
744 1288 918 1339 armati,
958 1286 1145 1326 vedendo
1174 1286 1210 1327 el
1238 1295 1373 1341 tempo
1401 1296 1613 1342 extremo,

159 1342 212 1383 da
236 1344 303 1383 ira
343 1343 471 1383 accesi
506 1356 581 1383 con
624 1342 663 1382 le
691 1342 803 1382 lanze
830 1344 871 1382 in
908 1349 1013 1382 resta
1038 1355 1153 1382 come
1185 1341 1331 1397 folgori
1359 1357 1402 1382 se
1426 1358 1614 1384 mosseno

155 1402 300 1438 eontra
331 1398 344 1438 i
371 1398 565 1449 Tartari3
598 1397 626 1438 li
653 1397 765 1452 quali
795 1412 878 1438 non
899 1397 1101 1451 possendo
1127 1405 1333 1438 sostenere
1361 1397 1537 1439 l’assalto
1569 1400 1614 1440 di

156 1452 370 1500 Serviani,
404 1453 433 1494 li
461 1454 603 1494 feceno
634 1461 749 1507 porta
775 1468 850 1507 per
876 1454 913 1493 el
944 1453 1107 1493 cerchio
1123 1482 1135 1505 ‚
1165 1454 1271 1493 onde
1298 1454 1471 1495 volseno
1491 1457 1615 1494 ussci-

156 1522 216 1551 re.
270 1509 327 1549 Et
353 1510 524 1550 essendo
566 1512 682 1549 ussiti
723 1510 838 1560 fora,
882 1509 910 1548 li
941 1509 1106 1548 Tartari
1135 1509 1165 1548 li
1191 1508 1376 1550 fex-ivano
1405 1509 1436 1549 li
1467 1510 1614 1551 cavalli

159 1577 243 1604 non
273 1565 475 1619 possando
503 1565 608 1606 ferir
636 1565 664 1605 li
694 1563 878 1615 homini,
907 1563 936 1603 li
966 1564 1079 1617 quali
1110 1578 1237 1604 erano
1266 1565 1318 1605 de
1344 1579 1470 1620 negro
1497 1566 1617 1606 ferro

157 1621 332 1662 teverti.
387 1622 456 1660 Ma
484 1618 514 1660 li
545 1621 665 1660 Servi
694 1620 902 1659 deventati
930 1621 1001 1673 piii
1030 1620 1154 1659 feroci
1181 1634 1254 1674 per
1276 1621 1407 1661 haver
1437 1629 1545 1661 totto
1573 1622 1614 1662 el

156 1675 322 1715 zei-ebio
365 1675 407 1715 di
439 1676 638 1726 Tartari,
683 1681 909 1715 tornai-ono
950 1676 989 1714 in
1030 1689 1175 1728 campo
1228 1690 1302 1729 per
1329 1675 1466 1730 quella
1491 1683 1615 1718 stessa

157 1732 257 1780 via,
285 1730 445 1771 bench&
470 1732 511 1770 in
540 1731 579 1772 la
607 1737 775 1771 tornata
805 1731 855 1770 de
886 1730 993 1770 l'una
1025 1737 1066 1769 et
1092 1731 1199 1770 altra
1230 1738 1352 1785 parte
1382 1746 1463 1772 non
1491 1733 1613 1786 pochi

158 1799 212 1827 ne
241 1787 400 1826 cadesse
422 1788 569 1830 morti.
636 1787 802 1826 Stefano
829 1786 1105 1825 accostandosi
1131 1786 1169 1825 al
1200 1785 1286 1826 lato
1313 1787 1365 1826 de
1393 1788 1573 1829 Paiasith
1598 1817 1614 1842 ,

159 1840 286 1881 mite
314 1841 456 1896 parole
484 1841 515 1882 li
543 1841 656 1895 parlo
685 1843 728 1881 in
762 1841 901 1881 rechia
928 1856 992 1880 ma
1023 1855 1106 1880 non
1140 1841 1280 1881 feceno
1309 1842 1427 1882 alcun
1455 1844 1614 1892 fructu,

260 1897 312 1936 be
339 1898 452 1936 volse
478 1905 690 1951 acceptare
717 1897 756 1937 el
784 1911 858 1936 suo
891 1896 1096 1950 conseglio
1126 1896 1177 1935 de
1208 1898 1309 1936 suzir
1336 1905 1377 1937 et
1403 1912 1614 1952 scampan-

161 1951 216 1992 do
242 1952 376 1992 salvar
400 1952 439 1992 la
466 1967 542 1992 sua
566 1954 667 1992 vita.
724 1954 793 1996 Ma
813 1951 996 1991 Paiasith
1028 1951 1276 1992 circumdato
1304 1952 1356 1992 da
1374 1953 1490 1993 molti
1514 1954 1615 1994 affa-

158 2009 204 2047 ni
242 2022 325 2047 non
363 2015 621 2063 cognoscette
656 2007 697 2047 la
738 2008 804 2047 via
841 2006 946 2045 della
988 2020 1058 2045 sua
1103 2006 1248 2057 salute,
1295 2022 1412 2047 come
1442 2009 1546 2049 disse
1573 2008 1613 2049 el

158 2063 383 2118 propbeta:
415 2063 757 2103 cab-cumdederunc
776 2076 837 2102 me
864 2062 988 2101 vituli
1013 2062 1141 2112 multi,
1170 2063 1281 2102 tam-i
1303 2063 1475 2118 pingues
1500 2065 1614 2105 obse-

157 2119 306 2159 derunt
331 2134 406 2162 me.
472 2120 729 2175 Aper-uerunt
759 2132 879 2173 supet·
898 2132 959 2156 me
996 2130 1041 2155 os
1066 2132 1175 2156 suum
1191 2147 1202 2167 ‚
1235 2119 1334 2157 sicut
1365 2120 1425 2158 leo
1447 2122 1614 2174 rapiens

157 2182 198 2214 et
219 2175 397 2228 rugiens.
434 2175 546 2214 Sicut
563 2188 674 2230 aqua
694 2173 840 2227 efficsus
865 2187 966 2223 sum,
989 2182 1028 2211 et
1054 2173 1234 2227 dispersa
1261 2182 1350 2212 sunt
1365 2176 1499 2214 omnia
1523 2190 1614 2216 ossa

157 2243 260 2273 mea.
315 2231 482 2270 Factum
503 2239 561 2270 esc
582 2244 652 2270 cor
670 2244 796 2269 meum
823 2229 922 2267 sicut
937 2242 1029 2266 cera
1056 2228 1267 2283 liquescens
1290 2230 1333 2268 in
1362 2231 1490 2270 medio
1513 2246 1612 2271 ven-

156 2287 229 2324 tris
251 2287 340 2325 mei.
406 2287 530 2325 Aruic
556 2294 756 2341 tamquam
791 2293 887 2324 testa
907 2284 1034 2323 virtus
1057 2298 1144 2322 mea
1157 2312 1169 2332 ,
1196 2293 1234 2322 et
1256 2284 1390 2336 lingua
1420 2300 1508 2325 mea
1529 2288 1612 2327 ad-

157 2341 283 2380 haesit
287 2343 480 2394 saucibus
505 2343 623 2390 meis,
654 2350 692 2381 et
710 2342 753 2380 in
781 2341 986 2395 pulverem
1015 2340 1151 2378 mortis
1169 2338 1374 2379 dedzmzeci
1392 2355 1476 2391 me,
1506 2357 1609 2397 quo..

156 2397 267 2436 niam
302 2397 643 2436 ct‘rcumdederunt
666 2411 728 2435 me
761 2410 875 2435 canes
906 2396 1044 2446 multi,
1069 2395 1277 2434 concilium
1306 2396 1609 2449 malignantium

155 2452 306 2492 obsedit
331 2467 409 2492 me.
437 2454 601 2492 stefano
628 2451 893 2506 provedendo
914 2450 950 2489 le
967 2464 1058 2489 cose
1078 2449 1153 2488 che
1177 2450 1358 2490 haveano
1389 2466 1412 2492 a
1431 2456 1609 2506 sequire,

155 2514 198 2546 et
223 2509 371 2548 nisuno
395 2508 504 2547 bono
520 2509 599 2547 fine
615 2507 826 2562 sperando,
857 2506 1002 2559 perche
1020 2504 1058 2544 la
1080 2505 1184 2544 bona
1205 2506 1368 2546 fortuna
1387 2521 1409 2547 a
1426 2508 1610 2549 Paiasith

155 2561 284 2602 havea
314 2563 464 2603 voltato
509 2563 547 2603 le
586 2564 711 2617 spalle
748 2571 787 2602 et
827 2562 927 2601 facia
959 2560 1056 2600 lieta
1088 2567 1291 2601 mostrava
1325 2562 1361 2602 al
1392 2578 1536 2618 campo
1567 2565 1607 2605 di

155 2616 355 2668 Tartari,
402 2619 504 2659 tolse
543 2634 620 2659 con
662 2633 754 2659 seco
800 2617 837 2657 el
887 2615 1017 2670 primo
1065 2616 1213 2670 sigliolo
1252 2615 1303 2657 de
1335 2618 1540 2673 Paiasith,
1570 2621 1608 2661 el

158 2673 255 2727 qual
281 2689 324 2714 se
351 2675 561 2715 chiamava
588 2675 808 2723 Sulmano,
849 2679 891 2712 et
931 2672 1105 2711 un'altra
1143 2672 1254 2712 volta
1288 2674 1663 2731 valorosamente67

156 2730 426 2770 combatendo
457 2737 658 2784 rompette
685 2730 724 2770 el
752 2728 913 2769 cerebio
941 2728 982 2767 di
1015 2728 1174 2768 Tartari
1197 2737 1474 2782 asperamente
1503 2732 1605 2771 resi-

157 2787 292 2827 stenti.
321 2799 427 2840 pure
457 2785 496 2827 al
525 2787 623 2837 fine,
653 2784 767 2827 molti
797 2785 922 2825 morti
951 2783 1112 2824 dal'una
1139 2792 1179 2824 et
1208 2783 1339 2825 l'altra
1363 2794 1494 2841 parte,
1513 2788 1605 2827 Ste-
