1890 3204
265 138 405 213 ,562
877 159 1161 210 nuruum

289 274 355 318 est
382 267 583 308 adulterio
613 265 806 321 pollutam
834 263 911 306 sibi
930 274 1096 301 uxorem
1114 260 1346 315 adiungere.
1403 260 1582 313 Quando
1607 261 1624 302 i
1669 267 1738 304 tur

294 322 488 363 Baiazites
516 322 617 362 dixit
646 334 672 359 a
700 320 885 372 legitima
915 330 1046 357 uxore
1078 324 1297 378 separetur,
1326 322 1460 357 cetera
1488 316 1616 357 subau
1648 319 1736 359 ien-

167 388 201 422 Ρ,
215 389 278 424 231
294 378 346 417 da
373 384 483 428 sunt,
511 377 701 430 illamque
729 373 983 427 repudiatam
1014 384 1036 410 a
1069 370 1204 410 tribus
1229 372 1434 424 splenibus
1461 385 1483 412 a
1515 371 1572 412 ud
1598 375 1644 412 se
1669 375 1738 414 ae·-

295 433 420 486 cipiat
438 462 450 481 ‚
482 446 563 485 qno
592 429 770 470 dedecus
799 427 878 480 ipsi
903 424 1086 466 adultera
1119 425 1241 466 ducta
1270 426 1466 478 accedat‚2
1497 426 1635 467 evitati

294 501 340 526 ac
367 487 534 540 periurii
555 493 648 524 nota
673 485 878 522 inuratur.
909 479 1176 521 Leunclavius
1202 480 1275 520 lib.
1296 494 1318 535 7
1350 494 1433 521 non
1459 438 1740 536 longeaffi

290 541 478 596 ,Temyris
505 540 557 580 ad
587 539 802 578 Baiazitem
821 535 949 577 verba
979 536 1118 586 refert,
1148 550 1252 590 quae
1277 536 1410 575 lucem
1436 537 1525 576 istis
1549 535 1737 583 afferunt.
1763 550 1769 558 ‘

293 597 394 653 qnid
418 609 514 650 opus
546 603 633 633 erat
659 602 696 632 te
723 592 915 647 quosdam
957 592 1021 631 ad
1046 605 1108 630 me
1133 593 1291 631 mittere
1313 599 1371 630 tot
1396 605 1526 645 nugas
1556 592 1660 637 mihi
1678 594 1740 631 h·-

295 651 567 697 ηιιηείαιιινοε,
599 657 715 704 atque
747 648 873 686 eciam
905 645 1057 686 addere
1082 654 1119 685 te
1138 658 1219 700 pro
1252 645 1407 686 marito
1435 647 1654 686 memmei-5
1678 660 1742 687 me

295 706 523 744 habiturum
543 732 560 754 ,ἢ
590 703 636 742 ni
675 702 754 742 tuis
782 703 826 741 in
856 701 1080 753 regionibus
1104 709 1142 740 te
1169 702 1393 755 quaesitum
1419 702 1545 749 irem,
1575 714 1627 743 ac
1651 701 1742 741 vice

294 774 414 799 versa
445 759 491 798 ηἰ
516 767 558 797 tu
585 758 691 797 bello
721 771 783 795 me
809 757 969 795 venires
993 763 1271 810 oppugnatum
1286 785 1298 804 ‚
1326 763 1371 795 ut
1392 770 1421 795 a
1455 764 1494 796 te
1519 753 1654 796 libem'
1675 768 1743 794 es-

296 823 353 852 set
392 813 539 851 mulier
572 820 640 851 tua
652 840 669 859 ,
701 812 772 850 hoc
813 820 890 861 est,
922 811 1104 850 divortio
1142 818 1330 864 separata
1345 838 1358 858 ‚
1399 819 1550 851 rursum
1581 821 1634 849 ue
1670 810 1747 850 tibi

297 868 461 907 nuberet
507 867 558 906 ab
601 867 684 906 alio
719 867 836 921 prius
873 866 1040 921 polluta.
1082 864 1232 919 quibus
1264 863 1402 907 verbis
1435 863 1546 905 mani
1623 878 1672 906 us
1698 859 1745 906 fit

298 922 420 961 huius
445 921 526 961 loci
553 934 712 962 sensus.
1770 927 1774 931 ’

407 974 463 1015 Ρ.
484 977 549 1022 58,
580 990 645 1018 22.
691 973 773 1015 τῶν
795 973 1143 1029 Τουρκοπέρσων]
1173 973 1455 1028 Turcopersae
1481 979 1603 1027 atque
1623 974 1745 1014 etiam

297 1032 449 1071 Persae
461 1029 657 1085 appellati
671 1036 769 1070 sunt
782 1029 928 1080 Turci,
943 1037 1153 1082 postquam
1168 1028 1210 1067 in
1226 1029 1434 1070 Persidem
1448 1043 1471 1069 a
1486 1027 1747 1070 Muchumete

300 1086 505 1126 Imbrailis
545 1085 631 1125 filio
677 1086 844 1136 vocati,
875 1085 917 1123 in
954 1098 1130 1138 eumque
1157 1083 1346 1138 deinceps
1373 1083 1620 1125 rebellantes
1645 1083 1749 1124 duee

297 1138 552 1194 Tagrolipice
574 1170 585 1189 ,
634 1140 807 1193 regionis
851 1139 959 1178 illius
1000 1139 1222 1179 dominium
1251 1139 1386 1192 adepti
1414 1145 1511 1179 sunt
1540 1138 1648 1178 eirca
1671 1148 1750 1178 an-

298 1201 398 1234 num
426 1195 575 1235 Christi
605 1194 718 1244 1042.
747 1194 856 1233 unde
881 1208 904 1233 a
936 1194 1060 1247 Zengi
1090 1194 1153 1234 vel
1180 1194 1508 1249 Tzingi-Chane
1537 1191 1748 1247 pulsi'cir·

297 1265 346 1289 ca
374 1264 526 1290 annum
559 1250 712 1289 Christi
747 1263 847 1289 1200
877 1251 918 1287 in
939 1249 1173 1290 Anatoliam
1200 1256 1415 1290 venerunt.
1471 1248 1598 1289 Turni
1625 1246 1748 1289 etiam

298 1306 527 1345 Iconienses
556 1305 634 1344 hac
663 1304 936 1358 appellatione
965 1304 1386 1357 comprehenduntur.

292 1410 295 1411 ⁷
408 1360 460 1402 P.
492 1359 560 1409 58,
592 1360 656 1399 23.
711 1355 968 1412 Ἀρσυγγάν]
1034 1359 1132 1398 olim
1159 1359 1338 1398 Dascuta
1367 1372 1438 1398 seu
1464 1358 1751 1407 Dascusa3nt

296 1412 420 1453 habet
449 1414 712 1454 itinerarium
742 1414 970 1459 Antonini,
1002 1413 1077 1452 sita
1105 1414 1157 1452 ad
1175 1414 1396 1467 Euphratis
1425 1427 1552 1463 oram,
1584 1413 1627 1452 in
1656 1412 1750 1452 fini-

298 1469 377 1508 bus
404 1468 685 1522 Cappadociae
714 1474 754 1506 et
782 1467 1002 1506 Armeniae
1030 1470 1210 1513 maioris.
1241 1468 1353 1507 illam
1378 1466 1649 1508 Leunclavius
1672 1466 1745 1507 lib.

298 1523 328 1563 6
363 1527 405 1562 et
435 1536 457 1574 7
491 1523 789 1562 Ertzintzanem
820 1521 1014 1575 appellat.

410 1578 463 1619 P.
494 1579 561 1632 59,
595 1591 633 1632 7.
692 1574 715 1616 ὅ
739 1575 872 1628 μέγας
899 1573 1136 1631 προφήτης]
1199 1576 1392 1617 Baiazites
1422 1575 1616 1631 intelligit
1643 1587 1749 1630 pro..

298 1631 467 1686 phetam
491 1644 610 1671 suum
641 1630 980 1675 Mobammedem.

773 1681 780 1693 Ι

414 1687 465 1726 Ρ.
481 1686 550 1740 59,
570 1701 639 1725 22.
671 1684 942 1738 Σεβαστειαν]
971 1685 1151 1724 Sebastia
1180 1685 1280 1725 urbs
1305 1686 1599 1739 Cappadociae,
1625 1698 1750 1738 qnam

299 1741 425 1780 Turci
446 1741 561 1780 Sivas
587 1747 628 1780 et
653 1742 811 1785 Sivaste
850 1739 1067 1791 appellant.
1099 1740 1294 1780 cuniculis
1323 1741 1458 1780 ductis
1484 1755 1574 1780 eam
1600 1741 1752 1794 cepisse

302 1797 520 1849 Temyrem
549 1796 677 1835 refert
705 1793 973 1834 Leunclavius
994 1794 1122 1848 lib.7.
1153 1795 1355 1834 Laonicus
1386 1809 1482 1835 vero
1510 1795 1583 1835 lib.
1612 1796 1636 1834 3
1659 1801 1753 1834 -tra-

302 1851 593 1903 ditTemyrem
614 1850 779 1889 suffossa
800 1848 991 1888 trabibus
1009 1855 1247 1889 sustentasse
1265 1852 1443 1902 moenia,
1473 1850 1634 1905 illisque
1659 1850 1754 1905 igne

303 1907 453 1945 iniecto
493 1905 741 1958 consumptis
774 1904 849 1942 ista
875 1905 1089 1947 corruisse.

416 1959 468 2001 Ρ.
499 1959 564 2008 60,
597 1962 634 2001 5.
691 1958 868 1998 πλίνθου
899 1956 1032 2011 ὠμῆς]
1093 1958 1228 1998 Hodie
1258 1959 1482 1998 etiamnum
1514 1960 1555 1998 in
1587 1959 1751 1998 Anato-

304 2014 357 2053 lia
386 2014 472 2053 istis
501 2013 699 2053 lateribus
735 2014 870 2052 crudis
909 2013 962 2051 ad
991 2013 1131 2052 domos
1160 2014 1422 2053 aedificaddas
1451 2020 1653 2063 utuntur3
1681 2011 1753 2067 qui

307 2084 354 2108 ex
397 2077 509 2107 terra
545 2083 651 2122 aqua
687 2068 850 2107 modice
894 2068 1065 2111 subacta,
1101 2068 1331 2108 formantur
1369 2069 1410 2107 in
1455 2068 1588 2122 lignea
1623 2068 1753 2113 foma

308 2124 502 2178 quadrata
523 2153 535 2173 ,
565 2131 605 2162 et
630 2122 683 2162 ad
715 2124 839 2162 solem
864 2123 1079 2161 siccantur.

416 2179 467 2217 P.
488 2178 554 2226 61,
574 2192 611 2219 2.
637 2177 711 2216 καί
724 2177 802 2223 ἕως
822 2175 949 2228 αὐτῆς
962 2172 1208 2231 Λαμάσκου]
1241 2178 1508 2217 Leunclavius
1534 2176 1604 2219 lib.
1618 2190 1641 2230 7
1657 2175 1752 2216 hist.

306 2232 502 2271 Musulm.
542 2238 583 2271 et
624 2234 667 2270 in
709 2231 862 2270 Annal.
904 2231 1089 2271 Turcicis
1128 2232 1326 2286 Halepum
1365 2233 1545 2285 primum
1574 2238 1748 2284 captam,

306 2287 453 2326 deinde
474 2288 720 2325 Damascum
741 2287 885 2325 tradit.
918 2285 997 2325 hoc
1028 2287 1203 2340 contigit
1229 2301 1338 2327 anno
1361 2286 1512 2326 Christi
1548 2285 1646 2336 1400
1662 2315 1674 2335 ‚
1705 2291 1753 2324 ut

306 2343 429 2381 etiam
462 2342 710 2394 Augustinus
727 2340 974 2380 Iustinianus
1007 2341 1185 2394 episcop.
1213 2341 1402 2384 Nebiens.
1431 2341 1473 2379 in
1503 2340 1652 2380 Annal.
1673 2341 1756 2378 Ge-

307 2396 529 2435 nuensibus
557 2396 786 2436 adnotavit.
815 2394 916 2435 diris
936 2395 1067 2435 modis
1100 2410 1146 2434 ac
1170 2396 1402 2436 inhumanis
1419 2396 1662 2434 Damascum
1688 2393 1753 2432 af..

308 2449 410 2489 flixit
430 2458 471 2489 et
491 2451 663 2490 vastavit
687 2451 866 2503 Temyr,
898 2451 1012 2489 cuius
1045 2449 1179 2490 illatae
1213 2451 1335 2491 cladis
1361 2464 1481 2490 causa
1513 2464 1535 2488 a
1554 2449 1754 2488 Turcicae

307 2505 501 2543 historiae
524 2505 795 2558 scriptoribus
811 2505 900 2544 talis
923 2505 1117 2544 traditur.
1139 2506 1287 2545 Iezides
1306 2505 1510 2559 princeps,
1527 2501 1754 2542 haereticus

310 2575 334 2598 a
362 2560 625 2598 Musulmanis
654 2559 833 2609 habitus,
867 2561 1068 2598 Hasanem
1097 2566 1137 2599 et
1170 2560 1389 2599 Huseinem
1418 2557 1647 2612 prophetae
1660 2557 1754 2596 Mu-

308 2613 482 2653 hametis
525 2628 546 2651 e
593 2615 672 2652 filia
710 2621 876 2666 nepotes
913 2614 1085 2663 occidit,
1126 2615 1289 2667 eiusque
1319 2613 1510 2654 familiam
1539 2619 1754 2652 contume-

311 2668 376 2707 liis
419 2668 608 2721 gravibus
650 2668 815 2718 affecit3
844 2669 1006 2707 tandem
1037 2677 1223 2708 mortuus
1258 2667 1654 2720 Damascisepultus
1682 2673 1756 2705 est.

314 2723 421 2763 illius
447 2725 584 2776 itaque
617 2722 874 2776 sepulchrum
903 2724 1083 2777 perquiri
1113 2723 1264 2778 Temyr
1284 2754 1296 2776 ,
1327 2730 1370 2764 et
1397 2736 1443 2763 eo
1474 2727 1634 2776 reperto
1666 2734 1755 2760 ossa
