1890 3204
438 159 499 211 m
535 164 861 211 canonicos
907 163 1082 208 num-2
1117 162 1316 207 NOTAE.
1483 143 1602 206 633

151 267 345 325 Aegypto
385 269 540 324 potitus
579 277 640 311 est
678 283 788 310 anno
824 269 1002 325 Hegirne
1034 269 1114 324 923
1131 297 1145 319 ‚
1186 267 1301 308 cuius
1342 267 1439 307 anni
1468 281 1607 312 mense

152 324 437 366 Rebiul-evel
473 339 543 366 scu
574 327 724 380 prioris
766 325 833 366 die
865 340 909 381 ¹7
939 325 1131 366 Sultanus
1159 322 1334 378 Aegypti
1364 323 1607 365 Tommam-

152 379 243 420 bais
279 379 348 422 vel
383 380 662 421 'tonum-bei
701 381 859 422 Alcairi
899 381 1032 422 media
1061 380 1163 420 urbe
1200 378 1419 432 suspendio
1445 388 1607 422 necatus

154 434 250 476 fuit.
294 436 434 490 coepit
472 451 602 476 annus
641 437 815 491 Hegirae
873 437 923 478 25
952 450 1060 477 anno
1093 435 1192 491 1517
1223 435 1402 475 Ianuarii
1431 434 1516 487 24,
1547 436 1610 476 fe-

154 489 220 531 ria
248 506 290 547 7.
328 491 554 532 Neomenia
582 492 845 534 Babiul-eve
904 491 1096 533 coincidit
1122 505 1219 532 cum
1242 489 1383 530 Martii
1411 489 1480 543 24.
1508 505 1608 546 ergo

152 559 205 602 -17
235 546 314 587 erit
341 547 497 602 Aprilis
529 562 579 603 9,
611 548 713 588 feria
746 551 786 591 5.

265 602 315 642 Ρ.
344 601 442 655 523,
482 602 541 644 18.
616 604 740 643 Anno
784 602 868 659 926
896 602 1067 643 Scheval
1094 603 1244 643 mensis
1273 601 1339 642 die
1363 616 1385 656 7
1417 599 1606 643 Selimem

149 663 364 697 mortuum
391 657 612 711 perhibent
639 660 805 700 annales
836 659 1079 701 Turcorum.
1103 659 1237 712 coepit
1258 671 1388 698 annus
1417 657 1500 711 926
1519 659 1605 699 De-

150 712 324 752 cembris
361 713 441 764 23,
482 714 583 754 feria
623 714 662 755 6,
691 729 791 770 ergo
826 714 1045 754 Neomenia
1090 712 1263 754 Scheval
1293 714 1400 753 cadit
1431 713 1474 752 in
1502 715 1607 767 Sep-

149 768 319 808 tembris
355 767 404 821 14
444 769 564 809 diem.
608 783 703 824 ergo
742 771 827 810 dies
855 769 909 810 26
933 769 1185 824 Septembris
1212 770 1290 809 fuit
1316 768 1488 809 Scheval
1525 771 1573 810 15
1589 799 1605 820 ,

151 836 235 864 non
265 837 302 878 7.
331 823 398 863 die
427 838 472 879 ¹7
503 825 710 876 eiusdem,
739 828 810 880 qui
839 825 916 865 fuit
943 825 1192 880 Septembris
1218 824 1378 876 ultima,
1406 823 1604 867 Soleima-

150 892 224 919 nes
251 881 454 919 thronum
483 882 641 936 regium
669 881 914 921 conscendit.

262 935 311 975 P.
342 934 441 986 524,
472 935 514 976 5.
567 937 853 991 Expugnatam
879 936 1027 976 Albam
1055 937 1255 981 Graecam
1282 935 1427 976 dicunt
1459 935 1603 977 Anna-

147 988 207 1030 les
233 990 399 1031 Turcici
424 1005 532 1031 anno
558 1005 638 1047 927
671 992 939 1032 Ramadzanis
968 994 1032 1031 25.
1063 992 1198 1044 coepit
1232 1005 1363 1031 annus
1391 1005 1471 1047 927
1494 1000 1604 1032 anno

153 1045 258 1085 1520
283 1045 522 1087 Decembris
555 1061 628 1097 11,
655 1047 732 1088 fer.
761 1049 801 1088 3.
863 1046 1086 1087 Neomenia
1127 1047 1360 1087 Ramadzan
1389 1047 1468 1087 fuit
1500 1050 1600 1090 1521

145 1099 323 1154 Augusti
349 1100 387 1153 4.
418 1115 515 1156 ergo
551 1102 784 1143 Ramadzan
827 1102 880 1143 25
907 1103 985 1142 fuit
1021 1103 1193 1157 Augusti
1223 1102 1300 1153 28,
1326 1117 1411 1143 non
1446 1116 1523 1157 29,
1555 1109 1605 1143 ut

147 1155 348 1198 Calvisius
365 1157 500 1197 habet.
514 1157 778 1199 'Chronicum
797 1158 934 1212 itaque
960 1172 1177 1212 perperam
1205 1157 1316 1198 diem
1339 1159 1607 1212 consignavit.

251 1212 303 1254 P.
332 1211 431 1265 524,
467 1226 532 1253 ιο.
596 1213 723 1268 Capta
758 1214 836 1254 fuit
861 1213 1029 1254 Rhodus
1059 1214 1168 1253 iuxta
1195 1213 1380 1253 Annales
1405 1214 1602 1254 Turcicos

145 1279 254 1308 anno
281 1280 364 1322 929
399 1268 549 1308 mensis
582 1269 738 1324 Sepher
765 1270 802 1309 3.
838 1270 974 1322 coepit
1009 1283 1141 1308 annus
1175 1282 1260 1323 929
1294 1282 1403 1308 anno
1450 1269 1603 1309 Christi

152 1323 256 1362 1522
288 1323 493 1368 Novemb.
523 1337 598 1374 2ο,
638 1324 719 1368 fer.
763 1325 802 1368 5.
840 1324 1079 1366 Decembris
1107 1338 1160 1364 22
1190 1325 1269 1365 fuit
1295 1323 1457 1379 Sepher
1484 1334 1607 1365 mena

144 1377 203 1418 sis
227 1379 266 1422 3.
294 1377 430 1420 differt
453 1379 583 1420 biduo
611 1380 846 1420 Chronicon
874 1380 927 1420 ab
953 1379 1198 1422 Annalibus.
1583 1425 1585 1427 ,

255 1433 312 1474 P.
343 1435 438 1486 526,
459 1448 520 1477 11.
576 1431 600 1474 ὅ
622 1435 827 1488 Σπανιάς]
882 1436 1000 1476 Duce
1026 1435 1230 1491 Prospero
1251 1434 1453 1476 Columna
1479 1442 1602 1491 capta

144 1487 397 1530 finit-Genua
420 1503 468 1530 ac
495 1489 666 1544 direpta.

247 1543 298 1585 P.
319 1544 418 1598 526,
440 1545 502 1586 15.
567 1546 632 1587 De
667 1544 852 1587 Ahmetis
881 1544 1027 1585 Bassae
1063 1545 1285 1586 rebellione
1313 1547 1475 1588 nullum
1501 1559 1645 1594 ver-P.
1661 1558 1731 1597 282

143 1597 246 1640 hum
283 1599 383 1640 facit
411 1601 700 1643 Leunclavius.
765 1600 939 1642 Iacobus
977 1601 1275 1642 RosiusPart.
1316 1603 1339 1642 5
1373 1604 1476 1644 Hist.
1515 1604 1599 1644 mil.

145 1654 424 1711 Hierosolym.
451 1656 522 1696 lib.
551 1670 591 1698 2.
618 1657 671 1698 de
698 1657 916 1710 Mustapha
952 1656 1073 1696 Bassa
1101 1656 1345 1698 Soleimanis
1372 1660 1530 1700 sororio
1558 1661 1603 1709 in

144 1711 381 1766 Aegyptum
425 1714 574 1764 misso,
609 1719 651 1752 et
687 1713 739 1753 ab
787 1710 993 1752 Arabibus
1032 1711 1234 1767 Syrisque
1264 1713 1482 1754 Alcairum
1509 1723 1604 1769 post

143 1779 307 1806 caesum
336 1767 424 1807 eius
449 1769 670 1807 exercitum
699 1766 909 1821 compulso
928 1780 985 1824 »ac
1012 1766 1191 1818 obsesso,
1220 1769 1431 1809 historiam
1465 1771 1603 1810 brevi-

143 1828 209 1862 ter
235 1821 459 1877 descripsit.
504 1829 554 1862 ut
578 1822 697 1862 illum
732 1823 930 1863 liberaret
966 1821 1218 1876 rebellesque
1246 1825 1287 1862 in
1316 1825 1507 1864 ordinem
1533 1840 1602 1865 co-

144 1883 286 1930 geret,
317 1880 462 1918 missus
491 1884 552 1918 est
591 1892 686 1917 cum
725 1879 878 1933 ingenti
919 1877 1095 1916 exercitu
1128 1879 1319 1919 Ahmetes
1352 1882 1498 1932 Bassa,
1528 1883 1600 1934 qui

138 1933 404 1987 ¹Mustapham
429 1933 536 1974 illico
555 1932 757 1983 liberavit,
787 1932 839 1972 ad
858 1933 1054 1972 adventus
1072 1935 1134 1973 sui
1165 1935 1313 1974 famam
1333 1950 1484 1989 pavore
1509 1951 1604 1989 per-

142 1987 266 2028 culsis
309 1989 537 2030 rebellibus.
594 1989 788 2029 Ahmetes
829 2002 929 2027 vero
959 1987 1009 2025 ab
1037 1987 1249 2043 Aegyptiis
1276 1991 1470 2031 Sultanus
1501 2007 1603 2044 pau-

141 2042 272 2096 lopost
293 2044 513 2084 salutatur.
539 2059 661 2098 quem
686 2050 735 2083 ut
762 2046 1007 2097 reprimeret
1028 2042 1295 2093 Soleimanes,
1315 2046 1601 2087 Abrahamum

140 2098 302 2139 Bassam
334 2115 428 2140 cum
461 2100 600 2140 valido
644 2101 821 2140 exercitu
861 2099 1056 2139 adversus
1102 2101 1317 2142 Ahmetem
1349 2102 1490 2145 mittit.
1520 2109 1602 2142 ter-

139 2156 237 2205 riti,
268 2156 339 2210 qui
372 2156 423 2195 ad
453 2156 671 2195 Ahmetem
708 2154 966 2201 defecerant,
1003 2161 1049 2193 ut
1077 2157 1118 2195 in
1147 2160 1320 2210 gratiam
1350 2172 1443 2197 cum
1473 2157 1603 2198 Solei-

142 2224 264 2250 mane
297 2211 432 2252 redire
460 2219 622 2265 possent
649 2211 875 2265 errorisque
889 2209 1051 2250 veniam
1079 2213 1279 2266 obtinere,
1307 2213 1484 2254 illumin
1513 2214 1601 2254 bal-

140 2280 218 2307 neo
245 2280 287 2306 se
314 2266 516 2321 religionis
541 2281 662 2307 causa
689 2266 891 2306 lavantem
920 2266 1178 2308 obtruncant.

254 2322 305 2365 P.
338 2322 434 2371 526,
464 2337 527 2362 2ο.
601 2317 977 2374 Φλαμπουριάρις]
1036 2321 1352 2366 Flammularius
1378 2339 1450 2367 seu
1473 2324 1601 2367 vexil-

142 2377 254 2428 lifer,
285 2392 408 2433 quem
436 2378 564 2419 Turci
595 2377 856 2436 Sangiakum·
874 2376 1099 2432 appellant.
