1916 3210
328 156 437 212 500
598 218 601 222 ,
802 174 983 216 noem
1022 171 1282 217 nnsromA.

325 282 383 315 sta
411 274 583 314 historia
622 289 645 313 n
673 274 856 320 Camusu
901 271 1111 323 capitaneo
1152 270 1255 310 della
1298 276 1453 309 armata
1485 268 1758 325 comdonispt

325 331 500 384 presenti
538 329 709 369 secondo
748 327 787 367 la
811 341 957 366 usanza
1001 325 1049 363 de
1087 325 1264 377 signori,
1314 325 1462 377 pei-che
1488 323 1762 373 Camusam

326 386 447 424 homo
485 385 535 423 de
565 385 681 430 bona
726 382 967 420 conscientia
1007 388 1045 418 et
1085 380 1295 432 capitaneo
1348 377 1532 433 generale
1569 379 1624 420 de
1650 379 1763 431 tu'tt'g.

328 439 508 479 l'armata
537 445 579 478 et
607 444 851 492 governator.
875 436 925 474 (10
945 441 1049 474 tutto
1077 434 1330 476 Chieroniso.
1389 435 1444 472 Le
1471 447 1566 474 cose
1591 446 1758 503 121·qu-

237 495 315 527 ‘322
329 500 413 534 tate
442 494 593 532 forono
626 498 719 531 octo
749 498 858 530 veste
885 490 936 529 de
966 489 1144 536 venato,
1176 489 1231 528 sei
1253 489 1364 528 milia
1389 495 1550 529 monete
1577 489 1763 542 darae-m&

328 557 394 599 to,
422 549 501 586 XX
536 547 657 594 bovi,
706 546 738 583 L
768 558 940 598 pecore,
973 543 1149 583 biscotto
1179 550 1220 583 et
1246 559 1335 597 pan·
1354 543 1484 583 sresco
1517 541 1759 590 moliemur

314 604 419 652 dia,
463 602 630 653 formagi
668 600 737 653 pin
780 600 830 638 de
874 600 982 638 mille
1020 598 1151 646 libre,
1192 599 1318 639 srutte
1355 598 1406 638 de
1430 597 1565 650 quella
1596 605 1760 644 stazone

284 664 295 668 ““
329 657 482 709 grande
513 655 713 709 quantith.
769 655 825 694 Et
853 654 902 693 de
930 653 1058 693 simile
1097 667 1186 694 cose
1214 653 1255 693 so
1285 653 1383 692 facti
1413 653 1590 706 presenti
1615 651 1669 696 ali
1700 651 1760 697 soi

329 709 548 764 compagni
576 709 757 749 secondo
785 710 822 748 10
852 722 922 747 sue
948 708 1168 762 dignitade.
1223 709 1441 748 Demorato
1469 707 1538 747 doi
1563 706 1679 750 zomi
1705 704 1761 748 ali

329 767 470 805 Amati
509 764 604 815 (che
644 764 681 802 el
716 763 803 802 loco
845 765 927 802 cosi
965 777 1007 802 se
1048 763 1224 815 chiama)
1270 763 1354 802 fece
1381 763 1470 802 vela
1496 770 1536 802 et
1562 761 1695 808 venne
1717 760 1760 806 in

329 821 446 862 Chio.
511 820 566 858 Et
614 818 852 857 similmente
892 817 1090 858 stallando
1136 818 1172 857 al
1205 818 1304 857 altra
1348 817 1482 862 banda
1514 816 1581 856 del
1618 823 1757 871 porto,

329 875 455 928 quelli
480 874 530 913 de
552 873 656 913 Chio
684 888 763 912 non
795 873 823 912 li
850 873 924 912 usb
954 872 1087 926 quelle
1116 871 1256 912 realith
1286 880 1326 912 et
1355 871 1596 925 aceogliense
1625 868 1702 913 che
1730 869 1763 920 ji

327 929 455 969 havea
485 934 604 968 usato
637 928 672 968 el
703 928 887 980 prineipo
917 928 967 967 de
983 927 1127 978 Lesbo,
1155 927 1309 981 perche
1330 940 1435 980 poco
1463 934 1598 981 tempo
1627 924 1764 974 avanti

327 982 358 1022 li
387 983 474 1023 Chii
505 984 652 1023 forono
684 983 908 1036 desprezati
939 981 1004 1021 dal
1032 989 1209 1035 tyranno
1237 996 1309 1035 pei·
1336 995 1465 1020 eaxon
1494 981 1555 1021 de¹
1573 981 1682 1034 aspri
1709 979 1764 1032 40

326 1039 437 1078 milia
473 1038 524 1078 de
569 1045 760 1086 arzento,
802 1039 830 1077 li
869 1037 978 1091 quali
1021 1037 1163 1076 dieeva
1189 1038 1315 1077 dover
1359 1036 1511 1076 havere
1537 1034 1764 1078 Francesco

326 1093 588 1146 Drappiero‚
621 1106 702 1131 uno
730 1092 770 1131 di
799 1092 1033 1131 mei-catanti
1065 1091 1114 1131 de
1143 1091 1288 1132 Galata
1305 1121 1316 1139 ‚
1345 1105 1419 1144 per
1442 1089 1572 1145 pretio
1599 1090 1650 1130 de
1672 1090 1764 1138 aln-

326 1149 383 1187 mi
416 1149 467 1187 de
493 1147 619 1197 rocha
638 1176 649 1196 ‚
684 1146 719 1186 el
742 1147 844 1200 ,qual
877 1148 1102 1186 Francesco
1131 1147 1171 1186 so
1199 1149 1240 1185 in
1272 1153 1442 1185 armata.
1508 1143 1561 1184 El
1586 1153 1764 1199 tyranno

326 1201 454 1242 havea
487 1202 726 1241 comandato
756 1203 794 1240 al
823 1202 991 1252 Camusa
1027 1201 1105 1250 ,che
1128 1203 1349 1241 notificasse
1381 1200 1435 1240 ali
1465 1199 1559 1240 Chii
1587 1202 1693 1251 che,
1721 1203 1765 1240 Se

327 1254 411 1296 non
441 1271 594 1311 pagava
623 1255 659 1294 el
687 1256 826 1295 debito
855 1272 876 1303 a
894 1257 1118 1296 Franceseo
1148 1257 1395 1309 Drappiero,
1425 1254 1598 1295 desfaria
1621 1254 1665 1310 Ja
1693 1267 1767 1298 sua

327 1312 472 1354 insula.
531 1311 763 1350 Levandose
801 1311 986 1350 l’armata
1031 1310 1145 1363 passo
1184 1311 1343 1350 al'altra
1385 1310 1538 1360 banda,
1581 1318 1625 1349 et'
1646 1307 1766 1358 huttb

328 1365 506 1405 l'ancora
527 1366 744 1418 appresso'l
762 1366 913 1418 tempio
944 1366 995 1405 de
1023 1373 1164 1405 sancto
1193 1366 1346 1405 Isidoro
1375 1366 1565 1410 martiro,
1593 1365 1640 1403 Li
1671 1361 1766 1409 Chii

328 1421 470 1460 alhora
509 1420 759 1459 mandax-ono
803 1419 936 1459 alcuni
970 1421 1020 1459 ad
1049 1420 1206 1459 salutar
1237 1418 1438 1470 Ca'musa3
1458 1419 1511 1459 ali
1541 1418 1654 1472 quali
1686 1418 1766 1457 Ca-

327 1488 440 1514 musa
466 1475 654 1528 presente
683 1474 719 1513 el
747 1475 1078 1514 comandamento
1123 1475 1187 1513 del
1217 1489 1289 1513 suo
1317 1477 1466 1528 signer.
1526 1473 1583 1512 Et
1609 1472 1767 1517 haven-

329 1531 424 1568 dolo
453 1530 557 1568 lecto
575 1559 585 1576 ‚
621 1530 709 1567 Chii
743 1543 983 1581 resposeno:
1015 1531 1082 1567 noi
1118 1543 1198 1567 non
1231 1529 1401 1567 dovemo
1429 1530 1480 1567 ne
1506 1526 1668 1567 volemo
1695 1527 1768 1566 dar

330 1584 589 1623 aFrancesco
621 1583 762 1622 alcuna
788 1598 895 1624 cosa.
924 1591 963 1621 et
990 1584 1029 1621 fa
1058 1597 1170 1622 come
1197 1589 1242 1620 tu
1271 1582 1364 1624 voli.
1420 1582 1581 1629 Alhora
1594 1582 1767 1621 Camusa

330 1639 429 1678 mise
453 1639 540 1677 fora
582 1638 764 1688 Tun-chi,
803 1636 831 1675 li
855 1639 964 1691 quali
1007 1638 1143 1676 feceno
1179 1636 1323 1676 alcune¹
1344 1638 1484 1690 ‘prede
1520 1636 1767 1690 particulare

250 1699 318 1733 323
332 1707 403 1746 per
431 1693 466 1731 le
512 1695 630 1745 vigne
672 1699 713 1731 et
753 1693 835 1730 orti
871 1693 1157 1733 circumvicini.
1191 1736 1195 1743 ἱ
1230 1691 1323 1730 Alla
1350 1693 1428 1731 nith
1456 1700 1495 1731 et
1523 1691 1592 1730 alli
1620 1690 1767 1744 borghi

331 1762 413 1786 non
444 1748 636 1786 ardivano
665 1753 905 1794 accostarse,
937 1746 1085 1799 perche
1114 1747 1150 1785 la
1180 1747 1258 1784 011ἒ1
1289 1760 1357 1784 era
1384 1747 1459 1786 ben
1488 1745 1643 1785 munita
1671 1753 1710 1785 et
1738 1745 1768 1784 li

332 1802 483 1856 borghi
518 1802 628 1854 pieni
669 1801 718 1840 de
759 1800 1085 1851 zovani'taliani
1121 1807 1162 1839 et
1202 1801 1390 1839 Navaroli
1434 1801 1484 1840 de
1510 1801 1579 1853 pi&
1607 1800 1656 1839 de
1684 1800 1767 1840 XX

332 1870 438 1895 nave
465 1857 515 1895 de
557 1858 763 1903 Zenuese,
813 1857 846 1894 10
877 1857 995 1909 quale
1023 1858 1064 1894 in
1096 1854 1231 1909 quella
1260 1856 1368 1894 volta
1399 1869 1439 1895 se
1467 1862 1693 1895 trovavauo
1725 1855 1766 1894 in

311 1936 321 1962 ·,
334 1913 426 1965 quel
463 1919 577 1963 porto
603 1926 613 1960 ς
657 1917 697 1949 et
727 1911 823 1950 tutti
865 1925 985 1949 erano
1022 1911 1164 1949 zovcni
1212 1911 1347 1963 prouti
1375 1909 1452 1949 alla
1483 1911 1544 1949 ira
1574 1916 1616 1949 ct
1641 1923 1768 1961 appa-

333 1966 521 2005 recchiati
553 1965 630 2004 alle
661 1979 783 2004 arme.
816 1965 995 2005 vedendo
1029 1966 1218 2017 adunque
1245 1966 1416 2004 Camusa
1445 1966 1518 2004 che
1546 1979 1625 2003 non
1652 1964 1769 2016 podi-

332 2035 383 2059 va
427 2021 630 2059 offendere
678 2019 715 2057 la
757 2020 867 2068 ciffi,
915 2020 1062 2058 mando
1106 2019 1174 2057 alli
1221 2021 1373 2072 signori
1405 2020 1606 2067 Maonesi,
1638 2019 1768 2066 cheli

335 2077 542 2114 mandasse
565 2088 645 2112 uno
666 2088 689 2111 o
718 2074 786 2111 (101
817 2074 858 2112 (11
879 2074 942 2113 soi
967 2074 1131 2112 citadini
1155 2089 1176 2112 a
1195 2074 1254 2111 fai·
1279 2088 1425 2113 raxone
1453 2089 1528 2113 con
1547 2075 1768 2121 Francesco

337 2130 376 2168 in
409 2144 491 2168 una
517 2129 620 2168 delle
648 2130 770 2181 galie,
801 2129 1109 2181 promettendoli
1140 2130 1173 2167 la
1205 2128 1294 2167 sede
1324 2142 1393 2180 per
1421 2129 1483 2168 lor
1509 2129 1770 2168 assecuratio-

338 2199 398 2222 ne.
433 2186 595 2223 Forono
616 2184 793 2222 mandati
818 2184 883 2222 doi
916 2183 1012 2222 delli
1038 2183 1212 2237 principi
1243 2183 1347 2222 della
1377 2185 1478 2234 cite,
1509 2197 1591 2222 uno
1625 2183 1768 2222 vecbio

337 2238 538 2278 chiamato
564 2237 764 2288 Quirieho
792 2239 1038 2287 Iustiniano,
1071 2246 1109 2277 et
1139 2238 1265 2277 l'altro
1299 2252 1444 2277 zovene
1471 2237 1567 2277 delli
1592 2238 1768 2276 honora-

336 2293 384 2335 ti.
414 2301 453 2332 et
482 2294 689 2346 vegnando
730 2307 808 2345 per
839 2294 954 2332 venii·
981 2293 1214 2342 asarmata,
1255 2307 1325 2345 per
1357 2292 1394 2331 la
1423 2294 1488 2332 via
1514 2306 1771 2339 0001011211ιό-

335 2362 389 2386 no
418 2349 650 2387 raxonando
680 2362 702 2387 a
729 2348 915 2397 titubare,
946 2349 1143 2387 dicendo:
1175 2347 1252 2386 Se’l
1279 2348 1440 2393 Turcho
1469 2361 1508 2386 se
1531 2348 1694 2386 mutarn
1719 2347 1769 2386 de

334 2404 463 2454 voglia
504 2410 544 2442 et
575 2417 657 2442 non
698 2403 798 2442 voro
835 2417 1023 2442 servarne
1069 2402 1108 2441 la
1137 2403 1224 2440 fede
1255 2410 1291 2441 et
1317 2416 1508 2454 menarue
1535 2401 1600 2440 via
1626 2416 1700 2440 eon
1731 2402 1770 2440 le

335 2458 438 2509 galie
459 2487 470 2503 ‚
501 2458 566 2496 chi
596 2458 623 2496 li
666 2458 781 2510 potr&
816 2465 1059 2497 contrastare
1086 2472 1110 2496 o
1140 2457 1234 2509 ‡orli
1259 2457 1324 2508 poi
1350 2456 1387 2496 el
1416 2470 1571 2510 pegno,
1601 2455 1766 2510 quando

335 2513 374 2550 lo
404 2512 551 2552 haverh
582 2513 722 2551 facto?
750 2514 790 2550 in
820 2514 951 2564 questi
990 2513 1162 2565 pensieri
1192 2512 1442 2558 ruzonandm
1473 2525 1595 2550 erano
1627 2512 1672 2549 231
1702 2525 1768 2549 ar-

335 2567 455 2605 rivaii
485 2566 757 2618 pocolontani
788 2567 894 2606 dalla
919 2574 1087 2609 armata.
1117 2574 1231 2606 tanta
1258 2581 1384 2618 paura
1413 2566 1520 2605 intro
1555 2567 1595 2604 in
1624 2565 1650 2604 li
1682 2567 1769 2604 ani-

282 2661 286 2666 ,
336 2621 393 2661 mi
421 2620 507 2659 loro
525 2650 544 2667 ,,
578 2621 653 2660 che
694 2618 885 2660 vol'tando
923 2623 959 2661 10
1003 2621 1178 2675 bregfie,
1219 2628 1258 2659 et
1286 2621 1515 2660 strinzendo
1546 2619 1573 2658 li
1601 2620 1768 2670 cavalli,

337 2676 625 2714 cominzarono
657 2692 679 2713 a
709 2690 869 2716 correre
898 2691 1012 2715 verso
1044 2677 1167 2722 Asio‚
1198 2676 1359 2729 quando
1388 2675 1502 2714 molti
1529 2675 1681 2713 Turchi
1700 2705 1712 2726 ‚
1740 2674 1769 2713 li

337 2731 446 2783 quali
491 2744 612 2770 erano
651 2731 784 2769 andati
831 2732 881 2770 ad
910 2732 1055 2772 robare
1094 2733 1135 2770 in
1180 2732 1207 2769 li
1244 2733 1321 2770 orti
1347 2738 1385 2769 et
1426 2732 1467 2784 in
1506 2730 1542 2768 le
1571 2731 1711 2783 vigne,
1740 2729 1768 2768 li
