1916 3236
786 217 1106 262 PRAEFATIO·
1617 219 1672 262 XI

221 341 275 369 co
304 327 491 379 seniore,
518 324 656 380 paucis
686 322 866 375 indicat,
893 334 1164 378 suspensoque
1192 319 1299 376 pede
1325 319 1672 363 Othmanidarum

218 392 448 462 principum
490 404 636 444 seriem
673 402 726 442 ad
752 401 967 442 Baiazitem
994 399 1172 454 primum
1200 398 1434 453 percurrit,
1472 399 1671 440 breviter-

218 484 306 539 que'
323 470 612 524 dessothmane
644 479 837 520 Orchane
865 486 905 520 et
937 479 1094 520 Morate
1120 478 1252 531 primo
1280 475 1457 517 disserit.
1514 475 1672 516 Baiazi-

211 561 284 613 lis,
311 543 424 617 gesta
451 540 747 601 tam'adversus
762 557 1000 597 Turcorum
1023 554 1185 612 regulos
1211 562 1252 596 et
1278 554 1494 610 Temyrem
1509 583 1522 606 ,
1550 556 1671 609 quem

215 631 363 695 Vulgus
380 628 672 680 Tamerlanem
700 642 845 686 vocat,
876 649 1000 690 quam
1030 633 1281 675 Christianos
1306 631 1512 687 principes
1539 630 1670 687 proli·-

165 728 168 731 “
205 708 304 759 ‘xiiis
331 722 507 759 enarrat.
564 714 790 755 Lunienam
822 712 1044 766 caedesque
1070 717 1232 752 mutuas
1259 709 1487 750 liberorum
1517 708 1671 749 Baiazi-

179 806 181 808 ·
215 795 294 849 tis‘,
325 790 415 836 isac*
444 794 669 845 nimirum,
700 790 946 832 Musulmani
963 819 976 842 ,
1003 789 1150 838 Mosis,
1183 788 1426 843 Mustaphae
1453 800 1501 827 ac
1528 785 1671 827 Mehe-

214 875 335 916 matre
365 870 550 929 exponit.
607 870 804 922 Cineitis,
833 868 905 923 qui
936 867 1075 908 Ioniae
1104 865 1323 921 imperium
1348 864 1567 920 aliquando
1593 863 1670 904 sibi

212 950 495 1009 adrogaverat
510 982 523 1004 ,
560 950 717 991 variam
761 949 969 989 fortunam
992 981 1005 1002 ,
1045 946 1350 989 fraudulentum
1377 949 1671 996 versutumque

213 1011 446 1086 ingenium,
486 1028 609 1070 modo
647 1027 699 1067 ad
725 1027 798 1068 has
826 1026 947 1068 modo
987 1026 1041 1067 ad
1069 1025 1157 1066 illas
1184 1023 1443 1080 propendens
1460 1053 1471 1071 ‚
1506 1021 1671 1075 eiusque

206 1102 378 1149 'tandem
405 1107 657 1149 eversionem
688 1120 736 1146 ac
764 1106 927 1146 ruinam
955 1098 1165 1145 describit}
1199 1102 1368 1144 Moratis
1402 1100 1579 1154 denique
1606 1111 1671 1138 se-

210 1185 336 1227 cundi
380 1164 702 1239 ssehemetisque
744 1183 884 1242 itidem
923 1182 1090 1222 secundi
1137 1195 1232 1221 cum
1261 1187 1402 1221 contra
1434 1179 1598 1219 Turcos
1629 1182 1672 1217 et

201 1243 463 1304 Christianos
490 1264 534 1303 in
562 1262 676 1313 Asia,
716 1268 804 1301 tum
832 1260 874 1300 in
908 1261 1079 1315 Europa
1107 1267 1247 1300 contra
1276 1259 1469 1308 Graecos,
1500 1256 1672 1309 Hunga-

213 1355 310 1394 ros,
339 1341 520 1382 Venetos
529 1340 765 1397 ,¹Servios,
797 1338 1034 1389 Walachos,
1069 1339 1305 1378 Genuenses
1333 1335 1673 1388 Rhodiorumque

212 1412 396 1475 equitum
426 1417 641 1473 collegium
677 1417 914 1472 praecipuas
946 1430 1014 1456 res
1046 1422 1177 1470 gestas
1207 1421 1387 1455 enarrat.
1414 1413 1551 1454 omnia
1580 1427 1670 1453 mo-

210 1493 355 1539 ‘menta'
380 1496 551 1538 adnotat
569 1526 581 1545 ‚
604 1491 751 1551 quibus
765 1496 1029 1551 Byzantinum
1051 1495 1271 1549 imperium
1289 1508 1311 1533 a
1330 1492 1481 1534 Turcis
1498 1490 1671 1532 subinde

192 1558 495 1618 'labefactatum
523 1574 764 1633 Christianis
786 1573 950 1614 tandem
983 1580 1166 1631 ereptum
1207 1580 1278 1618 est.
1319 1571 1669 1612 othmanicorum

208 1641 459 1711 principum,
486 1654 635 1710 quibus
654 1653 813 1694 occasio
829 1652 1081 1708 propagandi
1103 1652 1204 1692 fines
1225 1649 1383 1706 imperii
1398 1650 1464 1691 vix
1485 1663 1668 1704 unquam

210 1724 391 1788 neglecta
423 1740 494 1773 aut
528 1733 675 1773 omissa
708 1739 791 1780 est,
826 1738 959 1782 artes,
987 1743 1107 1771 curas
1142 1743 1255 1770 acres
1291 1727 1577 1783 assiduumque
1607 1727 1666 1767 la-

206 1811 354 1854 horem
394 1813 438 1853 in
473 1810 724 1853 debellandis
779 1809 1012 1850 nationibus
1049 1804 1216 1849 indicat.
1263 1822 1395 1864 neque
1441 1809 1563 1848 etiam
1599 1807 1667 1846 illa

206 1889 514 1945 praetermisit,
560 1903 664 1943 quae
698 1888 749 1928 ad
788 1887 1024 1941 religionem
1055 1894 1140 1927 tam
1174 1892 1356 1927 nostram
1389 1885 1667 1926 Christianam

207 1981 330 2021 quam
356 1967 697 2008 Musulmanicam
734 1963 954 2019 pertinenti.
987 1964 1149 2005 concilii
1178 1964 1410 2005 Florentini
1445 1963 1498 2003 ab
1524 1963 1665 2017 Euge-

207 2044 278 2085 nio
307 2059 412 2100 papa
433 2043 645 2096 celebrati,
679 2045 745 2083 cui
771 2042 974 2083 lohannes
996 2040 1264 2097 Palaeologus
1284 2043 1525 2096 imperator,
1553 2042 1666 2081 lose-

209 2121 315 2177 ‘phu's
339 2122 579 2178 patriarcha
609 2121 848 2177 Cpolitanus
870 2122 910 2160 et
933 2118 1083 2160 Graeci
1114 2121 1235 2160 ceteri
1266 2119 1569 2171 interfuerunt,
1596 2119 1666 2159 hi-

205 2201 373 2241 storiam
413 2200 592 2242 breviter
631 2201 851 2241 contexuit.
884 2211 1036 2239 novam
1082 2212 1179 2238 vero
1221 2203 1396 2249 sectam,
1427 2211 1531 2253 quae
1554 2195 1671 2238 inter-

204 2277 363 2320 'turcos
396 2293 419 2317 a
458 2277 638 2333 quodam
675 2276 875 2331 Bercligia
910 2275 1128 2330 Mustapha
1166 2277 1327 2316 invecta
1362 2283 1424 2316 est
1446 2276 1666 2330 statimqne

206 2352 368 2408 deleta,
392 2356 587 2396 intactam
605 2368 687 2396 non
716 2354 895 2410 reliquit.
926 2354 978 2394 ad
995 2353 1155 2408 captam
1183 2366 1205 2393 a
1234 2354 1382 2394 Turcis
1413 2352 1572 2408 Cpolim
1595 2353 1664 2393 hi..

205 2434 371 2474 storiam
415 2432 670 2474 solummodo
714 2432 943 2487 perducere
971 2431 1048 2472 sibi
1091 2439 1381 2487 proposuerat:
1415 2444 1562 2471 verum
1593 2445 1664 2486 spe

208 2510 355 2552 ductus
382 2511 546 2552 futurae
568 2512 791 2567 aliquando
829 2510 1050 2552 eversionis
1075 2511 1279 2565 potentiae
1308 2510 1533 2560 Turcicae,
1563 2523 1663 2565 gen-

204 2596 366 2644 temque
398 2591 595 2631 Graecam
637 2591 679 2630 in
719 2590 885 2645 pristini
928 2589 1152 2644 splendoris
1191 2595 1339 2629 statum
1384 2587 1664 2629 reducendam

202 2665 298 2708 fore
333 2675 470 2718 ratus,
508 2675 600 2722 post
632 2669 746 2709 urbis
793 2675 932 2722 captae
966 2681 1117 2708 annum
1156 2669 1427 2708 narrationem
1460 2665 1661 2720 produxit.

203 2743 314 2785 hunc
348 2759 474 2800 porro
513 2753 720 2787 auctorem
758 2746 940 2787 Laonico
980 2753 1020 2786 et
1057 2746 1232 2787 Phranzi
1253 2745 1429 2786 multum
1454 2749 1661 2798 praestare

202 2829 418 2877 propterea
465 2837 633 2879 censeo,
662 2824 774 2880 quod
798 2839 939 2866 rerum
970 2825 1172 2878 principia
1190 2832 1232 2865 et
1261 2835 1402 2865 causas
1425 2820 1658 2876 diligendus
