1950 3198
694 169 1069 176 ——Q-o———ss-ffi-
1074 170 1198 176 --κ-οω
1206 171 1436 178 >——-————-..
1440 173 1472 178 m..
1476 173 1689 182 ...Ἣ

377 735 789 786 IMMANUELIS
835 737 1119 785 BEKKERI
1156 737 1537 787 PRAEFATIO.

225 1032 439 1126 Ducas
492 1071 585 1140 qui
636 1073 852 1133 dicitur,
898 1093 926 1123 a
973 1073 1233 1123 Bullialdo
1280 1091 1340 1122 ex
1371 1091 1479 1124 uno
1512 1074 1685 1125 codice

223 1160 393 1213 editus
432 1173 521 1210 est.
558 1179 653 1211 nec
686 1162 816 1211 mihi
864 1174 954 1210 aut
994 1162 1227 1230 plurium
1264 1162 1498 1212 codicum
1535 1163 1684 1232 copia

223 1249 349 1309 fuit,
382 1262 472 1300 aut
507 1251 853 1306 coniecturae,
889 1267 1022 1317 quae
1066 1250 1303 1300 codicum
1335 1267 1518 1321 operae
1551 1251 1683 1300 vica-

221 1338 301 1388 ria
332 1351 735 1408 supponeretur,
773 1337 985 1389 fiducia:
1025 1339 1221 1408 quippe
1256 1338 1451 1389 codices
1483 1351 1688 1408 praeter

218 1427 553 1478 Parisiensem
587 1426 673 1477 vix
705 1428 838 1476 ullos
874 1445 1128 1496 superesse
1162 1445 1534 1497 compereram,
1570 1446 1689 1478 con-

219 1513 469 1569 iecturam
486 1514 722 1565 videbam
747 1533 853 1565 non
885 1516 1002 1566 satis
1037 1528 1203 1565 tutam
1225 1516 1339 1585 capi
1375 1512 1436 1565 ex
1469 1533 1527 1566 eo
1560 1516 1683 1565 scri-

219 1616 370 1674 ptore
395 1604 487 1673 qui
522 1605 724 1673 polluto
759 1603 1020 1671 degeneris
1053 1604 1161 1654 aevi
1195 1606 1418 1654 sermoni
1454 1604 1681 1655 innutri-

222 1704 330 1749 tus,
374 1692 628 1761 quicquid
678 1693 784 1743 fere
832 1692 895 1742 de
930 1692 1095 1742 verbis
1127 1692 1391 1743 flectendis
1425 1692 1682 1744 struendis

217 1780 563 1849 intelligendis
595 1781 825 1851 praecipi
860 1781 998 1837 solet,
1035 1780 1159 1831 adeo
1179 1793 1269 1831 aut
1302 1782 1556 1848 ignoravit
1589 1793 1681 1831 aut

220 1869 442 1937 neglexit
481 1881 543 1918 ut
585 1869 791 1935 linguae
835 1869 1058 1918 Graecae
1105 1887 1211 1918 non
1255 1870 1518 1918 meliorem
1564 1882 1677 1919 tum

221 1975 343 2008 cum
373 1957 618 2006 scriberet
662 1975 820 2023 quam
855 1957 929 2005 rei
962 1957 1203 2026 publicae
1237 1957 1389 2006 fuisse
1423 1956 1680 2006 condicio·

216 2063 338 2096 nem
370 2057 564 2113 arguat.
604 2044 887 2094 Barbarum
924 2043 1249 2113 perditorum
1284 2057 1575 2113 temporum
1611 2057 1681 2095 te-

216 2146 344 2185 stem
386 2132 624 2184 sordibus
662 2133 764 2182 suis
806 2133 1162 2201 relinquebam
1217 2151 1386 2202 neque
1419 2134 1558 2183 ultra
1596 2151 1676 2183 or-

215 2222 576 2292 thographiam
627 2234 721 2271 aut
776 2222 1251 2290 interpunctionem
1305 2221 1674 2282 emendabam,

212 2329 331 2360 eum
368 2310 674 2379 insperatam
695 2310 742 2358 ei
777 2310 946 2360 lucem
977 2310 1154 2359 attulit
1178 2310 1520 2378 gratissimum
1553 2313 1674 2361 Leo-

213 2398 358 2468 poldi
405 2399 590 2448 Rankii
638 2416 839 2448 munus.
875 2398 916 2448 is
949 2398 1088 2448 enim
1133 2418 1252 2449 cum
1297 2399 1531 2449 Venetiis
1564 2417 1673 2449 non

209 2504 329 2537 suae
374 2499 575 2538 tantum
617 2489 792 2536 Musae
839 2499 1163 2555 operaretur,
1219 2487 1475 2537 summisit
1521 2486 1670 2536 nobis

209 2575 441 2625 Italicam
477 2576 620 2624 illam
653 2576 829 2624 Ducae
873 2575 1180 2635 versionem,
1215 2594 1372 2644 quam
1408 2573 1672 2643 scriptoris

209 2663 363 2714 aetati
397 2681 668 2733 supparem
705 2664 989 2714 laudarunt
1022 2664 1145 2712 olim
1178 2663 1444 2714 Mol-ellius
1476 2675 1526 2712 et
1557 2664 1671 2713 Mu-

171 2794 176 2799 .
208 2751 450 2821 stoxydes.
503 2753 627 2803 haec
669 2771 788 2804 cum
824 2755 988 2803 multa
1034 2752 1218 2803 habeat
1251 2770 1383 2820 quae
1417 2750 1555 2801 edito
1590 2768 1671 2800 co-
