1890 3204
571 147 646 211 Λι)
687 146 809 190 cu».
847 146 989 188 xxix.
1026 145 1227 188 NOTAE.
1512 126 1620 203 591

162 247 562 298 sr'nhessalonieam
617 263 641 290 a
681 244 861 291 Morate'
886 250 923 290 11
968 255 1127 303 captam
1165 260 1272 288 auno
1315 247 1418 299 1430
1443 249 1626 303 scribit,

163 314 261 362 post
319 321 386 346 am
413 319 489 361 per
515 319 646 346 annos
674 313 855 360 quatuor
883 305 960 345 sub
987 305 1256 345 venetiarum
1283 303 1468 344 dominio
1497 307 1629 345 stetis-

164 370 240 404 set.
260 321 452 403 ¹ffmmlcs
471 361 639 402 Turcici
668 362 719 401 ad
750 375 906 401 annum
921 361 1002 401 833
1027 361 1228 411 referunt,
1263 358 1334 415 qui
1363 361 1498 414 coepit
1519 375 1630 401 anno

170 417 276 474 ¹429
301 418 413 471 Sept.
443 418 519 467 30,
546 417 646 457 feria
657 417 699 458 6.
760 417 969 457 Pbranzes
997 415 1071 456 lib.
1095 431 1119 457 2
1150 430 1240 470 cap.
1272 430 1300 470 9
1318 430 1466 456 -mense
1494 417 1630 470 Aprili

165 487 275 514 anuo
303 471 437 529 6938,
469 473 618 528 Christi
659 472 762 524 1430
795 480 1039 527 occupatam
1067 486 1090 512 a
1123 469 1271 511 Turcis
1291 470 1629 512 Thessalonicam

164 529 320 569 scribit.
395 528 550 568 Paulus
589 529 863 568 Maurocenus
892 529 1088 582 patricius
1121 528 1301 568 Venetus
1331 526 1439 567 Hist.
1471 526 1545 567 lib.
1577 541 1630 567 20

165 599 277 625 anno
315 584 416 636 1450
454 583 584 623 tradit
616 583 825 623 Andream
866 584 1103 624 Dandulum
1123 613 1134 630 ‚
1178 585 1249 637 qui
1277 582 1393 623 ducis
1420 583 1542 623 titulo
1567 597 1632 623 res

164 639 347 694 gerebat,
380 646 420 680 et
439 637 616 678 Paulum
642 639 920 679 Contarenum
952 638 1154 692 capitanei
1181 652 1351 679 munere
1379 638 1631 694 fungentem,

165 695 330 751 ignavia
357 706 407 734 ac
433 695 618 735 socordia
647 709 719 734 sua
747 695 1078 735 Thessalonicam
1105 695 1343 749 perdidisse.

175 778 178 780 -
279 751 336 791 P.
373 764 464 804 199,
497 763 561 790 ιι.
637 749 698 797 εἰς
723 750 904 802 Σέρρας]
963 751 1113 791 serrae
1144 750 1380 790 Thessaliae
1410 748 1512 790 urbs
1539 755 1771 792 me-v.188

165 807 338 862 tropolis
366 805 562 846 thronum
590 803 643 845 58
671 806 747 845 sub
778 807 914 846 Leone
938 806 1190 860 Philosopho
1216 807 1365 846 tenuit.

281 861 336 902 P.
366 875 463 912 ποι,
495 862 536 902 5.
595 854 688 900 εἶτα
717 861 911 902 ἐκέλευσε
941 856 1048 901 εἶναι
1076 862 1121 902 ἐν
1147 858 1276 914 χερσὶ
1301 860 1387 901 τῶν
1418 860 1633 913 Χριστια-

165 917 266 970 viiiv]
324 916 416 957 Hoc
445 917 607 958 notavit
634 916 793 957 Auctor
827 925 990 966 noster,
1034 919 1231 971 quoniam
1256 917 1485 958 Tun-corum
1515 919 1633 957 insti-

165 981 258 1015 tuto
283 972 494 1014 adversari
520 972 708 1022 videtur,
738 974 807 1027 qui
838 973 1165 1013 Christianorum
1195 973 1380 1027 templa,
1415 973 1455 1011 in
1484 973 1633 1026 quibus

165 1043 308 1084 preces
345 1042 437 1070 suas
483 1028 774 1082 recitaverint,
816 1029 904 1083 lege
940 1029 1058 1069 vetiti
1103 1029 1390 1070 restitum-ese
1415 1041 1536 1082 posse
1561 1042 1635 1069 ne·-

194 1092 280 1126 ant.
385 1117 391 1126 ,

167 1100 194 1141 g
273 1139 328 1181 P.
360 1153 456 1190 ποι,
495 1153 559 1181 12.
616 1138 694 1179 τοῦ
719 1133 906 1190 βαιβόδα
920 1139 1139 1191 Βλαχείας
1167 1135 1397 1191 Μύλτζου]
1452 1138 1517 1178 Ut
1546 1139 1635 1178 Du-

166 1209 239 1236 σεε
267 1197 451 1236 narratio
467 1225 480 1247 ‚
523 1209 648 1250 quam
675 1193 728 1234 de
755 1193 948 1235 Valachis
983 1195 1052 1234 hic
1081 1203 1321 1250 prosecutus
1349 1201 1433 1250 est,
1463 1194 1542 1234 rite
1568 1195 1635 1233 in-

165 1251 398 1307 telligatur,
436 1249 674 1305 principum
707 1251 882 1290 istorum
920 1253 1066 1291 seriem
1104 1251 1404 1307 genealogicam
1441 1248 1636 1292 subiicie-

166 1321 284 1356 mus‚
314 1306 478 1363 qualem
508 1320 555 1347 ex
582 1312 691 1347 textu
718 1307 840 1360 ipsius
869 1306 1106 1361 colligimus.

212 1527 338 1563 Mnct
362 1537 426 1561 seu
437 1526 578 1561 Mnus
597 1526 643 1561 de
666 1537 739 1573 quo
1195 1527 1322 1563 Dauus

260 1585 337 1620 cap.
372 1586 414 1621 ¹9
440 1579 479 1609 et
499 1574 571 1609 hoc
596 1585 653 1620 29.
1263 1573 1271 1631 Ι

181 1631 837 1663 rw
897 1634 1636 1661 w

166 1677 210 1712 N.
237 1675 335 1710 filius
358 1675 493 1710 nothus
541 1676 716 1710 Ducum
744 1674 837 1708 alter
909 1675 1036 1709 nnus
1051 1686 1071 1708 a
1088 1675 1181 1708 Dra·
1228 1675 1276 1710 N.
1306 1675 1485 1709 aMorate
1512 1676 1551 1709 in
1562 1676 1636 1710 Va-

167 1735 189 1757 a
216 1723 320 1757 Dauo
340 1723 436 1757 Dani
452 1723 493 1761 F.
540 1722 638 1756 filius
682 1721 840 1763 nothus,
912 1723 994 1756 cula
1030 1722 1181 1756 occisus.
1229 1720 1387 1755 lachiam
1402 1727 1445 1756 ut
1465 1722 1499 1755 ei
1519 1724 1637 1769 impe-

167 1770 318 1805 occisus.
542 1769 758 1814 quiDanum
771 1769 844 1802 Da-
1224 1775 1321 1803 raret
1359 1770 1501 1810 missus,
1542 1776 1580 1804 et
1614 1783 1635 1804 a

550 1816 591 1850 ni
609 1816 647 1849 F.
663 1815 808 1850 occidit.
1226 1816 1384 1849 Dracula
1396 1816 1514 1851 vietus
1529 1818 1635 1852 etin-

1059 1837 1066 1917 Ι
1226 1863 1412 1897 tei-fectus.

728 1919 1418 1948 rw

697 1964 745 1999 N.
762 1975 782 1998 a
798 1964 962 1998 Iohanne
986 1963 1183 1996 Hunniade
1209 1968 1433 1998 excaecatus.

953 2011 1051 2045 Hist.
1079 2012 1202 2057 Hung.

166 2074 219 2116 de
247 2072 381 2114 Mirke
405 2076 447 2112 et
473 2070 594 2110 Dario
632 2069 837 2110 Iohannes
863 2069 1109 2109 Thwrozius
1137 2071 1180 2108 in
1211 2068 1430 2110 Chronicis
1460 2069 1634 2126 Hunga-

167 2129 266 2171 ricis
308 2142 414 2168 anno
450 2125 553 2179 ¹4¹5
595 2140 688 2179 cap.
725 2139 768 2179 ¹7
812 2125 1059 2164 mentionem
1094 2124 1219 2174 facit,
1265 2125 1409 2165 eodem
1436 2128 1635 2180 sanguine

167 2193 300 2234 natos,
321 2198 402 2224 non
418 2189 553 2222 tamen
586 2181 731 2221 fratres
750 2181 889 2231 fuisse3
918 2195 1096 2234 quorum
1117 2180 1191 2220 ‘hic
1206 2181 1439 2220 Tui-corum
1468 2183 1630 2233 auxilia,

166 2241 236 2282 ille
261 2239 510 2294 sigismundi
537 2251 659 2291 opem
694 2234 951 2289 imploravit.
1009 2236 1214 2276 Antonius
1241 2237 1395 2289 pariter
1423 2237 1635 2280 Bonfinius

167 2297 322 2337 Rerum
356 2296 581 2348 Hungaric.
629 2291 773 2332 decad.
813 2292 838 2331 3
867 2290 940 2330 lib.
975 2292 997 2332 3
1045 2306 1154 2332 anno
1197 2291 1300 2341 1415
1343 2293 1401 2332 sic
1429 2291 1631 2348 loquitur.

166 2352 212 2392 in
236 2365 365 2392 causa
397 2351 443 2390 V
439 2350 683 2390 alac-horum
705 2348 784 2387 duo
808 2347 940 2398 fuere
965 2349 1172 2402 principes
1188 2377 1200 2395 ‚
1231 2346 1359 2388 Daan
1391 2349 1503 2388 alter
1517 2378 1529 2399 ,
1560 2351 1632 2390 al..

167 2416 229 2447 ter
252 2406 412 2446 Merkes
440 2406 569 2445 diceus
599 2413 671 2450 est,
703 2411 865 2455 uterque
895 2404 1035 2442 eodem
1062 2403 1207 2456 gene‘re
1237 2411 1376 2443 natus.
1409 2403 1631 2447 dominan-

166 2464 214 2503 di
237 2463 374 2516 gratia
404 2470 463 2502 est
491 2469 588 2500 nata
617 2458 841 2501 discordia.
875 2457 1002 2498 Daan
1029 2473 1118 2498 cum
1147 2473 1186 2498 se
1213 2458 1366 2498 viribus
1391 2460 1633 2512 ity‘cn'orem

168 2533 250 2558 esse
293 2526 489 2567 cerneret,
525 2515 753 2570 praecipiti
787 2514 954 2553 consilio
992 2523 1138 2554 tractus
1175 2514 1234 2553 ad
1261 2514 1488 2555 Tur-carum
1515 2530 1631 2571 opem

167 2574 345 2627 cotfiigit
357 2588 372 2624 ,·
402 2586 432 2613 a
458 2572 600 2628 quibus
625 2570 792 2610 auxilia
805 2598 818 2617 ‚
848 2583 948 2625 quae
970 2571 1149 2624 petierat
1163 2598 1176 2621 ‚
1205 2566 1340 2623 facile
1367 2571 1601 2626 impetravit
1617 2604 1630 2623 ‚

167 2643 256 2669 cum
291 2627 554 2683 occupandae
594 2626 662 2665 illi
691 2625 856 2665 Daciae
891 2626 1151 2678 potissimam
1193 2627 1296 2666 hanc
1333 2639 1417 2666 esse
1443 2627 1635 2668 ducerent

168 2684 433 2724 occasionem.
463 2696 587 2737 quare
630 2690 673 2720 uc
700 2689 910 2733 cognatum
937 2681 1014 2719 sibi
1048 2682 1246 2732 itgsensum
1272 2695 1392 2734 regno
1421 2682 1628 2734 exigeret,

163 2741 364 2794 profanas
397 2740 572 2791 legiones
601 2736 778 2780 induxit.
842 2736 1011 2786 Merkes,
1043 2751 1094 2777 ne
1128 2737 1168 2776 T
1162 2751 1275 2777 umas
1302 2737 1484 2778 Daciam
1511 2738 1631 2779 inva-
