<?xml version="1.0" encoding="UTF-8"?>
<!DOCTYPE html PUBLIC "-//W3C//DTD XHTML 1.0 Transitional//EN"
    "http://www.w3.org/TR/xhtml1/DTD/xhtml1-transitional.dtd">
<html xmlns="http://www.w3.org/1999/xhtml" xml:lang="en" lang="en">
 <head>
  <title>
</title>
<meta http-equiv="Content-Type" content="text/html;charset=utf-8" />
  <meta name='ocr-system' content='tesseract 3.04.00' />
  <meta name='ocr-capabilities' content='ocr_page ocr_carea ocr_par ocr_line ocrx_word'/>
</head>
<body>
  <div class='ocr_page' id='page_1' title='image "./corpusscriptorum11niebuoft_0555.png"; bbox 0 0 1916 3210; ppageno 0'>
   <div class='ocr_carea' id='block_1_1' title="bbox 518 137 1648 215">
    <p class='ocr_par' dir='ltr' id='par_1_1' title="bbox 518 137 1648 215">
     <span class='ocr_line' id='line_1_1' title="bbox 518 137 1648 215; baseline -0.002 -17"><span class='ocrx_word' id='word_1_1' title='bbox 518 152 523 156; x_wconf 81' lang='lat'><strong>·</strong></span> <span class='ocrx_word' id='word_1_2' title='bbox 575 155 653 198; x_wconf 72' lang='lat' dir='ltr'>An</span> <span class='ocrx_word' id='word_1_3' title='bbox 693 155 813 200; x_wconf 59' lang='lat' dir='ltr'>car.</span> <span class='ocrx_word' id='word_1_4' title='bbox 856 160 917 199; x_wconf 74' lang='lat' dir='ltr'>n.v</span> <span class='ocrx_word' id='word_1_5' title='bbox 952 153 1173 201; x_wconf 53' lang='lat' dir='ltr'>nonae</span> <span class='ocrx_word' id='word_1_6' title='bbox 1537 137 1648 215; x_wconf 83' lang='lat'>537</span> 
     </span>
    </p>
   </div>
   <div class='ocr_carea' id='block_1_2' title="bbox 0 258 1783 2813">
    <p class='ocr_par' dir='ltr' id='par_1_2' title="bbox 0 258 1783 2813">
     <span class='ocr_line' id='line_1_2' title="bbox 191 258 1652 315; baseline -0.002 -11"><span class='ocrx_word' id='word_1_7' title='bbox 191 261 410 304; x_wconf 31' lang='lat' dir='ltr'>adnotavit*</span> <span class='ocrx_word' id='word_1_8' title='bbox 438 263 641 314; x_wconf 80' lang='lat' dir='ltr'>Gregoras</span> <span class='ocrx_word' id='word_1_9' title='bbox 688 258 761 299; x_wconf 87' lang='lat' dir='ltr'>lib.</span> <span class='ocrx_word' id='word_1_10' title='bbox 792 275 820 315; x_wconf 82' lang='lat'>9</span> <span class='ocrx_word' id='word_1_11' title='bbox 848 258 1041 301; x_wconf 86' lang='lat' dir='ltr'>monodia</span> <span class='ocrx_word' id='word_1_12' title='bbox 1069 260 1229 300; x_wconf 76' lang='lat' dir='ltr'>in‘eum</span> <span class='ocrx_word' id='word_1_13' title='bbox 1257 259 1439 314; x_wconf 79' lang='lat' dir='ltr'>scripta,</span> <span class='ocrx_word' id='word_1_14' title='bbox 1467 266 1508 300; x_wconf 89' lang='lat' dir='ltr'>et</span> <span class='ocrx_word' id='word_1_15' title='bbox 1529 259 1572 300; x_wconf 86' lang='lat' dir='ltr'>in</span> <span class='ocrx_word' id='word_1_16' title='bbox 1601 275 1652 302; x_wconf 90' lang='lat' dir='ltr'>eo</span> 
     </span>
     <span class='ocr_line' id='line_1_3' title="bbox 191 315 1650 370; baseline -0.001 -12"><span class='ocrx_word' id='word_1_17' title='bbox 191 331 291 359; x_wconf 59' lang='lat' dir='ltr'>cum&gt;</span> <span class='ocrx_word' id='word_1_18' title='bbox 317 317 405 358; x_wconf 76' lang='lat' dir='ltr'>aliis</span> <span class='ocrx_word' id='word_1_19' title='bbox 430 315 638 357; x_wconf 80' lang='lat' dir='ltr'>convenit.</span> <span class='ocrx_word' id='word_1_20' title='bbox 661 315 791 355; x_wconf 86' lang='lat' dir='ltr'>tradit</span> <span class='ocrx_word' id='word_1_21' title='bbox 819 316 1192 370; x_wconf 20' lang='lat' dir='ltr'>praeterea-ipsum</span> <span class='ocrx_word' id='word_1_22' title='bbox 1219 315 1381 357; x_wconf 83' lang='lat' dir='ltr'>vivente</span> <span class='ocrx_word' id='word_1_23' title='bbox 1409 322 1542 369; x_wconf 79' lang='lat' dir='ltr'>patre,</span> <span class='ocrx_word' id='word_1_24' title='bbox 1569 316 1650 357; x_wconf 91' lang='lat' dir='ltr'>Mi-</span> 
     </span>
     <span class='ocr_line' id='line_1_4' title="bbox 188 370 1651 425; baseline -0.002 -11"><span class='ocrx_word' id='word_1_25' title='bbox 188 371 330 414; x_wconf 85' lang='lat' dir='ltr'>chaele</span> <span class='ocrx_word' id='word_1_26' title='bbox 357 371 694 425; x_wconf 76' lang='lat' dir='ltr'>Palaeologornm</span> <span class='ocrx_word' id='word_1_27' title='bbox 723 371 886 424; x_wconf 78' lang='lat' dir='ltr'>primo,</span> <span class='ocrx_word' id='word_1_28' title='bbox 922 371 1207 425; x_wconf 80' lang='lat' dir='ltr'><strong>imperatorem</strong></span> <span class='ocrx_word' id='word_1_29' title='bbox 1232 370 1486 425; x_wconf 76' lang='lat' dir='ltr'>designatum</span> <span class='ocrx_word' id='word_1_30' title='bbox 1508 378 1548 411; x_wconf 89' lang='lat' dir='ltr'>et</span> <span class='ocrx_word' id='word_1_31' title='bbox 1576 386 1651 425; x_wconf 85' lang='lat' dir='ltr'>ap-</span> 
     </span>
     <span class='ocr_line' id='line_1_5' title="bbox 190 425 1651 482; baseline -0.001 -13"><span class='ocrx_word' id='word_1_32' title='bbox 190 427 386 482; x_wconf 80' lang='lat' dir='ltr'>pellatum</span> <span class='ocrx_word' id='word_1_33' title='bbox 425 440 535 476; x_wconf 86' lang='lat' dir='ltr'>esse,</span> <span class='ocrx_word' id='word_1_34' title='bbox 579 425 693 480; x_wconf 84' lang='lat' dir='ltr'>quod</span> <span class='ocrx_word' id='word_1_35' title='bbox 732 426 903 480; x_wconf 83' lang='lat' dir='ltr'>contigit</span> <span class='ocrx_word' id='word_1_36' title='bbox 940 429 1246 467; x_wconf 85' lang='lat' dir='ltr'>circa-annum</span> <span class='ocrx_word' id='word_1_37' title='bbox 1280 426 1398 467; x_wconf 45' lang='lat'>:281³</span> <span class='ocrx_word' id='word_1_38' title='bbox 1473 426 1651 467; x_wconf 82' lang='lat' dir='ltr'>Michacl</span> 
     </span>
     <span class='ocr_line' id='line_1_6' title="bbox 187 479 1653 534; baseline -0.001 -10"><span class='ocrx_word' id='word_1_39' title='bbox 187 482 391 524; x_wconf 75' lang='lat' dir='ltr'>secundus</span> <span class='ocrx_word' id='word_1_40' title='bbox 410 479 678 534; x_wconf 77' lang='lat' dir='ltr'>Palaeologus</span> <span class='ocrx_word' id='word_1_41' title='bbox 699 480 930 522; x_wconf 79' lang='lat' dir='ltr'>Andronici</span> <span class='ocrx_word' id='word_1_42' title='bbox 951 483 1020 530; x_wconf 72' lang='lat' dir='ltr'>R,</span> <span class='ocrx_word' id='word_1_43' title='bbox 1050 482 1236 522; x_wconf 77' lang='lat' dir='ltr'>tradente</span> <span class='ocrx_word' id='word_1_44' title='bbox 1267 482 1557 522; x_wconf 84' lang='lat' dir='ltr'>Cantaeuzeno</span> <span class='ocrx_word' id='word_1_45' title='bbox 1579 482 1653 524; x_wconf 87' lang='lat' dir='ltr'>lib.</span> 
     </span>
     <span class='ocr_line' id='line_1_7' title="bbox 195 536 1652 592; baseline -0.001 -12"><span class='ocrx_word' id='word_1_46' title='bbox 195 548 338 592; x_wconf 46' lang='lat' dir='ltr'>[acap-</span> <span class='ocrx_word' id='word_1_47' title='bbox 375 550 389 578; x_wconf 82' lang='grc' dir='ltr'>ι</span> <span class='ocrx_word' id='word_1_48' title='bbox 411 559 426 588; x_wconf 81' lang='lat'>,</span> <span class='ocrx_word' id='word_1_49' title='bbox 454 549 565 577; x_wconf 88' lang='lat' dir='ltr'>anno</span> <span class='ocrx_word' id='word_1_50' title='bbox 608 536 749 576; x_wconf 83' lang='lat' dir='ltr'>mundi</span> <span class='ocrx_word' id='word_1_51' title='bbox 775 536 887 591; x_wconf 79' lang='lat'>6829</span> <span class='ocrx_word' id='word_1_52' title='bbox 927 537 1127 578; x_wconf 80' lang='lat' dir='ltr'><strong>Octobris</strong></span> <span class='ocrx_word' id='word_1_53' title='bbox 1169 550 1217 578; x_wconf 78' lang='lat'>12</span> <span class='ocrx_word' id='word_1_54' title='bbox 1247 537 1372 578; x_wconf 88' lang='lat' dir='ltr'>vitam</span> <span class='ocrx_word' id='word_1_55' title='bbox 1399 552 1494 578; x_wconf 90' lang='lat' dir='ltr'>cum</span> <span class='ocrx_word' id='word_1_56' title='bbox 1521 546 1652 579; x_wconf 79' lang='lat' dir='ltr'>morte</span> 
     </span>
     <span class='ocr_line' id='line_1_8' title="bbox 191 591 1653 646; baseline -0.001 -11"><span class='ocrx_word' id='word_1_57' title='bbox 191 593 487 642; x_wconf 75' lang='lat' dir='ltr'><strong>cumulavit,</strong></span> <span class='ocrx_word' id='word_1_58' title='bbox 515 591 560 646; x_wconf 82' lang='lat' dir='ltr'>id</span> <span class='ocrx_word' id='word_1_59' title='bbox 589 597 678 641; x_wconf 79' lang='lat' dir='ltr'>est,</span> <span class='ocrx_word' id='word_1_60' title='bbox 710 605 820 632; x_wconf 89' lang='lat' dir='ltr'>anno</span> <span class='ocrx_word' id='word_1_61' title='bbox 850 592 1003 632; x_wconf 81' lang='lat' dir='ltr'><strong>Christi</strong></span> <span class='ocrx_word' id='word_1_62' title='bbox 1042 594 1142 634; x_wconf 78' lang='lat'><strong>1520</strong></span> <span class='ocrx_word' id='word_1_63' title='bbox 1160 622 1173 645; x_wconf 93' lang='lat'>‚</span> <span class='ocrx_word' id='word_1_64' title='bbox 1202 607 1285 632; x_wconf 88' lang='lat' dir='ltr'>non</span> <span class='ocrx_word' id='word_1_65' title='bbox 1309 606 1412 633; x_wconf 86' lang='lat' dir='ltr'>vero</span> <span class='ocrx_word' id='word_1_66' title='bbox 1450 593 1544 634; x_wconf 81' lang='lat'>132¹</span> <span class='ocrx_word' id='word_1_67' title='bbox 1563 622 1576 645; x_wconf 92' lang='lat'>,</span> <span class='ocrx_word' id='word_1_68' title='bbox 1606 601 1653 634; x_wconf 90' lang='lat' dir='ltr'>ut</span> 
     </span>
     <span class='ocr_line' id='line_1_9' title="bbox 187 646 1651 704; baseline -0.001 -14"><span class='ocrx_word' id='word_1_69' title='bbox 187 650 230 690; x_wconf 85' lang='lat' dir='ltr'>in</span> <span class='ocrx_word' id='word_1_70' title='bbox 259 649 440 690; x_wconf 72' lang='lat' dir='ltr'>editione</span> <span class='ocrx_word' id='word_1_71' title='bbox 461 646 681 688; x_wconf 80' lang='lat' dir='ltr'>Pnrisiensi</span> <span class='ocrx_word' id='word_1_72' title='bbox 698 648 1006 703; x_wconf 82' lang='lat' dir='ltr'>-typographiae</span> <span class='ocrx_word' id='word_1_73' title='bbox 1036 648 1185 704; x_wconf 80' lang='lat' dir='ltr'>Regiae</span> <span class='ocrx_word' id='word_1_74' title='bbox 1213 648 1255 688; x_wconf 86' lang='lat' dir='ltr'>in</span> <span class='ocrx_word' id='word_1_75' title='bbox 1287 649 1469 703; x_wconf 79' lang='lat' dir='ltr'><strong>margine</strong></span> <span class='ocrx_word' id='word_1_76' title='bbox 1497 648 1651 689; x_wconf 89' lang='lat' dir='ltr'>adscri-</span> 
     </span>
     <span class='ocr_line' id='line_1_10' title="bbox 217 701 1652 760; baseline -0.001 -15"><span class='ocrx_word' id='word_1_77' title='bbox 217 711 308 746; x_wconf 85' lang='lat' dir='ltr'>tum</span> <span class='ocrx_word' id='word_1_78' title='bbox 333 710 411 745; x_wconf 75' lang='lat' dir='ltr'>est.-</span> <span class='ocrx_word' id='word_1_79' title='bbox 438 709 481 744; x_wconf 83' lang='lat' dir='ltr'>at</span> <span class='ocrx_word' id='word_1_80' title='bbox 508 717 556 743; x_wconf 86' lang='lat' dir='ltr'>ex</span> <span class='ocrx_word' id='word_1_81' title='bbox 574 701 749 756; x_wconf 89' lang='lat' dir='ltr'>Niceph.</span> <span class='ocrx_word' id='word_1_82' title='bbox 771 702 899 758; x_wconf 82' lang='lat' dir='ltr'>Greg.</span> <span class='ocrx_word' id='word_1_83' title='bbox 934 704 974 743; x_wconf 89' lang='lat' dir='ltr'>in</span> <span class='ocrx_word' id='word_1_84' title='bbox 995 703 1065 748; x_wconf 76' lang='lat' dir='ltr'>lib.</span> <span class='ocrx_word' id='word_1_85' title='bbox 1085 720 1108 760; x_wconf 83' lang='lat'><em>7</em></span> <span class='ocrx_word' id='word_1_86' title='bbox 1140 703 1251 744; x_wconf 88' lang='lat' dir='ltr'>calce</span> <span class='ocrx_word' id='word_1_87' title='bbox 1278 718 1410 744; x_wconf 88' lang='lat' dir='ltr'>annus</span> <span class='ocrx_word' id='word_1_88' title='bbox 1436 702 1540 744; x_wconf 85' lang='lat' dir='ltr'>alius</span> <span class='ocrx_word' id='word_1_89' title='bbox 1566 703 1652 744; x_wconf 87' lang='lat' dir='ltr'>col·-</span> 
     </span>
     <span class='ocr_line' id='line_1_11' title="bbox 204 758 1650 816; baseline 0 -16"><span class='ocrx_word' id='word_1_90' title='bbox 204 761 260 816; x_wconf 49' lang='lat' dir='ltr'>ig·</span> <span class='ocrx_word' id='word_1_91' title='bbox 279 765 435 814; x_wconf 79' lang='lat' dir='ltr'>petest.</span> <span class='ocrx_word' id='word_1_92' title='bbox 467 765 609 799; x_wconf 85' lang='lat' dir='ltr'>narrat</span> <span class='ocrx_word' id='word_1_93' title='bbox 635 759 790 812; x_wconf 84' lang='lat' dir='ltr'>quippe</span> <span class='ocrx_word' id='word_1_94' title='bbox 834 758 1028 800; x_wconf 87' lang='lat' dir='ltr'>Iohannis</span> <span class='ocrx_word' id='word_1_95' title='bbox 1057 759 1175 815; x_wconf 88' lang='lat' dir='ltr'>Glyci</span> <span class='ocrx_word' id='word_1_96' title='bbox 1203 760 1459 814; x_wconf 78' lang='lat' dir='ltr'>patriarchae</span> <span class='ocrx_word' id='word_1_97' title='bbox 1488 774 1596 800; x_wconf 89' lang='lat' dir='ltr'>anno</span> <span class='ocrx_word' id='word_1_98' title='bbox 1626 774 1650 800; x_wconf 77' lang='lat' dir='ltr'>a</span> 
     </span>
     <span class='ocr_line' id='line_1_12' title="bbox 187 813 1649 863; baseline 0 -7"><span class='ocrx_word' id='word_1_99' title='bbox 187 814 421 856; x_wconf 84' lang='lat' dir='ltr'>vehementi</span> <span class='ocrx_word' id='word_1_100' title='bbox 459 814 588 854; x_wconf 85' lang='lat' dir='ltr'>Borea</span> <span class='ocrx_word' id='word_1_101' title='bbox 626 813 748 853; x_wconf 84' lang='lat' dir='ltr'>flante</span> <span class='ocrx_word' id='word_1_102' title='bbox 787 829 950 855; x_wconf 88' lang='lat' dir='ltr'>crucem</span> <span class='ocrx_word' id='word_1_103' title='bbox 996 829 1019 855; x_wconf 92' lang='lat' dir='ltr'>e</span> <span class='ocrx_word' id='word_1_104' title='bbox 1051 815 1242 856; x_wconf 88' lang='lat' dir='ltr'>manibus</span> <span class='ocrx_word' id='word_1_105' title='bbox 1276 822 1434 855; x_wconf 80' lang='lat' dir='ltr'>statuae</span> <span class='ocrx_word' id='word_1_106' title='bbox 1473 830 1649 863; x_wconf 75' lang='lat' dir='ltr'>aeneae,</span> 
     </span>
     <span class='ocr_line' id='line_1_13' title="bbox 187 869 1653 926; baseline 0 -15"><span class='ocrx_word' id='word_1_107' title='bbox 187 879 296 926; x_wconf 75' lang='lat' dir='ltr'>quae</span> <span class='ocrx_word' id='word_1_108' title='bbox 334 869 552 911; x_wconf 78' lang='lat' dir='ltr'>columnae</span> <span class='ocrx_word' id='word_1_109' title='bbox 588 870 772 922; x_wconf 81' lang='lat' dir='ltr'>imposita</span> <span class='ocrx_word' id='word_1_110' title='bbox 813 876 908 910; x_wconf 90' lang='lat' dir='ltr'>ante</span> <span class='ocrx_word' id='word_1_111' title='bbox 956 870 1203 911; x_wconf 88' lang='lat' dir='ltr'>vestibulum</span> <span class='ocrx_word' id='word_1_112' title='bbox 1230 870 1372 925; x_wconf 86' lang='lat' dir='ltr'>templi</span> <span class='ocrx_word' id='word_1_113' title='bbox 1394 871 1438 911; x_wconf 91' lang='lat' dir='ltr'>S.</span> <span class='ocrx_word' id='word_1_114' title='bbox 1471 871 1653 925; x_wconf 85' lang='lat' dir='ltr'>Sophiae</span> 
     </span>
     <span class='ocr_line' id='line_1_14' title="bbox 186 925 1655 976; baseline 0 -10"><span class='ocrx_word' id='word_1_115' title='bbox 186 926 350 975; x_wconf 82' lang='lat' dir='ltr'>stabat,</span> <span class='ocrx_word' id='word_1_116' title='bbox 392 939 602 966; x_wconf 83' lang='lat' dir='ltr'>excussam</span> <span class='ocrx_word' id='word_1_117' title='bbox 638 925 761 965; x_wconf 82' lang='lat' dir='ltr'>fuisse</span> <span class='ocrx_word' id='word_1_118' title='bbox 803 940 911 966; x_wconf 86' lang='lat' dir='ltr'>anno</span> <span class='ocrx_word' id='word_1_119' title='bbox 956 926 1099 967; x_wconf 89' lang='lat' dir='ltr'>mundi</span> <span class='ocrx_word' id='word_1_120' title='bbox 1135 926 1272 976; x_wconf 79' lang='lat'>6825,</span> <span class='ocrx_word' id='word_1_121' title='bbox 1315 926 1358 967; x_wconf 87' lang='lat' dir='ltr'>id</span> <span class='ocrx_word' id='word_1_122' title='bbox 1404 933 1490 976; x_wconf 91' lang='lat' dir='ltr'>est,</span> <span class='ocrx_word' id='word_1_123' title='bbox 1543 941 1655 967; x_wconf 89' lang='lat' dir='ltr'>anno</span> 
     </span>
     <span class='ocr_line' id='line_1_15' title="bbox 185 979 1651 1038; baseline 0 -16"><span class='ocrx_word' id='word_1_124' title='bbox 185 981 337 1022; x_wconf 81' lang='lat' dir='ltr'>Christi</span> <span class='ocrx_word' id='word_1_125' title='bbox 372 980 477 1021; x_wconf 77' lang='lat'>1516</span> <span class='ocrx_word' id='word_1_126' title='bbox 505 995 528 1022; x_wconf 85' lang='lat' dir='ltr'>a</span> <span class='ocrx_word' id='word_1_127' title='bbox 566 979 664 1020; x_wconf 89' lang='lat' dir='ltr'>Kal.</span> <span class='ocrx_word' id='word_1_128' title='bbox 704 981 912 1035; x_wconf 81' lang='lat' dir='ltr'>Septemb.</span> <span class='ocrx_word' id='word_1_129' title='bbox 960 981 1014 1022; x_wconf 90' lang='lat' dir='ltr'>ad</span> <span class='ocrx_word' id='word_1_130' title='bbox 1055 983 1213 1023; x_wconf 88' lang='lat' dir='ltr'>easdem</span> <span class='ocrx_word' id='word_1_131' title='bbox 1251 982 1349 1022; x_wconf 86' lang='lat' dir='ltr'>Kal.</span> <span class='ocrx_word' id='word_1_132' title='bbox 1390 983 1489 1023; x_wconf 88' lang='lat' dir='ltr'>anni</span> <span class='ocrx_word' id='word_1_133' title='bbox 1531 983 1651 1038; x_wconf 71' lang='lat'>¹3¹7·</span> 
     </span>
     <span class='ocr_line' id='line_1_16' title="bbox 186 1036 1654 1092; baseline 0 -14"><span class='ocrx_word' id='word_1_134' title='bbox 186 1037 312 1092; x_wconf 86' lang='lat' dir='ltr'>paulo</span> <span class='ocrx_word' id='word_1_135' title='bbox 339 1043 433 1092; x_wconf 86' lang='lat' dir='ltr'>post</span> <span class='ocrx_word' id='word_1_136' title='bbox 457 1036 557 1077; x_wconf 88' lang='lat' dir='ltr'>dicit</span> <span class='ocrx_word' id='word_1_137' title='bbox 591 1037 741 1076; x_wconf 76' lang='lat' dir='ltr'>irenen</span> <span class='ocrx_word' id='word_1_138' title='bbox 770 1051 816 1076; x_wconf 89' lang='lat' dir='ltr'>ex</span> <span class='ocrx_word' id='word_1_139' title='bbox 836 1036 1054 1079; x_wconf 86' lang='lat' dir='ltr'>Alemania</span> <span class='ocrx_word' id='word_1_140' title='bbox 1085 1037 1321 1079; x_wconf 84' lang='lat' dir='ltr'>Andronico</span> <span class='ocrx_word' id='word_1_141' title='bbox 1346 1038 1503 1078; x_wconf 86' lang='lat' dir='ltr'>iuniori</span> <span class='ocrx_word' id='word_1_142' title='bbox 1528 1052 1654 1078; x_wconf 88' lang='lat' dir='ltr'>avum</span> 
     </span>
     <span class='ocr_line' id='line_1_17' title="bbox 187 1091 1656 1148; baseline -0.001 -15"><span class='ocrx_word' id='word_1_143' title='bbox 187 1091 452 1146; x_wconf 83' lang='lat' dir='ltr'>despondisse</span> <span class='ocrx_word' id='word_1_144' title='bbox 469 1122 481 1142; x_wconf 92' lang='lat'>‚</span> <span class='ocrx_word' id='word_1_145' title='bbox 521 1091 766 1132; x_wconf 80' lang='lat' dir='ltr'>Michaelem</span> <span class='ocrx_word' id='word_1_146' title='bbox 805 1092 953 1133; x_wconf 89' lang='lat' dir='ltr'>deinde</span> <span class='ocrx_word' id='word_1_147' title='bbox 995 1094 1286 1148; x_wconf 85' lang='lat' dir='ltr'>imperatorem</span> <span class='ocrx_word' id='word_1_148' title='bbox 1318 1091 1656 1133; x_wconf 81' lang='lat' dir='ltr'>Thessalonicam</span> 
     </span>
     <span class='ocr_line' id='line_1_18' title="bbox 185 1146 1647 1202; baseline 0.001 -13"><span class='ocrx_word' id='word_1_149' title='bbox 185 1149 362 1199; x_wconf 82' lang='lat' dir='ltr'>abiisse,</span> <span class='ocrx_word' id='word_1_150' title='bbox 409 1154 450 1188; x_wconf 87' lang='lat' dir='ltr'>et</span> <span class='ocrx_word' id='word_1_151' title='bbox 492 1161 603 1189; x_wconf 84' lang='lat' dir='ltr'>anno</span> <span class='ocrx_word' id='word_1_152' title='bbox 645 1146 705 1187; x_wconf 89' lang='lat' dir='ltr'>ihi</span> <span class='ocrx_word' id='word_1_153' title='bbox 731 1156 870 1188; x_wconf 89' lang='lat' dir='ltr'>exacto</span> <span class='ocrx_word' id='word_1_154' title='bbox 900 1148 1020 1189; x_wconf 89' lang='lat' dir='ltr'>rebus</span> <span class='ocrx_word' id='word_1_155' title='bbox 1066 1149 1255 1189; x_wconf 90' lang='lat' dir='ltr'>humanis</span> <span class='ocrx_word' id='word_1_156' title='bbox 1285 1155 1516 1202; x_wconf 87' lang='lat' dir='ltr'>exemptum</span> <span class='ocrx_word' id='word_1_157' title='bbox 1544 1163 1647 1190; x_wconf 85' lang='lat' dir='ltr'>esse.</span> 
     </span>
     <span class='ocr_line' id='line_1_19' title="bbox 184 1202 1653 1259; baseline -0.002 -15"><span class='ocrx_word' id='word_1_158' title='bbox 184 1217 232 1244; x_wconf 85' lang='lat' dir='ltr'>ex</span> <span class='ocrx_word' id='word_1_159' title='bbox 258 1203 408 1258; x_wconf 87' lang='lat' dir='ltr'>quibus</span> <span class='ocrx_word' id='word_1_160' title='bbox 448 1216 602 1245; x_wconf 87' lang='lat' dir='ltr'>annum</span> <span class='ocrx_word' id='word_1_161' title='bbox 646 1202 758 1244; x_wconf 88' lang='lat' dir='ltr'>orbis</span> <span class='ocrx_word' id='word_1_162' title='bbox 785 1202 892 1259; x_wconf 77' lang='lat'><strong>6827</strong></span> <span class='ocrx_word' id='word_1_163' title='bbox 912 1233 924 1254; x_wconf 91' lang='lat'><strong><em>,</em></strong></span> <span class='ocrx_word' id='word_1_164' title='bbox 956 1204 1108 1245; x_wconf 85' lang='lat' dir='ltr'>Christi</span> <span class='ocrx_word' id='word_1_165' title='bbox 1145 1206 1248 1259; x_wconf 81' lang='lat'>13¹9</span> <span class='ocrx_word' id='word_1_166' title='bbox 1277 1203 1524 1244; x_wconf 86' lang='lat' dir='ltr'>concludere</span> <span class='ocrx_word' id='word_1_167' title='bbox 1553 1219 1653 1258; x_wconf 88' lang='lat' dir='ltr'>pos..</span> 
     </span>
     <span class='ocr_line' id='line_1_20' title="bbox 184 1258 1655 1315; baseline 0.001 -15"><span class='ocrx_word' id='word_1_168' title='bbox 184 1273 341 1300; x_wconf 83' lang='lat' dir='ltr'>sumus.</span> <span class='ocrx_word' id='word_1_169' title='bbox 373 1265 643 1299; x_wconf 84' lang='lat' dir='ltr'>veruntamen</span> <span class='ocrx_word' id='word_1_170' title='bbox 673 1258 978 1312; x_wconf 83' lang='lat' dir='ltr'>Cantacuzeno,</span> <span class='ocrx_word' id='word_1_171' title='bbox 1008 1262 1078 1315; x_wconf 90' lang='lat' dir='ltr'>qui</span> <span class='ocrx_word' id='word_1_172' title='bbox 1107 1274 1262 1302; x_wconf 87' lang='lat' dir='ltr'>annum</span> <span class='ocrx_word' id='word_1_173' title='bbox 1296 1266 1337 1300; x_wconf 86' lang='lat' dir='ltr'>et</span> <span class='ocrx_word' id='word_1_174' title='bbox 1367 1259 1477 1300; x_wconf 87' lang='lat' dir='ltr'>diem</span> <span class='ocrx_word' id='word_1_175' title='bbox 1499 1259 1655 1301; x_wconf 84' lang='lat' dir='ltr'>adscri-</span> 
     </span>
     <span class='ocr_line' id='line_1_21' title="bbox 185 1314 656 1370; baseline -0.002 -15"><span class='ocrx_word' id='word_1_176' title='bbox 185 1317 292 1370; x_wconf 83' lang='lat' dir='ltr'>psit,</span> <span class='ocrx_word' id='word_1_177' title='bbox 325 1314 656 1355; x_wconf 77' lang='lat' dir='ltr'>adhaerebimus.</span> 
     </span>
     <span class='ocr_line' id='line_1_22' title="bbox 163 1365 1654 1426; baseline 0 -16"><span class='ocrx_word' id='word_1_178' title='bbox 163 1388 166 1392; x_wconf 91' lang='lat'><em>·</em></span> <span class='ocrx_word' id='word_1_179' title='bbox 296 1369 347 1410; x_wconf 90' lang='lat' dir='ltr'>P.</span> <span class='ocrx_word' id='word_1_180' title='bbox 366 1368 428 1422; x_wconf 70' lang='lat'>14,</span> <span class='ocrx_word' id='word_1_181' title='bbox 439 1369 478 1412; x_wconf 85' lang='lat'>5.</span> <span class='ocrx_word' id='word_1_182' title='bbox 506 1365 616 1421; x_wconf 74' lang='grc' dir='ltr'>μετὰ</span> <span class='ocrx_word' id='word_1_183' title='bbox 637 1368 684 1410; x_wconf 80' lang='grc' dir='ltr'>δὲ</span> <span class='ocrx_word' id='word_1_184' title='bbox 703 1365 775 1410; x_wconf 79' lang='grc' dir='ltr'>τὸν</span> <span class='ocrx_word' id='word_1_185' title='bbox 787 1366 1068 1423; x_wconf 80' lang='grc' dir='ltr'><em>Ἀνδρόνικον</em></span> <span class='ocrx_word' id='word_1_186' title='bbox 1083 1366 1280 1424; x_wconf 75' lang='grc' dir='ltr'><em>Ἰωάννης</em></span> <span class='ocrx_word' id='word_1_187' title='bbox 1296 1366 1319 1410; x_wconf 79' lang='grc' dir='ltr'>ὅ</span> <span class='ocrx_word' id='word_1_188' title='bbox 1339 1366 1654 1426; x_wconf 79' lang='grc' dir='ltr'><strong><em>Παλαιολὸγος]</em></strong></span> 
     </span>
     <span class='ocr_line' id='line_1_23' title="bbox 182 1424 1657 1480; baseline -0.001 -13"><span class='ocrx_word' id='word_1_189' title='bbox 182 1425 451 1467; x_wconf 81' lang='lat' dir='ltr'>Andronicus</span> <span class='ocrx_word' id='word_1_190' title='bbox 480 1427 617 1465; x_wconf 88' lang='lat' dir='ltr'>iunior</span> <span class='ocrx_word' id='word_1_191' title='bbox 636 1424 765 1465; x_wconf 84' lang='lat' dir='ltr'>filium</span> <span class='ocrx_word' id='word_1_192' title='bbox 786 1439 905 1464; x_wconf 88' lang='lat' dir='ltr'>suum</span> <span class='ocrx_word' id='word_1_193' title='bbox 923 1439 1047 1480; x_wconf 86' lang='lat' dir='ltr'>quem</span> <span class='ocrx_word' id='word_1_194' title='bbox 1068 1440 1115 1465; x_wconf 86' lang='lat' dir='ltr'>ex</span> <span class='ocrx_word' id='word_1_195' title='bbox 1134 1425 1272 1474; x_wconf 88' lang='lat' dir='ltr'>Anna,</span> <span class='ocrx_word' id='word_1_196' title='bbox 1297 1433 1438 1467; x_wconf 84' lang='lat' dir='ltr'>nostro</span> <span class='ocrx_word' id='word_1_197' title='bbox 1461 1425 1657 1466; x_wconf 83' lang='lat' dir='ltr'>Aleman-</span> 
     </span>
     <span class='ocr_line' id='line_1_24' title="bbox 190 1480 1655 1535; baseline -0.001 -13"><span class='ocrx_word' id='word_1_198' title='bbox 190 1495 276 1532; x_wconf 83' lang='lat' dir='ltr'>na,</span> <span class='ocrx_word' id='word_1_199' title='bbox 314 1482 603 1522; x_wconf 80' lang='lat' dir='ltr'>Cantacuzeno</span> <span class='ocrx_word' id='word_1_200' title='bbox 644 1494 667 1519; x_wconf 88' lang='lat' dir='ltr'>c</span> <span class='ocrx_word' id='word_1_201' title='bbox 696 1480 924 1531; x_wconf 81' lang='lat' dir='ltr'>sabaudia,</span> <span class='ocrx_word' id='word_1_202' title='bbox 972 1480 1061 1521; x_wconf 87' lang='lat' dir='ltr'>aliis</span> <span class='ocrx_word' id='word_1_203' title='bbox 1102 1480 1341 1533; x_wconf 80' lang='lat' dir='ltr'>Pannonia,</span> <span class='ocrx_word' id='word_1_204' title='bbox 1385 1488 1655 1535; x_wconf 85' lang='lat' dir='ltr'>susceperat,</span> 
     </span>
     <span class='ocr_line' id='line_1_25' title="bbox 188 1534 1659 1592; baseline 0.001 -15"><span class='ocrx_word' id='word_1_205' title='bbox 188 1536 351 1591; x_wconf 84' lang='lat' dir='ltr'>imperii</span> <span class='ocrx_word' id='word_1_206' title='bbox 378 1536 568 1578; x_wconf 88' lang='lat' dir='ltr'>heredem</span> <span class='ocrx_word' id='word_1_207' title='bbox 601 1534 787 1590; x_wconf 85' lang='lat' dir='ltr'>reliquit.</span> <span class='ocrx_word' id='word_1_208' title='bbox 857 1536 1058 1576; x_wconf 88' lang='lat' dir='ltr'>Iohannes</span> <span class='ocrx_word' id='word_1_209' title='bbox 1087 1536 1329 1578; x_wconf 88' lang='lat' dir='ltr'>Andronico</span> <span class='ocrx_word' id='word_1_210' title='bbox 1359 1537 1542 1578; x_wconf 85' lang='lat' dir='ltr'>nascitur</span> <span class='ocrx_word' id='word_1_211' title='bbox 1570 1545 1659 1592; x_wconf 89' lang='lat' dir='ltr'>post</span> 
     </span>
     <span class='ocr_line' id='line_1_26' title="bbox 186 1591 1658 1645; baseline -0.001 -12"><span class='ocrx_word' id='word_1_212' title='bbox 186 1594 252 1633; x_wconf 87' lang='lat' dir='ltr'>avi</span> <span class='ocrx_word' id='word_1_213' title='bbox 282 1591 510 1633; x_wconf 86' lang='lat' dir='ltr'>Andronici</span> <span class='ocrx_word' id='word_1_214' title='bbox 539 1591 697 1632; x_wconf 86' lang='lat' dir='ltr'>obitum</span> <span class='ocrx_word' id='word_1_215' title='bbox 726 1605 835 1631; x_wconf 89' lang='lat' dir='ltr'>anno</span> <span class='ocrx_word' id='word_1_216' title='bbox 865 1591 1001 1644; x_wconf 75' lang='lat'><strong>6840,</strong></span> <span class='ocrx_word' id='word_1_217' title='bbox 1030 1591 1179 1632; x_wconf 81' lang='lat' dir='ltr'>Clu-isti</span> <span class='ocrx_word' id='word_1_218' title='bbox 1215 1594 1335 1644; x_wconf 78' lang='lat'><strong>1532,</strong></span> <span class='ocrx_word' id='word_1_219' title='bbox 1365 1593 1472 1633; x_wconf 87' lang='lat' dir='ltr'>lunii</span> <span class='ocrx_word' id='word_1_220' title='bbox 1503 1593 1570 1632; x_wconf 87' lang='lat' dir='ltr'>die</span> <span class='ocrx_word' id='word_1_221' title='bbox 1595 1593 1658 1645; x_wconf 83' lang='lat'>18,</span> 
     </span>
     <span class='ocr_line' id='line_1_27' title="bbox 188 1646 1656 1701; baseline -0.001 -16.105"><span class='ocrx_word' id='word_1_222' title='bbox 188 1655 235 1688; x_wconf 83' lang='lat' dir='ltr'>ut</span> <span class='ocrx_word' id='word_1_223' title='bbox 261 1647 476 1688; x_wconf 77' lang='lat' dir='ltr'>adnotavit</span> <span class='ocrx_word' id='word_1_224' title='bbox 517 1650 722 1701; x_wconf 86' lang='lat' dir='ltr'>Gregoras</span> <span class='ocrx_word' id='word_1_225' title='bbox 752 1646 825 1686; x_wconf 89' lang='lat' dir='ltr'>lib.</span> <span class='ocrx_word' id='word_1_226' title='bbox 862 1661 908 1687; x_wconf 83' lang='lat'>10</span> <span class='ocrx_word' id='word_1_227' title='bbox 937 1662 1031 1701; x_wconf 87' lang='lat' dir='ltr'>cap.</span> <span class='ocrx_word' id='word_1_228' title='bbox 1062 1648 1104 1687; x_wconf 84' lang='lat'>5.</span> <span class='ocrx_word' id='word_1_229' title='bbox 1137 1647 1240 1688; x_wconf 88' lang='lat' dir='ltr'>obiit</span> <span class='ocrx_word' id='word_1_230' title='bbox 1267 1655 1407 1688; x_wconf 86' lang='lat' dir='ltr'>autem</span> <span class='ocrx_word' id='word_1_231' title='bbox 1437 1648 1656 1688; x_wconf 89' lang='lat' dir='ltr'>Androni..</span> 
     </span>
     <span class='ocr_line' id='line_1_28' title="bbox 0 1671 1657 1758; baseline 0.001 -16"><span class='ocrx_word' id='word_1_232' title='bbox 0 1671 24 1756; x_wconf 44' lang='grc' dir='ltr'>ἓ</span> <span class='ocrx_word' id='word_1_233' title='bbox 184 1717 258 1743; x_wconf 84' lang='lat' dir='ltr'>cus</span> <span class='ocrx_word' id='word_1_234' title='bbox 285 1704 424 1743; x_wconf 87' lang='lat' dir='ltr'>iunior</span> <span class='ocrx_word' id='word_1_235' title='bbox 466 1717 576 1743; x_wconf 86' lang='lat' dir='ltr'>anno</span> <span class='ocrx_word' id='word_1_236' title='bbox 604 1700 751 1742; x_wconf 86' lang='lat' dir='ltr'>mundi</span> <span class='ocrx_word' id='word_1_237' title='bbox 779 1702 916 1757; x_wconf 77' lang='grc'><strong>6849,</strong></span> <span class='ocrx_word' id='word_1_238' title='bbox 958 1703 1109 1743; x_wconf 83' lang='lat' dir='ltr'>Christi</span> <span class='ocrx_word' id='word_1_239' title='bbox 1149 1704 1246 1755; x_wconf 70' lang='lat'>1541</span> <span class='ocrx_word' id='word_1_240' title='bbox 1274 1734 1285 1752; x_wconf 93' lang='lat'><strong>‚</strong></span> <span class='ocrx_word' id='word_1_241' title='bbox 1312 1705 1370 1745; x_wconf 87' lang='lat' dir='ltr'>ita</span> <span class='ocrx_word' id='word_1_242' title='bbox 1396 1711 1443 1744; x_wconf 89' lang='lat' dir='ltr'>ut</span> <span class='ocrx_word' id='word_1_243' title='bbox 1469 1703 1657 1758; x_wconf 85' lang='lat' dir='ltr'>impubes</span> 
     </span>
     <span class='ocr_line' id='line_1_29' title="bbox 187 1757 1655 1813; baseline 0.001 -16"><span class='ocrx_word' id='word_1_244' title='bbox 187 1758 411 1798; x_wconf 86' lang='lat' dir='ltr'>admodum</span> <span class='ocrx_word' id='word_1_245' title='bbox 446 1765 549 1798; x_wconf 86' lang='lat' dir='ltr'>esset</span> <span class='ocrx_word' id='word_1_246' title='bbox 574 1757 804 1808; x_wconf 82' lang='lat' dir='ltr'>lohannes,</span> <span class='ocrx_word' id='word_1_247' title='bbox 847 1772 1002 1796; x_wconf 90' lang='lat' dir='ltr'>annum</span> <span class='ocrx_word' id='word_1_248' title='bbox 1034 1772 1157 1813; x_wconf 85' lang='lat' dir='ltr'>agens</span> <span class='ocrx_word' id='word_1_249' title='bbox 1185 1773 1278 1798; x_wconf 89' lang='lat' dir='ltr'>cum</span> <span class='ocrx_word' id='word_1_250' title='bbox 1307 1760 1525 1812; x_wconf 86' lang='lat' dir='ltr'>imperium</span> <span class='ocrx_word' id='word_1_251' title='bbox 1556 1759 1655 1799; x_wconf 90' lang='lat' dir='ltr'>ade-</span> 
     </span>
     <span class='ocr_line' id='line_1_30' title="bbox 186 1812 1651 1867; baseline 0 -14"><span class='ocrx_word' id='word_1_252' title='bbox 186 1821 279 1867; x_wconf 86' lang='lat' dir='ltr'>ptus</span> <span class='ocrx_word' id='word_1_253' title='bbox 312 1820 373 1854; x_wconf 80' lang='lat' dir='ltr'>est</span> <span class='ocrx_word' id='word_1_254' title='bbox 410 1827 596 1865; x_wconf 81' lang='lat' dir='ltr'>nonum3</span> <span class='ocrx_word' id='word_1_255' title='bbox 643 1812 753 1866; x_wconf 89' lang='lat' dir='ltr'>quod</span> <span class='ocrx_word' id='word_1_256' title='bbox 785 1812 907 1853; x_wconf 88' lang='lat' dir='ltr'>etiam</span> <span class='ocrx_word' id='word_1_257' title='bbox 938 1813 1060 1852; x_wconf 89' lang='lat' dir='ltr'>fuisse</span> <span class='ocrx_word' id='word_1_258' title='bbox 1087 1813 1212 1854; x_wconf 84' lang='lat' dir='ltr'>tradit</span> <span class='ocrx_word' id='word_1_259' title='bbox 1241 1815 1548 1860; x_wconf 82' lang='lat' dir='ltr'>Cantacuzenus</span> <span class='ocrx_word' id='word_1_260' title='bbox 1577 1814 1651 1854; x_wconf 89' lang='lat' dir='ltr'>lib.</span> 
     </span>
     <span class='ocr_line' id='line_1_31' title="bbox 187 1867 1783 1923; baseline 0.001 -15"><span class='ocrx_word' id='word_1_261' title='bbox 187 1869 213 1908; x_wconf 78' lang='lat'>3</span> <span class='ocrx_word' id='word_1_262' title='bbox 243 1882 336 1922; x_wconf 82' lang='lat' dir='ltr'>cap.</span> <span class='ocrx_word' id='word_1_263' title='bbox 372 1882 428 1908; x_wconf 84' lang='lat'>2.-</span> <span class='ocrx_word' id='word_1_264' title='bbox 455 1867 725 1923; x_wconf 90' lang='lat' dir='ltr'>quamobrem</span> <span class='ocrx_word' id='word_1_265' title='bbox 766 1875 887 1921; x_wconf 89' lang='lat' dir='ltr'>pater</span> <span class='ocrx_word' id='word_1_266' title='bbox 931 1869 1109 1908; x_wconf 88' lang='lat' dir='ltr'>moriens</span> <span class='ocrx_word' id='word_1_267' title='bbox 1141 1869 1265 1909; x_wconf 85' lang='lat' dir='ltr'>rebus</span> <span class='ocrx_word' id='word_1_268' title='bbox 1296 1869 1453 1923; x_wconf 87' lang='lat' dir='ltr'>imperii</span> <span class='ocrx_word' id='word_1_269' title='bbox 1480 1870 1654 1910; x_wconf 85' lang='lat' dir='ltr'>admini-</span> <span class='ocrx_word' id='word_1_270' title='bbox 1666 1874 1783 1909; x_wconf 60' lang='lat'>2213</span> 
     </span>
     <span class='ocr_line' id='line_1_32' title="bbox 186 1922 1655 1966; baseline 0 -2"><span class='ocrx_word' id='word_1_271' title='bbox 186 1924 366 1965; x_wconf 82' lang='lat' dir='ltr'>strandis</span> <span class='ocrx_word' id='word_1_272' title='bbox 409 1930 591 1964; x_wconf 84' lang='lat' dir='ltr'>tutorem</span> <span class='ocrx_word' id='word_1_273' title='bbox 635 1930 877 1963; x_wconf 86' lang='lat' dir='ltr'>testamento</span> <span class='ocrx_word' id='word_1_274' title='bbox 907 1922 1021 1963; x_wconf 87' lang='lat' dir='ltr'>dedit</span> <span class='ocrx_word' id='word_1_275' title='bbox 1055 1923 1167 1964; x_wconf 88' lang='lat' dir='ltr'>hunc</span> <span class='ocrx_word' id='word_1_276' title='bbox 1196 1925 1418 1966; x_wconf 81' lang='lat' dir='ltr'>Iohannem</span> <span class='ocrx_word' id='word_1_277' title='bbox 1450 1925 1655 1965; x_wconf 87' lang='lat' dir='ltr'>Cantacu-</span> 
     </span>
     <span class='ocr_line' id='line_1_33' title="bbox 185 1977 1656 2035; baseline 0.002 -17"><span class='ocrx_word' id='word_1_278' title='bbox 185 1994 332 2020; x_wconf 84' lang='lat' dir='ltr'>zenum</span> <span class='ocrx_word' id='word_1_279' title='bbox 372 1993 566 2035; x_wconf 79' lang='lat' dir='ltr'>magnum</span> <span class='ocrx_word' id='word_1_280' title='bbox 596 1977 893 2030; x_wconf 85' lang='lat' dir='ltr'>domesticum,</span> <span class='ocrx_word' id='word_1_281' title='bbox 932 1978 1129 2019; x_wconf 86' lang='lat' dir='ltr'>historiae</span> <span class='ocrx_word' id='word_1_282' title='bbox 1157 1980 1240 2019; x_wconf 88' lang='lat' dir='ltr'>iam</span> <span class='ocrx_word' id='word_1_283' title='bbox 1271 1981 1429 2034; x_wconf 89' lang='lat' dir='ltr'>saepius</span> <span class='ocrx_word' id='word_1_284' title='bbox 1461 1981 1656 2034; x_wconf 85' lang='lat' dir='ltr'>allegatae</span> 
     </span>
     <span class='ocr_line' id='line_1_34' title="bbox 186 2033 1652 2089; baseline 0.001 -14"><span class='ocrx_word' id='word_1_285' title='bbox 186 2043 420 2087; x_wconf 80' lang='lat' dir='ltr'>auctorem,</span> <span class='ocrx_word' id='word_1_286' title='bbox 478 2036 617 2075; x_wconf 90' lang='lat' dir='ltr'>virum</span> <span class='ocrx_word' id='word_1_287' title='bbox 670 2033 863 2088; x_wconf 87' lang='lat' dir='ltr'>equidem</span> <span class='ocrx_word' id='word_1_288' title='bbox 904 2036 1110 2088; x_wconf 82' lang='lat' dir='ltr'>Gregorae</span> <span class='ocrx_word' id='word_1_289' title='bbox 1148 2042 1187 2075; x_wconf 88' lang='lat' dir='ltr'>et</span> <span class='ocrx_word' id='word_1_290' title='bbox 1232 2043 1374 2076; x_wconf 86' lang='lat' dir='ltr'>nostro</span> <span class='ocrx_word' id='word_1_291' title='bbox 1420 2035 1652 2089; x_wconf 85' lang='lat' dir='ltr'>laudatum,</span> 
     </span>
     <span class='ocr_line' id='line_1_35' title="bbox 186 2089 1654 2144; baseline 0.001 -14"><span class='ocrx_word' id='word_1_292' title='bbox 186 2091 397 2131; x_wconf 84' lang='lat' dir='ltr'>Phranzae</span> <span class='ocrx_word' id='word_1_293' title='bbox 425 2090 599 2131; x_wconf 87' lang='lat' dir='ltr'>affectati</span> <span class='ocrx_word' id='word_1_294' title='bbox 627 2091 741 2143; x_wconf 83' lang='lat' dir='ltr'>regni</span> <span class='ocrx_word' id='word_1_295' title='bbox 770 2099 1026 2143; x_wconf 85' lang='lat' dir='ltr'>suspectum,</span> <span class='ocrx_word' id='word_1_296' title='bbox 1058 2097 1099 2130; x_wconf 87' lang='lat' dir='ltr'>et</span> <span class='ocrx_word' id='word_1_297' title='bbox 1126 2090 1236 2144; x_wconf 91' lang='lat' dir='ltr'>quod</span> <span class='ocrx_word' id='word_1_298' title='bbox 1266 2089 1445 2131; x_wconf 82' lang='lat' dir='ltr'>voluerit</span> <span class='ocrx_word' id='word_1_299' title='bbox 1471 2091 1522 2131; x_wconf 86' lang='lat' dir='ltr'>ad</span> <span class='ocrx_word' id='word_1_300' title='bbox 1550 2091 1654 2132; x_wconf 87' lang='lat' dir='ltr'>libe-</span> 
     </span>
     <span class='ocr_line' id='line_1_36' title="bbox 186 2144 1655 2201; baseline 0.001 -15"><span class='ocrx_word' id='word_1_301' title='bbox 186 2160 253 2186; x_wconf 86' lang='lat' dir='ltr'>ros</span> <span class='ocrx_word' id='word_1_302' title='bbox 279 2161 376 2186; x_wconf 88' lang='lat' dir='ltr'>suos</span> <span class='ocrx_word' id='word_1_303' title='bbox 419 2147 640 2201; x_wconf 90' lang='lat' dir='ltr'>imperium</span> <span class='ocrx_word' id='word_1_304' title='bbox 678 2145 902 2185; x_wconf 89' lang='lat' dir='ltr'>transferre</span> <span class='ocrx_word' id='word_1_305' title='bbox 943 2145 1237 2187; x_wconf 86' lang='lat' dir='ltr'>insimulatum.</span> <span class='ocrx_word' id='word_1_306' title='bbox 1269 2144 1462 2200; x_wconf 84' lang='lat' dir='ltr'>legendus</span> <span class='ocrx_word' id='word_1_307' title='bbox 1489 2147 1655 2188; x_wconf 88' lang='lat' dir='ltr'>Phran-</span> 
     </span>
     <span class='ocr_line' id='line_1_37' title="bbox 186 2199 1654 2256; baseline 0.001 -14"><span class='ocrx_word' id='word_1_308' title='bbox 186 2216 253 2242; x_wconf 85' lang='lat' dir='ltr'>zes</span> <span class='ocrx_word' id='word_1_309' title='bbox 281 2202 352 2245; x_wconf 88' lang='lat' dir='ltr'>lib.</span> <span class='ocrx_word' id='word_1_310' title='bbox 389 2216 425 2242; x_wconf 82' lang='grc' dir='ltr'>ι.</span> <span class='ocrx_word' id='word_1_311' title='bbox 457 2216 545 2256; x_wconf 79' lang='lat' dir='ltr'>cap.</span> <span class='ocrx_word' id='word_1_312' title='bbox 584 2202 654 2251; x_wconf 79' lang='lat'>¹3,</span> <span class='ocrx_word' id='word_1_313' title='bbox 691 2199 739 2252; x_wconf 70' lang='lat'>14</span> <span class='ocrx_word' id='word_1_314' title='bbox 767 2206 809 2240; x_wconf 85' lang='lat' dir='ltr'>et</span> <span class='ocrx_word' id='word_1_315' title='bbox 845 2201 909 2242; x_wconf 81' lang='lat'>¹5.</span> <span class='ocrx_word' id='word_1_316' title='bbox 956 2201 1071 2240; x_wconf 89' lang='lat' dir='ltr'>illum</span> <span class='ocrx_word' id='word_1_317' title='bbox 1103 2201 1433 2242; x_wconf 85' lang='lat' dir='ltr'>Cantacuzenum</span> <span class='ocrx_word' id='word_1_318' title='bbox 1461 2203 1563 2243; x_wconf 86' lang='lat' dir='ltr'>tanti</span> <span class='ocrx_word' id='word_1_319' title='bbox 1591 2204 1654 2243; x_wconf 89' lang='lat' dir='ltr'>fe-</span> 
     </span>
     <span class='ocr_line' id='line_1_38' title="bbox 186 2257 1653 2312; baseline 0.002 -16"><span class='ocrx_word' id='word_1_320' title='bbox 186 2258 241 2296; x_wconf 91' lang='lat' dir='ltr'>cit</span> <span class='ocrx_word' id='word_1_321' title='bbox 272 2257 540 2298; x_wconf 84' lang='lat' dir='ltr'>Andronicus</span> <span class='ocrx_word' id='word_1_322' title='bbox 572 2257 711 2296; x_wconf 80' lang='lat' dir='ltr'>iunior</span> <span class='ocrx_word' id='word_1_323' title='bbox 729 2285 741 2307; x_wconf 90' lang='lat'>‚</span> <span class='ocrx_word' id='word_1_324' title='bbox 774 2263 820 2295; x_wconf 91' lang='lat' dir='ltr'>ut</span> <span class='ocrx_word' id='word_1_325' title='bbox 850 2263 1093 2296; x_wconf 87' lang='lat' dir='ltr'>testamento</span> <span class='ocrx_word' id='word_1_326' title='bbox 1122 2271 1219 2308; x_wconf 91' lang='lat' dir='ltr'>suo,</span> <span class='ocrx_word' id='word_1_327' title='bbox 1253 2258 1365 2312; x_wconf 91' lang='lat' dir='ltr'>quod</span> <span class='ocrx_word' id='word_1_328' title='bbox 1393 2273 1502 2299; x_wconf 87' lang='lat' dir='ltr'>anno</span> <span class='ocrx_word' id='word_1_329' title='bbox 1531 2258 1653 2299; x_wconf 88' lang='lat' dir='ltr'>Chri-</span> 
     </span>
     <span class='ocr_line' id='line_1_39' title="bbox 185 2311 1651 2367; baseline 0.001 -15"><span class='ocrx_word' id='word_1_330' title='bbox 185 2313 237 2352; x_wconf 83' lang='lat' dir='ltr'>sti</span> <span class='ocrx_word' id='word_1_331' title='bbox 271 2313 376 2353; x_wconf 77' lang='lat'>1530</span> <span class='ocrx_word' id='word_1_332' title='bbox 401 2313 518 2367; x_wconf 84' lang='lat' dir='ltr'>gravi</span> <span class='ocrx_word' id='word_1_333' title='bbox 547 2313 695 2353; x_wconf 85' lang='lat' dir='ltr'>morbo</span> <span class='ocrx_word' id='word_1_334' title='bbox 727 2311 976 2352; x_wconf 88' lang='lat' dir='ltr'>decumbens</span> <span class='ocrx_word' id='word_1_335' title='bbox 1004 2312 1219 2365; x_wconf 89' lang='lat' dir='ltr'>condidit,</span> <span class='ocrx_word' id='word_1_336' title='bbox 1249 2315 1476 2367; x_wconf 86' lang='lat' dir='ltr'>praeteritis</span> <span class='ocrx_word' id='word_1_337' title='bbox 1508 2314 1549 2354; x_wconf 90' lang='lat' dir='ltr'>in</span> <span class='ocrx_word' id='word_1_338' title='bbox 1578 2314 1651 2354; x_wconf 88' lang='lat' dir='ltr'>illo</span> 
     </span>
     <span class='ocr_line' id='line_1_40' title="bbox 185 2367 1654 2422; baseline 0.002 -14"><span class='ocrx_word' id='word_1_339' title='bbox 185 2368 426 2408; x_wconf 87' lang='lat' dir='ltr'>Andronico</span> <span class='ocrx_word' id='word_1_340' title='bbox 455 2383 534 2409; x_wconf 88' lang='lat' dir='ltr'>avo</span> <span class='ocrx_word' id='word_1_341' title='bbox 562 2369 696 2409; x_wconf 84' lang='lat' dir='ltr'>adhuc</span> <span class='ocrx_word' id='word_1_342' title='bbox 725 2367 947 2421; x_wconf 83' lang='lat' dir='ltr'>superstite</span> <span class='ocrx_word' id='word_1_343' title='bbox 975 2368 1241 2422; x_wconf 87' lang='lat' dir='ltr'>nondumque</span> <span class='ocrx_word' id='word_1_344' title='bbox 1270 2369 1494 2420; x_wconf 86' lang='lat' dir='ltr'>monacho,</span> <span class='ocrx_word' id='word_1_345' title='bbox 1523 2378 1654 2412; x_wconf 83' lang='lat' dir='ltr'>matre</span> 
     </span>
     <span class='ocr_line' id='line_1_41' title="bbox 185 2423 1653 2477; baseline 0.002 -13"><span class='ocrx_word' id='word_1_346' title='bbox 185 2424 309 2464; x_wconf 83' lang='lat' dir='ltr'>etiam</span> <span class='ocrx_word' id='word_1_347' title='bbox 342 2438 414 2464; x_wconf 86' lang='lat' dir='ltr'>sua</span> <span class='ocrx_word' id='word_1_348' title='bbox 442 2425 587 2476; x_wconf 89' lang='lat' dir='ltr'>Xena,</span> <span class='ocrx_word' id='word_1_349' title='bbox 640 2430 816 2464; x_wconf 80' lang='lat' dir='ltr'>tutorem</span> <span class='ocrx_word' id='word_1_350' title='bbox 861 2438 955 2463; x_wconf 92' lang='lat' dir='ltr'>eum</span> <span class='ocrx_word' id='word_1_351' title='bbox 983 2423 1204 2477; x_wconf 88' lang='lat' dir='ltr'>posthumo</span> <span class='ocrx_word' id='word_1_352' title='bbox 1233 2423 1315 2465; x_wconf 82' lang='lat' dir='ltr'>filio</span> <span class='ocrx_word' id='word_1_353' title='bbox 1340 2440 1413 2465; x_wconf 91' lang='lat' dir='ltr'>suo</span> <span class='ocrx_word' id='word_1_354' title='bbox 1442 2426 1557 2466; x_wconf 89' lang='lat' dir='ltr'>daret</span> <span class='ocrx_word' id='word_1_355' title='bbox 1574 2455 1586 2476; x_wconf 94' lang='lat'>‚</span> <span class='ocrx_word' id='word_1_356' title='bbox 1619 2427 1653 2467; x_wconf 83' lang='lat' dir='ltr'>si</span> 
     </span>
     <span class='ocr_line' id='line_1_42' title="bbox 186 2479 1653 2533; baseline 0.001 -14"><span class='ocrx_word' id='word_1_357' title='bbox 186 2494 233 2519; x_wconf 88' lang='lat' dir='ltr'>ex</span> <span class='ocrx_word' id='word_1_358' title='bbox 269 2479 392 2520; x_wconf 85' lang='lat' dir='ltr'>Anna</span> <span class='ocrx_word' id='word_1_359' title='bbox 431 2494 556 2520; x_wconf 88' lang='lat' dir='ltr'>uxore</span> <span class='ocrx_word' id='word_1_360' title='bbox 596 2494 668 2519; x_wconf 88' lang='lat' dir='ltr'>sua</span> <span class='ocrx_word' id='word_1_361' title='bbox 708 2487 806 2518; x_wconf 90' lang='lat' dir='ltr'>tunc</span> <span class='ocrx_word' id='word_1_362' title='bbox 843 2487 1098 2533; x_wconf 86' lang='lat' dir='ltr'>praegnante</span> <span class='ocrx_word' id='word_1_363' title='bbox 1139 2488 1392 2520; x_wconf 83' lang='lat' dir='ltr'>nasceretur.</span> <span class='ocrx_word' id='word_1_364' title='bbox 1426 2496 1500 2521; x_wconf 89' lang='lat' dir='ltr'>nec</span> <span class='ocrx_word' id='word_1_365' title='bbox 1529 2482 1653 2522; x_wconf 89' lang='lat' dir='ltr'>etiam</span> 
     </span>
     <span class='ocr_line' id='line_1_43' title="bbox 185 2533 1654 2591; baseline 0.001 -17"><span class='ocrx_word' id='word_1_366' title='bbox 185 2535 411 2575; x_wconf 88' lang='lat' dir='ltr'>omittenda</span> <span class='ocrx_word' id='word_1_367' title='bbox 442 2543 550 2586; x_wconf 87' lang='lat' dir='ltr'>sunt,</span> <span class='ocrx_word' id='word_1_368' title='bbox 580 2550 685 2589; x_wconf 91' lang='lat' dir='ltr'>quae</span> <span class='ocrx_word' id='word_1_369' title='bbox 711 2549 734 2574; x_wconf 88' lang='lat' dir='ltr'>a</span> <span class='ocrx_word' id='word_1_370' title='bbox 762 2533 920 2576; x_wconf 81' lang='lat' dir='ltr'>Codino</span> <span class='ocrx_word' id='word_1_371' title='bbox 950 2534 1195 2588; x_wconf 87' lang='lat' dir='ltr'>Curopalate</span> <span class='ocrx_word' id='word_1_372' title='bbox 1224 2535 1275 2576; x_wconf 91' lang='lat' dir='ltr'>de</span> <span class='ocrx_word' id='word_1_373' title='bbox 1302 2537 1527 2576; x_wconf 89' lang='lat' dir='ltr'>Andronici</span> <span class='ocrx_word' id='word_1_374' title='bbox 1555 2552 1654 2591; x_wconf 77' lang='lat' dir='ltr'>erga</span> 
     </span>
     <span class='ocr_line' id='line_1_44' title="bbox 188 2590 1653 2633; baseline 0 -3"><span class='ocrx_word' id='word_1_375' title='bbox 188 2590 416 2630; x_wconf 84' lang='lat' dir='ltr'>Iohannem</span> <span class='ocrx_word' id='word_1_376' title='bbox 458 2592 791 2631; x_wconf 80' lang='lat' dir='ltr'>Cantaeuzenum</span> <span class='ocrx_word' id='word_1_377' title='bbox 835 2590 1123 2630; x_wconf 86' lang='lat' dir='ltr'>benevolentia</span> <span class='ocrx_word' id='word_1_378' title='bbox 1164 2598 1204 2631; x_wconf 86' lang='lat' dir='ltr'>et</span> <span class='ocrx_word' id='word_1_379' title='bbox 1231 2605 1374 2632; x_wconf 86' lang='lat' dir='ltr'>amore</span> <span class='ocrx_word' id='word_1_380' title='bbox 1410 2592 1653 2633; x_wconf 78' lang='lat' dir='ltr'>referuntur</span> 
     </span>
     <span class='ocr_line' id='line_1_45' title="bbox 187 2641 1652 2700; baseline 0.001 -16"><span class='ocrx_word' id='word_1_381' title='bbox 187 2645 258 2688; x_wconf 88' lang='lat' dir='ltr'>lib.</span> <span class='ocrx_word' id='word_1_382' title='bbox 288 2645 340 2685; x_wconf 89' lang='lat' dir='ltr'>de</span> <span class='ocrx_word' id='word_1_383' title='bbox 357 2646 464 2686; x_wconf 85' lang='lat' dir='ltr'>offic.</span> <span class='ocrx_word' id='word_1_384' title='bbox 481 2646 614 2687; x_wconf 72' lang='lat' dir='ltr'>Palat.</span> <span class='ocrx_word' id='word_1_385' title='bbox 637 2646 788 2700; x_wconf 88' lang='lat' dir='ltr'>Cpolit.</span> <span class='ocrx_word' id='word_1_386' title='bbox 818 2641 987 2699; x_wconf 71' lang='grc' dir='ltr'><em>ἐποίησε</em></span> <span class='ocrx_word' id='word_1_387' title='bbox 1016 2642 1084 2686; x_wconf 87' lang='grc' dir='ltr'>τὸν</span> <span class='ocrx_word' id='word_1_388' title='bbox 1111 2648 1245 2698; x_wconf 76' lang='grc' dir='ltr'><em>μέγαν</em></span> <span class='ocrx_word' id='word_1_389' title='bbox 1270 2647 1516 2698; x_wconf 80' lang='grc' dir='ltr'><em>δομέστικον</em></span> <span class='ocrx_word' id='word_1_390' title='bbox 1531 2648 1652 2687; x_wconf 87' lang='grc' dir='ltr'><em>Καν-</em></span> 
     </span>
     <span class='ocr_line' id='line_1_46' title="bbox 189 2696 1652 2756; baseline -0.001 -15"><span class='ocrx_word' id='word_1_391' title='bbox 189 2698 450 2754; x_wconf 78' lang='grc' dir='ltr'><em>τακουζηνὸν</em></span> <span class='ocrx_word' id='word_1_392' title='bbox 490 2699 703 2756; x_wconf 79' lang='grc' dir='ltr'><em>Ἰωάννην,</em></span> <span class='ocrx_word' id='word_1_393' title='bbox 744 2696 791 2746; x_wconf 74' lang='grc' dir='ltr'>ὃς</span> <span class='ocrx_word' id='word_1_394' title='bbox 832 2697 1014 2753; x_wconf 66' lang='grc' dir='ltr'><em>ἐγεγόνει</em></span> <span class='ocrx_word' id='word_1_395' title='bbox 1052 2700 1126 2741; x_wconf 82' lang='grc' dir='ltr'><em>καί</em></span> <span class='ocrx_word' id='word_1_396' title='bbox 1160 2700 1381 2753; x_wconf 74' lang='grc' dir='ltr'><em>βασιλεύς,</em></span> <span class='ocrx_word' id='word_1_397' title='bbox 1413 2700 1652 2743; x_wconf 78' lang='grc' dir='ltr'><em>ἰσοστάσιον</em></span> 
     </span>
     <span class='ocr_line' id='line_1_47' title="bbox 189 2752 1650 2813; baseline 0.001 -18"><span class='ocrx_word' id='word_1_398' title='bbox 189 2756 247 2809; x_wconf 73' lang='grc' dir='ltr'>τῷ</span> <span class='ocrx_word' id='word_1_399' title='bbox 288 2752 687 2813; x_wconf 72' lang='grc' dir='ltr'><em>πανυπερσεβάστῳ.</em></span> <span class='ocrx_word' id='word_1_400' title='bbox 723 2772 912 2811; x_wconf 74' lang='lat' dir='ltr'>magnum</span> <span class='ocrx_word' id='word_1_401' title='bbox 959 2757 1214 2798; x_wconf 77' lang='lat' dir='ltr'>domesticum</span> <span class='ocrx_word' id='word_1_402' title='bbox 1244 2757 1467 2805; x_wconf 70' lang='lat' dir='ltr'>Iohannem</span> <span class='ocrx_word' id='word_1_403' title='bbox 1502 2760 1650 2798; x_wconf 83' lang='lat' dir='ltr'>Canta-</span> 
     </span>
    </p>
   </div>
   <div class='ocr_carea' id='block_1_3' title="bbox 0 0 39 736">
    <p class='ocr_par' dir='ltr' id='par_1_3' title="bbox 0 0 39 736">
     <span class='ocr_line' id='line_1_48' title="bbox 0 0 39 736; baseline 0 2474"><span class='ocrx_word' id='word_1_404' title='bbox 0 0 39 736; x_wconf 95' lang='lat' dir='ltr'> </span> 
     </span>
    </p>
   </div>
  </div>
 </body>
</html>
