1916 3210
292 145 399 201 512
455 161 638 204 DUCAE
675 163 811 203 1115'1‘.
845 162 980 202 1TAL.
1013 161 1354 203 m'rEnPRE‘m
1394 161 1648 206 mcm‘m.

286 263 400 319 passo
429 262 498 302 alli
524 263 673 301 Asmati
704 263 745 301 in
776 269 886 300 terra
917 261 1061 312 ferma,
1091 268 1129 299 et
1161 261 1262 304 lassi)
1287 263 1474 302 Maumet
1502 264 1617 304 Basia
1645 263 1744 304 ano*

288 318 444 359 assedio
483 317 533 369 dc
557 317 764 356 Metelino.
813 323 852 354 et
882 316 1187 355 bombardando
1217 317 1255 356 la
1282 318 1362 357 ciffi
1392 317 1496 356 dalla
1522 326 1636 371 pavte
1659 318 1743 359 del·

290 373 502 414 Milanudo
543 379 583 411 et
620 371 727 410 dalla
774 378 888 423 parte
931 372 1162 423 contrariu,
1205 379 1245 411 et
1277 372 1465 412 havendo
1493 374 1536 412 221
1564 374 1742 422 buttato*

289 443 362 483 per
389 436 499 467 terra
539 426 567 464 li
617 426 730 464 merli
760 424 862 463 delle
888 439 1002 464 mure
1029 432 1070 465 et
1099 426 1149 465 de
1179 426 1217 466 le
1243 435 1384 477 torre,
1413 427 1497 467 usc'l
1526 429 1616 472 sora
1641 428 1730 468 Lu-

223 511 226 514 ·
294 484 415 523 chino
447 481 635 520 cataluso
665 487 704 519 et
732 493 808 518 con
839 494 926 518 esso
954 480 996 519 in
1027 482 1263 535 compagnia
1288 481 1324 521 el
1344 482 1497 522 vicario
1519 482 1623 523 della
1648 490 1732 523 ter-

294 552 370 588 ra,
400 538 428 576 li
460 535 571 589 quali
596 536 928 573 incominzarono·
951 534 1003 573 ad
1031 542 1204 575 tramare
1229 536 1267 574 la
1297 537 1517 576 traditione
1543 537 1646 577 della
1674 538 1734 578 ci-

293 594 336 632 ίὶι
363 606 437 631 con
466 592 645 629 Maumet
686 589 824 638 Basia,
865 591 1132 630 mostrandoli
1162 591 1256 630 tutti
1287 591 1315 630 li
1342 591 1444 631 lochi
1474 593 1546 645 pi&
1567 592 1731 642 vdebeli3

295 648 326 687 li
354 645 465 700 quali
505 644 671 682 havesse
699 644 747 682 ad
779 644 1072 695 hombure-lare,
1102 647 1352 685 combattere
1389 653 1430 686 et
1460 642 1624 687 s'calare.
1680 647 1749 687 Et*

298 703 393 742 data
424 699 653 752 cognitione
681 698 776 738 delli
798 703 1063 739 mancamenti
1093 699 1197 740 della
1226 707 1348 751 terra,
1377 701 1750 747 tornaron‘oydenw

297 764 364 796 tro
395 756 435 794 in
463 754 501 792 la
534 753 642 803 cita,
673 760 713 792 et
746 755 1023 793 cominzarono
1054 769 1129 794 con
1160 755 1413 809 persuasione
1440 757 1537 796 false
1565 756 1736 796 incli'nn-

299 825 346 851 re
377 811 413 849 el
436 810 600 862 signore
625 808 675 847 ad
705 807 949 859 l’accordio‚
975 809 1168 849 salvando
1196 809 1234 849 le
1262 817 1364 850 teste
1397 819 1435 850 et
1464 811 1652 851 l'havere.
1681 811 1734 851 Et

299 865 383 905 cos]
425 862 702 903 concludendo
743 864 993 903 mandat-ono
1033 879 1105 917 per
1143 864 1179 903 el
1226 867 1364 918 signor
1393 865 1446 905 ali
1474 865 1634 906 Asmati
1655 894 1667 916 ,
1699 865 1737 906 el

301 918 399 974 qual
428 931 573 959 venne.
650 917 702 957 El
729 920 863 972 signor
891 919 1084 959 Nicoloso
1112 920 1196 958 use}
1220 920 1312 959 fora
1339 934 1414 960 con
1445 922 1538 959 tutti
1566 921 1592 960 li
1621 921 1739 975 prin-

300 973 445 1028 cipali,
487 987 562 1017 con
603 971 641 1012 le
684 973 824 1013 chiave
868 975 908 1012 iu
937 988 1071 1013 mano.
1130 975 1184 1014 Et
1211 974 1364 1014 basiato
1393 976 1420 1014 li
1450 975 1650 1029 piedidel
1684 976 1740 1014 si·-

304 1043 432 1084 gnor,
475 1028 516 1069 fo
555 1028 794 1068 confirmato
825 1027 961 1082 quello
999 1029 1072 1068 che
1098 1029 1226 1068 havea
1254 1029 1358 1069 sacto
1388 1031 1565 1070 Maumet
1593 1029 1738 1078 Baxia,

303 1085 356 1124 de
380 1083 534 1123 salvare
561 1081 599 1121 le
629 1089 733 1122 teste
761 1091 801 1122 et
829 1083 1016 1124 l’havere.
1071 1085 1204 1138 Dapoi
1231 1084 1316 1124 fece
1346 1087 1482 1124 venire
1497 1086 1594 1125 tutti
1619 1085 1647 1124 li
1665 1083 1742 1123 ho·

305 1139 405 1179 mini
437 1138 487 1176 da
518 1152 629 1176 arme
658 1138 833 1178 Franchi
851 1168 863 1189 ,
893 1145 932 1178 et
958 1139 1106 1178 mandb
1135 1140 1276 1178 dentro
1307 1140 1359 1178 da
1390 1141 1429 1179 la
1455 1147 1565 1180 terra
1591 1138 1744 1193 grande

304 1206 475 1234 numero
503 1193 554 1232 de
583 1193 766 1232 Zanizari
794 1200 833 1233 et
860 1196 1011 1247 ,Asappi
1039 1194 1091 1233 ad
1121 1194 1317 1247 prendere
1343 1194 1380 1234 le
1404 1195 1581 1244 fon-teze,
1610 1195 1744 1233 fucen-

305 1248 360 1288 do
390 1248 468 1287 ben
498 1248 693 1301 guardare
720 1249 757 1287 le
785 1263 900 1287 mure
930 1257 968 1288 et
998 1250 1032 1288 le
1062 1258 1188 1302 porte,
1222 1249 1296 1288 che
1320 1264 1400 1288 non
1425 1252 1569 1290 uscisse
1597 1250 1646 1288 ne
1666 1249 1743 1287 ho-

306 1317 375 1343 mo
405 1303 456 1341 ne
482 1302 644 1342 femina.
702 1302 779 1342 Poi
807 1304 888 1342 fece
916 1304 1081 1356 tagliare
1111 1319 1181 1356 per
1221 1318 1333 1343 mezo
1366 1309 1461 1344 tutti
1495 1306 1522 1344 li
1550 1303 1744 1353 Frmwbi,

308 1366 348 1398 et
376 1364 546 1396 mettere
575 1357 616 1395 in
645 1357 846 1397 destrecto
877 1359 914 1397 el
940 1360 1074 1411 signor
1100 1367 1138 1397 et
1166 1361 1263 1398 tutti
1292 1358 1319 1397 li
1352 1359 1576 1413 principali,
1605 1366 1644 1398 et
1661 1358 1746 1397 cus}

307 1411 534 1452 cavillando
564 1411 677 1452 salvo
706 1411 745 1451 le
770 1419 869 1451 teste
899 1418 941 1451 et
968 1413 1080 1452 salvo
1100 1414 1289 1452 l’havere.
1340 1415 1392 1453 El
1425 1428 1548 1453 zorno
1574 1427 1748 1467 sequen-

308 1474 351 1508 te
379 1467 462 1506 fece
488 1467 596 1519 aprir
625 1468 662 1506 le
687 1474 803 1519 porte
819 1496 831 1516 ‚
864 1467 1031 1506 sacendo
1058 1470 1162 1506 uscir
1195 1469 1282 1506 fora
1309 1476 1411 1507 tutte
1440 1471 1477 1507 le
1504 1470 1650 1517 anime,
1677 1468 1745 1520 pi-

310 1521 387 1561 zoli
421 1529 461 1561 et
503 1521 666 1575 grandi,
711 1522 866 1560 homini
917 1529 956 1561 et
995 1522 1156 1560 semine.
1214 1523 1268 1561 Et
1295 1522 1418 1562 fecele
1445 1537 1582 1575 passar
1609 1535 1680 1576 per
1709 1520 1747 1560 el

310 1590 384 1617 suo
412 1576 637 1629 paviglione
665 1576 717 1616 ad
744 1590 827 1615 uno
860 1576 911 1615 ad
939 1590 1044 1626 un03
1072 1584 1111 1615 et
1138 1576 1374 1630 qualunque
1406 1592 1486 1616 non
1517 1578 1643 1616 havea
1658 1591 1748 1614 ma-

311 1633 415 1681 rito,
464 1631 538 1669 che
572 1631 602 1670 li
641 1631 852 1684 piacesse5
880 1631 1067 1683 pigliava.
1133 1632 1188 1670 Et
1219 1632 1301 1670 cosi
1330 1634 1460 1684 putti,
1499 1639 1539 1671 et
1567 1632 1669 1670 fosse
1698 1631 1749 1669 de

314 1686 381 1726 chi
409 1686 560 1724 volesse
598 1686 754 1739 figlioli.
822 1686 882 1723 De
928 1685 965 1723 lo
996 1693 1103 1724 resto
1130 1686 1215 1724 fece
1253 1688 1315 1726 tre
1341 1694 1482 1739 parte:
1513 1686 1618 1726 l'una
1648 1684 1750 1724 lasso

314 1741 357 1781 in
381 1740 419 1779 la
433 1747 542 1779 terra
564 1739 607 1779 di
632 1741 706 1793 pi&
732 1739 826 1790 vili3
857 1737 896 1777 la
913 1741 1083 1779 seconda
1112 1740 1195 1778 fece
1220 1741 1423 1795 vendere3
1450 1741 1488 1779 la
1517 1747 1623 1780 terza
1648 1748 1750 1778 con-

317 1795 435 1835 dusse
473 1794 525 1833 ad
565 1794 913 1846 Constantinopoli
954 1809 1026 1848 per
1065 1795 1229 1834 sehiavi.
1285 1797 1409 1848 Dopo
1438 1803 1579 1848 questo
1608 1795 1645 1833 el
1671 1794 1752 1832 du..

316 1850 393 1889 cha
422 1849 538 1902 passo
575 1863 649 1888 con
692 1849 873 1888 l'armata
909 1850 960 1888 ali
988 1850 1220 1902 Agiasmati.
1280 1851 1399 1889 Onde
1423 1850 1480 1889 lui
1511 1864 1585 1888 con
1614 1850 1656 1888 lu
1685 1863 1753 1887 ex-

319 1905 446 1944 ercito
474 1918 547 1957 per
572 1911 679 1943 terra
709 1911 748 1943 et
778 1905 956 1942 sarmata
984 1904 1034 1942 da
1061 1918 1171 1943 mare
1199 1911 1417 1943 tornat-ouo
1445 1905 1496 1944 ad
1517 1903 1753 1948 Constanti,-

320 1958 475 2012 nopoli.
533 1958 583 1998 El
615 1961 751 2013 signor
782 1958 967 1997 Nicoloso
996 1959 1039 1997 fo
1071 1973 1198 1997 messo
1227 1962 1266 1998 in
1298 1959 1336 1997 la
1364 1966 1474 1998 torre
1500 1960 1542 1998 di
1566 1959 1754 1998 Francesi

320 2015 362 2053 in
397 2015 633 2066 compagnia
672 2028 747 2052 con
790 2013 973 2052 Luchino
1011 2013 1228 2064 Catamso,
1273 2013 1347 2053 che
1384 2015 1555 2053 tradette
1583 2013 1622 2052 la
1650 2020 1763 2058 terra

322 2068 371 2107 e'l
399 2082 471 2107 suo
498 2070 646 2121 signor.
714 2069 845 2120 Dapoi
873 2067 909 2107 el
948 2068 1076 2106 ducha
1109 2068 1360 2107 Mechemcth
1389 2069 1473 2107 fece
1494 2067 1590 2108 ch’el
1618 2068 1763 2120 signor

323 2122 512 2162 Nicoloso
540 2122 716 2177 regnegb
759 2123 797 2161 la
825 2136 921 2161 vera
949 2122 1036 2161 fede
1063 2130 1101 2160 et
1133 2123 1258 2161 fecese
1284 2123 1468 2162 Turcho.
1523 2123 1575 2162 El
1605 2135 1756 2175 povero

357 2184 542 2217 eccatore
579 2177 784 2230 pensando
819 2175 949 2216 salvar
978 2178 1015 2215 la
1044 2177 1125 2216 vita
1153 2192 1270 2229 perse
1298 2177 1472 2217 l'anima.
1507 2177 1546 2217 fo
1571 2184 1766 2230 strangu--

323 2191 407 2271 fato
434 2246 511 2272 con
541 2246 620 2273 una
649 2232 775 2272 corda
804 2232 958 2284 d'arco,
990 2245 1103 2272 come
1130 2232 1256 2273 havea
1285 2233 1388 2273 facto
1419 2231 1492 2272 lui.
