1916 3236
308 794 323 806 ²
364 800 383 857 'j
432 783 860 835 vBULLIALDI
902 786 1361 838 PRAEFATIO.

757 964 1049 973 ————-.—.-

174 1130 406 1200 Benevola*
433 1158 607 1208 Iactor,
649 1157 701 1198 ad
742 1159 873 1213 operis
913 1159 1029 1214 Regii
1056 1173 1112 1219 ae
1140 1158 1342 1214 magnifici
1371 1166 1621 1202 structuram

173 1251 218 1277 ex
248 1237 372 1292 Regia
395 1236 642 1286 bibliotheca
672 1237 859 1277 materias
887 1236 976 1276 sine
1003 1237 1116 1277 furto
1146 1236 1228 1277 alio
1257 1252 1341 1278 non
1359 1238 1622 1278 .transseren-

171 1314 268 1366 das,
296 1330 392 1356 eum
435 1315 667 1370 potuerim,
712 1321 975 1369 comportare
1013 1316 1151 1357 debui.
1191 1316 1251 1356 illi
1288 1316 1501 1371 equidem,
1533 1330 1618 1370 quo

170 1393 393 1449 Byzantina
434 1393 604 1434 historia
651 1393 735 1433 huc
762 1401 802 1434 et
827 1393 925 1434 illuc
954 1408 1090 1448 sparsa
1118 1409 1165 1435 ae
1187 1393 1304 1435 velut
1328 1395 1436 1435 inter
1467 1393 1619 1434 rudera

171 1471 306 1512 iacens
346 1473 389 1512 in
429 1470 598 1526 superbi
639 1470 810 1511 aedificii
850 1472 1003 1512 molem
1043 1486 1091 1512 ac
1128 1486 1363 1528 compagem
1409 1473 1617 1528 adsurgit,

169 1562 338 1604 operam
377 1538 557 1590 nostram
602 1540 822 1604 utcuuique
861 1550 1077 1591 navavisse
1095 1580 1108 1603 ,
1155 1558 1194 1591 et
1219 1551 1443 1606 particulae
1470 1565 1620 1592 nomen

169 1635 357 1669 nostrum
407 1628 680 1683 inscripsisse,
733 1626 987 1682 aliquantam
1036 1628 1199 1669 laudem
1250 1629 1366 1670 nobis
1402 1630 1622 1671 allaturum

167 1719 284 1760 spero
300 1736 314 1759 ‚
362 1706 572 1747 Sostratus
610 1705 810 1760 siquidem
851 1706 1022 1746 Gnidius
1061 1706 1312 1748 architectus
1351 1707 1623 1749 Alexandriae

167 1781 352 1824 Pharum
382 1783 619 1825 Ptolemaeo
645 1783 857 1834 aedificans
885 1784 1059 1825 nominis
1087 1786 1150 1825 sui
1177 1799 1224 1826 ac
1251 1787 1381 1827 famae
1408 1787 1623 1841 perpetui-

169 1864 268 1914 tati,
315 1868 544 1907 structurae
586 1860 688 1901 illud
706 1862 978 1916 'permittente
1007 1863 1389 1917 regeinscribendo
1406 1894 1419 1917 ,
1450 1879 1622 1919 prospe-

168 1941 238 1980 xit.
288 1955 334 1981 ex
373 1939 640 1982 bibliothecae
681 1940 808 1993 igitur
836 1940 984 1994 Regiae
1005 1955 1134 1989 ‚manu
1165 1941 1314 1996 scripto
1344 1941 1486 1983 codice
1518 1957 1620 1998 opus

167 2019 457 2073 transcriptum
486 2017 636 2068 affero,
680 2016 761 2056 stili
794 2017 958 2071 quidem
986 2017 1187 2073 elegantia
1215 2019 1327 2059 haud
1357 2023 1560 2061 ornatum'
1580 2029 1622 2063 et

165 2103 401 2150 comptum:
435 2095 656 2136 barbarum
680 2095 817 2149 potius
833 2124 846 2145 ‚
880 2094 1110 2149 impolitum
1135 2110 1183 2136 ac
1210 2097 1312 2138 rude
1339 2097 1512 2151 dixer03
1545 2101 1620 2143 sed

163 2188 303 2214 rerum
335 2180 539 2214 momento
580 2189 625 2214 ac
664 2175 864 2228 gravitate
891 2174 1106 2225 eximium,
1142 2189 1362 2231 earumque
1388 2179 1622 2221 narratione

162 2253 350 2306 prudenti
377 2259 558 2308 gratum.
590 2251 743 2292 infelici
761 2250 930 2292 saeculo
946 2282 958 2303 ,
988 2266 1072 2306 quo
1094 2253 1273 2294 *Graecia
1289 2255 1508 2296 aerumnis
1535 2256 1621 2298 cla-

164 2329 368 2386 dibusque
402 2330 607 2372 continuis
654 2330 792 2370 attrita
834 2330 1150 2385 Turcorumque
1177 2332 1396 2386 tyrannide
1423 2348 1619 2389 oppressa

163 2407 325 2449 ultimos
353 2408 531 2458 ducebat
559 2408 746 2463 spiritus,
774 2407 854 2448 stili
879 2407 1082 2449 barbaries
1109 2409 1377 2457 adscribenda
1395 2419 1480 2466 est3
1513 2429 1620 2469 quae

163 2492 293 2527 totam
333 2486 443 2528 illam
474 2494 638 2543 gentem
670 2487 865 2527 tamsslate
897 2495 1152 2541 pervaserat,
1183 2495 1232 2529 ut
1252 2489 1514 2543 paucissimos
1543 2506 1631 2534 ve.-=

161 2571 362 2606 nustatem
385 2566 496 2606 illam
525 2565 735 2620 antiquam
752 2564 1015 2620 leporemque
1034 2567 1232 2607 sermonis
1248 2567 1333 2608 suis
1360 2569 1619 2612 circumdare

163 2643 321 2698 scriptis
349 2644 512 2684 sineret.
546 2651 681 2684 noster
707 2643 860 2685 idcirco
885 2651 1045 2695 auctor,
1077 2645 1148 2699 qui
1181 2645 1305 2686 rebus
1339 2647 1462 2688 etiam
1490 2663 1615 2703 agen-

160 2721 222 2762 dis
251 2721 590 2778 expediendisque
618 2722 787 2777 negotiis
808 2724 941 2776 potius
962 2736 1089 2777 quam.
1109 2723 1345 2765 evolvendis
1373 2724 1488 2766 libris
1518 2740 1614 2782 ope-

160 2813 248 2840 rnm
277 2814 390 2841 suam
435 2800 722 2854 impendebat,
756 2800 940 2856 barbaris
983 2814 1065 2841 non
1094 2802 1222 2842 solum
1251 2803 1427 2843 vocibus
1456 2804 1609 2858 utitur;
