1884 3216
350 164 463 234 284
689 185 872 229 DncAE
908 182 1193 228 MianELis
1221 183 1443 228 NEPons

345 289 421 341 τῆς
466 287 628 342 χρυσῆς
668 284 799 341 πύλης
843 286 887 328 ὲν
940 284 1095 344 ἑκάστω
1143 288 1389 342 προμαχῶνι
1439 281 1575 342 εἷςξ“
1544 303 1587 343 η
1608 285 1781 353 ”QG

348 349 380 406 ἢ
405 351 625 406 τζαγρότης
652 347 680 406 ἦ
706 350 1032 405 πετροβολιστής.
1085 352 1225 393 πᾶσαν
1256 348 1329 394 ουν
1347 349 1422 407 τὴν
1446 349 1576 394 νύκτα
1604 339 1780 406 διαβάν-

349 432 418 465 τες
453 413 672 471 α’γρύπνως
690 447 703 470 ,
749 418 847 470 μηδ’
876 413 1064 458 ὁπωσοῦν
1103 414 1494 471 κοιμηθέντες.οἱ
1526 417 1573 458 δὲ
1590 417 1780 472 Τοῧρκοι

351 482 430 524 σὺν
455 483 513 538 τῶ
541 477 708 536 ἡγεμόνι
731 479 933 522 ε’σπευδον
962 481 1188 537 πλησιάσαι
1226 481 1277 539 τά
1306 483 1445 537 τείχη,
1475 483 1680 538 φέροντες
1692 484 1782 525 κλι-

314 556 342 590 Β
351 563 490 602 μακας
516 547 620 602 ὑπὲρ
651 545 832 601 α’ριθμὸν
858 550 1365 600 προκατασκευασθείσας.
1423 547 1444 590 ὅ
1476 548 1677 602 τύραννος
1705 543 1817 594 οὖνὸ

351 612 567 664 ἐξόπισθεν
605 613 680 665 τῆς
717 615 984 666 παρεμβολῆς
1030 615 1076 655 έν
1110 612 1252 671 ῥάβδῳ
1283 614 1437 671 σιδηρᾷ
1464 611 1648 656 ἐλαύνων
1677 612 1782 670 πρὸς

349 676 401 719 τά
435 676 551 731 τείχη
580 674 679 724 τούς
706 675 876 726 τοξότας
894 709 904 727 ,
935 679 993 733 πῇ
1019 680 1096 730 μὲν
1121 675 1356 720 κολακεύων
1388 681 1435 721 ἐν
1459 680 1624 734 λόγοις,
1652 679 1712 735 πῇ
1736 679 1782 720 δὲ

350 743 547 784 α’πειλιόν.
621 739 659 782 οἱ
699 742 744 783 δὲ
775 743 849 795 τῆς
891 740 1051 791 πόλεως
1095 739 1376 796 ἀπεμάχοντο
1407 744 1607 798 ἀνδρείως
1632 741 1727 786 ὅσον
1754 741 1781 799 ἧ

350 805 543 860 δύναμις.
601 803 623 846 ὃ
654 807 699 848 δὲ
720 805 912 863 Ἰωάννης
937 809 1132 862 γενναίως
1159 808 1387 864 παρίστατο
1413 807 1494 851 σὺν
1519 814 1604 859 τοῖς
1632 805 1781 864 αὖτοῦ,

349 871 460 927 ἔχων
485 871 559 913 καί
598 871 666 914 τὸν
692 873 870 926 βασιλέα
898 871 1093 926 ἔνοπλον,
1127 872 1207 916 σὺν
1234 871 1346 931 πάσῃ
1373 875 1425 930 τῇ
1451 874 1679 931 παρατάξει
1706 874 1780 918 α’ν-
1799 891 1846 919 ιο

348 937 636 991 τιμαχόμενοι.
701 937 758 987 ὥς
786 933 860 980 οὖν
889 936 1060 991 ἔμελλον
1095 944 1344 991 μεταπεσεῖν
1372 937 1427 981 τὰ
1454 941 1529 994 τῆς
1553 937 1684 997 τύχης
1709 939 1783 983 οἷν·

349 1004 655 1059 δραγαθὴματα
682 1004 727 1046 ἐν
751 1006 878 1058 χερσί
902 1006 986 1045 τῶν
1019 1002 1226 1060 Τούρκων,
1255 1006 1428 1060 α’φεῖλεν
1455 1004 1605 1056 ὅςθεὸς
1635 1007 1682 1049 ἐκ
1707 1008 1786 1050 τοῦ

348 1069 480 1122 μέσου
517 1069 588 1124 τῆς
632 1065 899 1124 παρεμβολῆς
926 1072 1008 1111 τῶν
1030 1069 1249 1122 Ῥωμαίων
1277 1068 1351 1111 τὸν
1383 1069 1616 1127 στρατηγὸν
1644 1073 1784 1150 αὐταῖν

347 1137 521 1190 γίγαντα
549 1151 618 1177 και
647 1135 845 1188 ισχύοντα
873 1152 942 1177 και
971 1130 1194 1190 ανθρωπον
1226 1134 1489 1192 πολεμιστήν.
1519 1137 1675 1194 ἐπλήγη
1700 1154 1783 1195 γαρ

290 1195 296 1207 ’
349 1201 423 1242 διὰ
449 1199 764 1254 μολυβδοβόλου
803 1202 848 1243 ἐν
898 1203 948 1257 τῇ
981 1217 1093 1255 χειρι
1141 1196 1315 1244 ὄπισθεν
1350 1206 1425 1245 τοῦ
1448 1201 1699 1260 βραχίονος,
1720 1201 1782 1247 ε’τι
1801 1208 1860 1254 15

351 1267 518 1314 σκοτίας
562 1260 714 1320 οὔσης,
758 1265 831 1307 καί
864 1265 1092 1320 διατρήσας
1133 1265 1208 1343 την
1246 1268 1424 1322 σιδηρᾶν
1461 1268 1683 1323 χλαμύδα,
1713 1271 1787 1312 καί

315 1328 446 1386 (ζήτις
473 1331 636 1385 ὑπῆρχε
662 1333 1022 1386 κατεσκευασμένη
1049 1349 1105 1382 ως
1125 1330 1176 1373 τά
1208 1334 1285 1373 τοῦ
1311 1334 1531 1387 Ἀχιλλέως
1558 1329 1681 1388 οπλα,
1708 1335 1786 1376 ουκ

351 1395 532 1453 ἠδύνατο
566 1396 649 1436 ὑπὸ
694 1400 769 1450 τῆς
805 1398 959 1451 πληγῆς
998 1397 1181 1451 ἠρεμεῖν.
1254 1397 1327 1440 καί
1368 1401 1477 1453 λέγει
1518 1401 1577 1457 τῷ
1618 1402 1788 1454 βασιλεῖ

350 1462 504 1516 ,,στῆθι
540 1463 815 1515 θαρσαλέως,
859 1460 939 1516 ἐγώ
970 1463 1016 1504 δὲ
1034 1464 1177 1517 μέχρι
1209 1465 1282 1518 τῆς
1307 1462 1405 1519 νηὸς
1431 1462 1689 1518 ἐλεύσομαι,·
1709 1461 1785 1506 κᾶ-

350 1533 418 1568 κεῖ
447 1528 679 1580 ῖατρευθείς
722 1524 848 1580 τάχος
886 1530 1229 1582 ἐπαναστρέψω.”
1299 1523 1352 1583 ἦν
1377 1527 1458 1585 γάρ
1502 1530 1547 1571 ἐν
1574 1530 1705 1587 ἐκείνῃ
1731 1532 1847 1587 τῇαο

351 1588 439 1649 ὥρα
463 1593 731 1646 πληροῦσθαι
763 1593 814 1634 τά
842 1592 912 1634 διὰ
942 1595 1018 1634 τοῦ
1045 1594 1242 1649 Ἰερεμίου
1269 1597 1469 1649 λεχθέντα
1498 1600 1583 1644 τοῖς
1606 1595 1784 1640 'lovem'-

353 1673 413 1707 οις
441 1654 603 1710 ,,οὗ’τως
647 1658 776 1711 ἐρεῖτε
818 1656 923 1714 πρὸς
950 1660 1172 1705 Σεδεκίαν·
1201 1660 1300 1701 τάδε
1327 1662 1437 1714 λέγει
1463 1659 1606 1717 κύριος
1634 1659 1657 1703 ὅ
1684 1659 1785 1711 θεὸς

346 1723 527 1778 Ἰσραήλ.
583 1721 676 1764 ἰδού
695 1755 705 1774 ,
737 1721 816 1777 ἐγώ
843 1725 1118 1779 μεταστρέφω
1138 1723 1191 1766 τά
1222 1721 1329 1766 ὅπλα
1356 1724 1409 1768 τά
1436 1724 1636 1779 πολεμικά
1662 1724 1715 1768 τὰ
1738 1729 1784 1768 ἐν

351 1793 443 1839 ταῖς
471 1787 618 1844 χερσῖν
646 1789 787 1843 ὑμῶν,
819 1791 864 1831 ἐν
891 1786 952 1839 οἷς
980 1789 1098 1842 ὑμεῖς
1126 1794 1339 1844 πολεμεῖτε
1369 1793 1413 1834 ἐν
1439 1791 1578 1841 αὐτοῖς
1605 1789 1678 1834 τὸν
1703 1795 1781 1846 βα·

349 1961 395 1994 lis
420 1959 578 2006 denique
601 1961 890 2005 propugnaculis,
921 1961 1015 1994 inter
1038 1967 1159 2006 portas
1183 1962 1367 2008 pulchram
1393 1968 1430 1997 et
1451 1975 1613 2006 auream,
1635 1975 1701 2009 per
1723 1970 1780 1998 to-

347 2013 425 2041 tum
448 2019 631 2040 murorum
657 2008 851 2049 ambitum,
887 2009 1090 2053 sagittarius
1119 2021 1234 2051 unus,
1259 2010 1435 2043 iaculator
1461 2012 1519 2044 vel
1544 2011 1782 2056 sclopetarius

347 2053 538 2109 impositu-S
564 2059 664 2097 erat3
687 2060 837 2099 totaque
862 2034 946 2087 illa1³
957 2061 1062 2088 nocte
1085 2056 1224 2100 vigilias
1259 2062 1416 2101 egerunt.
1441 2062 1479 2091 at
1504 2058 1637 2098 Turci,
1663 2058 1783 2102 conci-

347 2106 448 2135 tante
469 2102 631 2146 principe
656 2112 732 2143 suo,
758 2102 869 2134 scalas
889 2102 998 2135 muris
1015 2102 1172 2136 infinitas
1199 2103 1387 2136 admovere
1404 2103 1587 2137 festinant.
1610 2083 1783 2148 tyrannus

346 2154 430 2193 post
454 2149 566 2181 aciem
588 2149 722 2192 virgam
747 2149 896 2181 ferream
915 2154 1070 2193 gestans,
1098 2150 1186 2182 alias
1210 2149 1445 2191 blandiendo,
1472 2151 1561 2183 alias
1581 2150 1782 2184 minitando

347 2195 550 2239 sagittarios
570 2195 616 2227 ad
631 2195 774 2228 moenia
801 2195 999 2240 impellere,
1027 2207 1178 2240 quorum
1204 2197 1377 2241 impetum
1400 2197 1487 2230 totis
1511 2196 1647 2230 viribus
1676 2197 1780 2230 obni-

347 2241 458 2275 tendo
484 2241 712 2274 sustinebant
736 2241 883 2275 obsessi.
907 2242 1084 2275 Iohannes
1109 2244 1259 2287 stipatus
1285 2243 1379 2284 suis,
1405 2248 1442 2275 et
1466 2243 1528 2287 qui
1554 2254 1649 2276 arma
1674 2243 1783 2276 indu-

346 2292 405 2321 tus
432 2289 625 2332 imperator
649 2288 774 2321 aderat
795 2300 873 2322 cum
894 2290 1006 2333 copiis
1031 2290 1226 2330 universis,
1265 2290 1394 2322 acriter
1417 2290 1596 2333 praeliari.
1623 2301 1702 2322 cum
1726 2301 1782 2322 er-

348 2345 391 2379 go
416 2334 462 2366 ad
475 2335 608 2367 Turcos
635 2336 778 2368 fortuna
801 2347 971 2380 prospera
996 2346 1033 2368 se
1056 2347 1140 2368 mox
1163 2346 1374 2369 conversura
1399 2341 1515 2377 esset,
1541 2347 1584 2369 ex
1609 2337 1782 2369 Romaeo-

348 2392 427 2414 rum
449 2381 525 2413 acie
551 2381 681 2423 media,
708 2382 834 2415 ducem
848 2382 1047 2426 Gigantem,
1073 2382 1286 2415 bellicosum
1311 2382 1513 2426 fortemque
1540 2382 1667 2424 virum,
1693 2383 1782 2415 deus

348 2427 510 2460 abstulit.
548 2429 577 2462 is
608 2428 737 2472 glande
778 2429 948 2473 plumbea
984 2429 1022 2462 in
1053 2440 1178 2462 manus
1209 2434 1311 2473 parte
1347 2429 1563 2473 posteriori,
1589 2435 1783 2474 antequam

347 2474 567 2515 lucesceret,
601 2476 830 2517 vulneratus,
870 2481 1039 2520 perrupta
1071 2475 1256 2518 chlamyde
1294 2475 1429 2516 ferrea,
1462 2476 1567 2509 armis
1610 2475 1783 2509 Achilleis

346 2521 446 2566 pari,
473 2532 558 2565 prae
596 2520 719 2554 dolore
745 2527 837 2555 stare
876 2522 1029 2567 amplius
1054 2533 1128 2555 non
1150 2527 1302 2566 poterat.
1327 2521 1535 2566 imperatori
1557 2523 1643 2556 ideo
1669 2521 1782 2555 dixit:

348 2568 496 2600 firmiter
519 2567 579 2600 hic
602 2573 679 2609 sta·
705 2580 768 2612 ego
792 2569 921 2603 vulnus
950 2574 1134 2602 curaturus
1158 2568 1204 2601 ad
1227 2580 1293 2601 nav
1297 2579 1351 2600 em
1378 2579 1435 2601 me
1459 2569 1615 2609 confero,
1639 2568 1782 2614 hucque

349 2614 469 2646 statim
501 2620 666 2647 revertar
703 2615 766 2647 illa
802 2616 937 2661 quippe
962 2615 1050 2648 hora
1074 2615 1303 2660 adimplenda
1328 2620 1447 2655 erant,
1475 2626 1568 2660 quae
1591 2615 1735 2648 Iudaeis
1760 2626 1785 2646 a

347 2660 499 2693 Ieremia
523 2660 577 2706 (αι
604 2661 639 2706 3)
666 2660 760 2694 dicta
785 2668 878 2695 sunt.
904 2662 978 2700 „sic
1005 2662 1133 2695 dicetis
1172 2660 1359 2694 Sedekiae
1387 2661 1475 2694 haec
1503 2662 1592 2694 dicit
1615 2661 1781 2694 dominus

348 2706 435 2740 deus
456 2707 576 2739 Israel.
602 2718 682 2739 ecee
710 2719 773 2752 ego
815 2685 1017 2743 convertam
1044 2720 1126 2742 vasa
1150 2708 1262 2748 belli,
1288 2718 1380 2752 quae
1404 2708 1442 2740 in
1465 2708 1630 2742 manibus
1654 2708 1781 2741 vestris

349 2758 433 2788 sunt
456 2759 493 2787 et
514 2752 645 2799 quibus
670 2766 731 2788 vos
756 2756 921 2800 pugnatis
948 2755 1133 2789 adversum
1159 2764 1274 2800 regem
1293 2753 1484 2798 Babylonis
1510 2761 1546 2790 et
1564 2754 1779 2801 Chaldaeos,
