1884 3216
292 162 400 218 282
632 180 815 224 DUCAE
850 177 1133 224 nncuAms
1168 180 1392 223 NEPo‘ns

290 279 361 323 διὰ
389 282 464 335 τῆς
489 278 632 329 νυκτὸς
660 281 816 336 ἐκείνης
847 278 1177 335 ἀγωνισάμενος,
1203 281 1276 325 καί
1300 279 1501 333 κελεύσας
1527 281 1604 334 τὰς
1628 286 1729 340 κλη-

286 345 469 398 ματίδας
503 343 670 394 ἁπάσας
709 345 786 394 τάς
817 345 1114 400 εὑρισκομένοις
1153 349 1199 390 ἐν
1237 350 1292 405 τῇ
1323 347 1442 391 πόλει
1479 353 1728 404 συναγαγεῖν

288 412 362 452 καί
387 413 559 466 τεθῆναι
601 411 647 454 έν
679 416 765 459 τοῖς
800 409 1019 465 ἐρειπίοις,
1061 412 1373 462 κατασκευάσας
1414 409 1544 468 ἄλλην
1567 411 1729 470 τάφρον

289 472 460 518 ἔνδοθεν
485 477 561 518 τοῦ
590 474 873 532 φυλάττεσθαι
903 473 954 517 τά
987 478 1106 532 τείχη
1131 477 1182 520 τά
1211 480 1446 535 φθαρέντα.
1475 477 1514 520 οἱ
1543 479 1591 521 δὲ
1615 475 1728 521 ‘Pm-

288 546 409 593 μαῖοι
437 539 593 590 ι’ὃόντες
621 541 697 595 τὴν
725 541 1001 591 εἰσοδοέξοὸον
1019 544 1159 586 αὐτῶν
1186 543 1376 600 φανεράν
1402 546 1633 599 γενομένην,
1659 541 1731 586 καί
1740 542 1766 585 5

288 604 347 660 μὴ
376 607 631 659 δυναμένους
666 606 818 654 ἐξιέναι
850 603 932 656 ἔξω
976 607 1051 661 τῆς
1074 607 1205 664 πύλης
1230 611 1303 652 καί
1329 608 1614 652 ἀνθίστασθαι
1640 612 1729 657 τοῖς

295 669 495 726 Ὶούρκοις
523 673 568 712 ἐν
593 673 648 727 τῷ
676 669 756 721 ἔξω
790 667 953 729 κάστρῳ
987 667 1350 729 άπερικαλύπτους
1378 670 1503 724 ὄντας
1527 674 1610 717 τῶν
1642 688 1727 716 τει-

250 751 277 783 Β
286 739 399 791 χέων
436 736 772 786 καταπεσόντων,
819 731 924 791 ἦσάν
952 753 1057 787 τινες
1098 741 1182 781 τῶν
1219 740 1421 795 γερόντων
1460 736 1727 799 ἐπιστάμενοι

285 799 567 857 παραπόρτιον
595 803 639 843 ἓν
668 802 748 856 πρὸ
784 805 946 848 πολλῶν
974 800 1142 859 χρόνων
1171 805 1375 861 ἀσφαλῶς
1398 805 1724 862 πεφραγμένον,-

285 865 511 920 ὖπόγαιον,
546 864 652 921 πρὸς
698 864 745 909 τὸ
777 864 965 909 κάτωθεν
1002 869 1131 924 μέρος
1158 872 1232 911 τοῦ
1275 869 1513 914 naiadum·
1548 871 1625 912 καί
1651 871 1791 926 δη-ιο

284 929 490 980 λώσαντες
526 933 584 988 τῷ
609 934 797 985 βασιλεῖ,
848 931 917 975 διά
942 933 1207 989 προστάξεως
1236 937 1370 978 αὐτοῦ
1397 935 1601 991 ἠνοίχθη·
1657 933 1729 978 καὶ
1764 956 1770 961 ·

282 996 500 1052 ἐξήρχοντο
528 998 571 1048 ἐξ
601 998 735 1040 αὐτοῦ’
760 998 1104 1054 περισκεπόμενοι
1130 1006 1214 1051 τοῖς
1240 1003 1397 1056 τείχεσι
1411 1006 1496 1051 τοῖς
1511 998 1726 1056 ὑγιαίνου-

281 1079 326 1106 σι
344 1095 355 1114 ,
383 1064 458 1104 καί
482 1061 760 1118 οἶντεμάχοντο
788 1069 878 1114 τοῖς
898 1064 1101 1120 Τούρκοις
1129 1067 1175 1109 ἐν
1197 1068 1259 1123 τῷ
1278 1069 1545 1125 περιβολαίῳ.
1598 1061 1727 1110 τό’δὲ

283 1124 416 1182 ὄνομα
440 1130 514 1184 τῆς
541 1132 706 1187 κρυφῆς
732 1132 891 1185 ἐκείνης
924 1130 1059 1187 πύλης
1088 1133 1273 1175 ἐκαλεῖτό
1303 1147 1405 1175 ποτε
1435 1132 1725 1189 Κερκόπορτα.

283 1194 305 1237 ὅ
337 1196 383 1236 δὲ
409 1196 613 1251 τύραννος
641 1192 796 1251 ἤρξατο
823 1196 957 1253 ἡμέρᾳ
986 1200 1166 1255 κυριακῇ
1195 1199 1418 1241 συνάπτειν
1445 1197 1623 1252 πόλεμον
1648 1214 1724 1240 κα·-
1742 1205 1791 1246 '15

282 1259 450 1303 θολικὸν
469 1293 481 1315 ‚
523 1261 596 1303 καί
642 1260 694 1317 δη
723 1260 900 1317 ἑσπέρας
944 1265 1164 1319 γενομένης
1206 1265 1282 1305 ου’κ
1311 1264 1462 1306 ἔδωκεν
1489 1262 1726 1306 ἀνάπαυσιν

282 1334 367 1376 τοῖς
405 1328 626 1380 Ῥωμαίοις
672 1329 725 1385 τῇ
757 1327 875 1371 νυκτὶ
901 1329 1062 1385 ἐκείνῃ·
1135 1325 1188 1385 ἦν
1215 1329 1296 1384 γάρ
1325 1329 1352 1385 ἦ
1380 1327 1558 1386 κυριακὴ
1589 1327 1723 1384 ἐκείνη

282 1394 366 1435 τῶν
391 1393 520 1446 ἁγίων
545 1390 730 1446 πάντων,
761 1389 872 1448 ἄγων
905 1392 925 1435 ὃ
957 1392 1105 1443 Μάϊος
1131 1395 1293 1449 ἡμέρας
1322 1394 1399 1447 κζ’.
1456 1392 1724 1451 ἐπιφωσκού-

244 1468 358 1513 (Ζσης
388 1461 435 1500 δὲ
465 1460 538 1515 τῆς
563 1457 724 1514 ἡμέρας
752 1462 914 1515 συνῆψε
936 1458 1116 1514 πόλεμον
1144 1461 1194 1502 ου’
1216 1459 1337 1504 τόσον
1365 1457 1491 1517 ἄχρις
1517 1457 1632 1517 ὧρας
1659 1461 1724 1502 ἒν-

283 1522 421 1579 νάτης.
467 1523 596 1578 ·μετά
627 1527 673 1568 δὲ
717 1524 794 1581 τὴν
821 1525 990 1581 ἑννάτην
1029 1528 1158 1568 διεῖλε
1194 1525 1266 1569 τὸν
1307 1525 1486 1583 στρατὸν
1535 1524 1617 1567 ἀπὸ
1647 1527 1724 1568 τοῦ
1736 1543 1789 1570 20

284 1587 485 1631 παλατίου
533 1592 661 1647 μέχρι
688 1593 762 1645 τῆς
790 1586 977 1647 χρυσῆς,
1015 1591 1087 1635 καί
1113 1591 1167 1635 τά
1196 1589 1443 1648 ὄγδοήκοντα
1485 1595 1610 1634 πλοῖοι
1638 1589 1722 1633 οἷπὸ

282 1657 354 1708 τῆς
380 1652 653 1711 Ξυλοπόρτης
695 1652 799 1713 ἄχρι
830 1659 902 1713 τῆς
941 1658 1177 1709 πλατέαςγ
1207 1657 1260 1701 τά
1290 1660 1337 1701 δὲ
1369 1658 1491 1714 ἕτερα
1520 1656 1721 1711 ἱστάμενα

283 1722 329 1762 έν
365 1722 422 1779 τῷ
469 1722 727 1780 διπλοκιονίῳ
775 1723 1109 1779 περιεκύκλωσαν
1151 1722 1233 1767 α’πό
1273 1726 1348 1779 τῆς
1399 1722 1563 1780 ὦραίας
1588 1719 1722 1778 πύλης

283 1870 527 1914 singultiebat.
575 1871 753 1906 Iohannes
776 1885 883 1918 porro
907 1881 1013 1908 nocte
1041 1876 1105 1908 illa
1132 1880 1276 1909 strenue
1301 1875 1498 1915 laboravit,
1524 1873 1722 1919 omniaque

282 1923 460 1951 sarmenta
475 1943 484 1958 ,
509 1930 601 1963 quae
629 1919 667 1952 in
691 1920 780 1952 urbe
805 1922 953 1966 reperiri
978 1927 1143 1967 possent,
1170 1922 1383 1967 comportari
1409 1921 1534 1962 iussit,
1558 1925 1600 1954 ut
1621 1931 1723 1954 moe-

281 1964 382 1996 nium
419 1964 609 1999 ruderibus
646 1966 779 2000 iniecta
817 1969 881 2001 illa
919 1970 1066 2002 loricam
1102 1981 1142 2002 ac
1174 1969 1459 2009 munimentum,
1484 1978 1555 2012 quo
1583 1967 1721 2001 milites

281 2017 571 2055 protegerentur,
598 2012 787 2055 efficerent,
814 2016 1017 2062 fossamque
1042 2017 1137 2049 intra
1162 2017 1336 2049 ambitum
1361 2016 1438 2060 ipse
1463 2013 1621 2054 duceret,
1647 2025 1719 2059 qua

282 2057 438 2103 dirutam
469 2070 591 2092 eorum
631 2065 768 2105 partem
802 2067 975 2096 tueretur.
1015 2069 1052 2096 at
1079 2064 1225 2096 Romaei
1248 2062 1393 2096 interim
1418 2061 1522 2095 dubii
1546 2060 1719 2101 haerent,

282 2111 468 2138 cernentes
493 2106 659 2141 hostibus
682 2113 806 2153 patere
829 2110 947 2151 viam,
986 2121 1057 2155 qua
1084 2110 1174 2143 urbe
1198 2109 1318 2154 egredi
1338 2109 1450 2154 inque
1477 2118 1555 2140 eam
1582 2117 1720 2140 remea-

281 2161 320 2183 re
343 2158 509 2196 possent;
545 2165 612 2187 nec
642 2161 833 2200 propterea
870 2157 1025 2189 liberum
1062 2157 1132 2190 sibi
1154 2167 1231 2190 esse
1260 2167 1301 2190 ea
1327 2165 1536 2200 erumpere,
1571 2159 1612 2187 ut
1638 2164 1717 2186 cum

280 2196 408 2231 Turcis
435 2199 473 2231 in
500 2202 678 2234 exteriore
700 2204 969 2248 propugnaculo
993 2209 1212 2249 pugnarent,
1241 2202 1340 2249 quod
1363 2213 1464 2234 muro
1495 2200 1615 2233 diruto
1638 2210 1717 2232 cor-

280 2255 368 2288 pora
403 2245 501 2278 nuda
525 2247 689 2282 hostibus
731 2250 955 2292 obiicerem,
991 2262 1058 2284 nec
1095 2261 1167 2296 quo
1208 2261 1244 2283 se
1276 2253 1506 2294 protegerent
1529 2246 1716 2279 haberent.

281 2301 407 2324 senum
441 2292 563 2338 itaque
604 2297 839 2340 quorumdam
871 2297 1031 2339 indicio,
1064 2292 1168 2342 porta
1194 2296 1444 2335 subterranea,
1473 2299 1558 2326 ante
1581 2293 1717 2326 multos

280 2348 393 2372 annos
416 2339 521 2372 valde
544 2343 702 2384 munita,
728 2344 767 2377 in
790 2345 918 2389 palatii
944 2350 1046 2389 parte
1079 2343 1241 2377 inferiori
1269 2340 1476 2388 imperatori
1500 2339 1718 2380 innotescit,

281 2395 388 2428 quam
421 2387 542 2419 statim
568 2390 699 2432 aperiri
733 2390 855 2434 iubet3
892 2402 1006 2436 eaque
1031 2391 1177 2424 Romaei
1213 2390 1322 2422 muris
1346 2387 1500 2434 protecti
1526 2386 1716 2431 eruptione

281 2430 375 2465 facta
399 2431 437 2464 in
460 2444 585 2477 aggere
614 2442 712 2470 extra
738 2450 858 2472 muros
884 2449 963 2471 cum
988 2438 1114 2471 Turcis
1132 2436 1350 2482 pugnabant.
1373 2435 1463 2468 haec
1487 2439 1607 2466 autem
1636 2443 1717 2465 cae-

281 2488 322 2510 ca
345 2483 449 2523 porta
476 2480 691 2526 Cercoporta
719 2485 807 2518 olim
833 2486 1016 2530 appellata
1049 2485 1128 2517 fnit.
1151 2490 1322 2527 tyrannus
1345 2492 1451 2526 porro
1477 2480 1537 2513 die
1561 2479 1718 2512 ‹lomini-

282 2535 321 2556 ca
346 2525 472 2558 urbem
507 2527 552 2559 ab
590 2530 687 2562 omni
713 2537 814 2576 parte
839 2542 1044 2577 oppugnare
1068 2531 1206 2575 coepit;
1240 2529 1459 2576 praeliisque
1488 2525 1669 2560 continuis
1696 2537 1718 2558 a

281 2582 428 2616 vespera
452 2584 518 2617 per
549 2579 661 2608 totam
685 2584 827 2612 noctem
851 2580 1023 2612 Romaeos
1060 2578 1240 2622 fatigavit3
1261 2581 1338 2610 erat
1361 2581 1479 2608 autem
1506 2573 1570 2606 illa
1600 2572 1717 2606 domi-

282 2619 363 2650 nica
390 2619 567 2654 festivitas
595 2624 754 2658 omnium
778 2631 999 2665 sanctorum,
1034 2625 1122 2659 Maii
1147 2624 1223 2657 dies
1247 2622 1387 2656 XXVII.
1412 2625 1602 2666 postquam
1629 2619 1716 2652 illu-

282 2664 352 2704 xit,
387 2665 433 2699 ad
475 2666 599 2701 horam
641 2682 755 2715 usque
788 2673 862 2705 diei
900 2683 1031 2706 nonam
1069 2671 1248 2705 remissius
1286 2673 1493 2714 pugnatum.
1520 2666 1718 2700 exercitum

282 2711 415 2745 deinde
439 2713 477 2747 in
503 2714 575 2747 duo
603 2718 742 2760 agmina
765 2729 784 2750 a
806 2720 942 2765 palatio
977 2729 1090 2763 usque
1116 2718 1160 2751 ad
1184 2721 1322 2762 portam
1346 2725 1488 2748 auream
1516 2712 1715 2746 distribuit.

284 2759 463 2804 octoginta
502 2762 609 2796 etiam
646 2763 799 2798 biremes
839 2777 859 2798 a
888 2766 975 2810 ligni
1003 2771 1106 2811 porta
1142 2774 1255 2810 usque
1287 2762 1332 2796 ad
1358 2762 1513 2795 Plateam
1538 2760 1709 2800 collocat5
