<?xml version="1.0" encoding="UTF-8"?>
<!DOCTYPE html PUBLIC "-//W3C//DTD XHTML 1.0 Transitional//EN"
    "http://www.w3.org/TR/xhtml1/DTD/xhtml1-transitional.dtd">
<html xmlns="http://www.w3.org/1999/xhtml" xml:lang="en" lang="en">
 <head>
  <title>
</title>
<meta http-equiv="Content-Type" content="text/html;charset=utf-8" />
  <meta name='ocr-system' content='tesseract 3.04.00' />
  <meta name='ocr-capabilities' content='ocr_page ocr_carea ocr_par ocr_line ocrx_word'/>
</head>
<body>
  <div class='ocr_page' id='page_1' title='image "./corpusscriptorum11niebuoft_0563.png"; bbox 0 0 1916 3210; ppageno 0'>
   <div class='ocr_carea' id='block_1_1' title="bbox 0 0 144 99">
    <p class='ocr_par' dir='ltr' id='par_1_1' title="bbox 0 0 144 99">
     <span class='ocr_line' id='line_1_1' title="bbox 0 0 144 99; baseline 0 3111"><span class='ocrx_word' id='word_1_1' title='bbox 0 0 144 99; x_wconf 95' lang='lat' dir='ltr'><strong> </strong></span> 
     </span>
    </p>
   </div>
   <div class='ocr_carea' id='block_1_2' title="bbox 580 158 1603 237">
    <p class='ocr_par' dir='ltr' id='par_1_2' title="bbox 580 158 1603 237">
     <span class='ocr_line' id='line_1_2' title="bbox 580 158 1603 237; baseline -0.007 -6"><span class='ocrx_word' id='word_1_2' title='bbox 580 191 655 232; x_wconf 73' lang='lat' dir='ltr'><strong>An</strong></span> <span class='ocrx_word' id='word_1_3' title='bbox 697 191 815 233; x_wconf 81' lang='lat' dir='ltr'>CAP.</span> <span class='ocrx_word' id='word_1_4' title='bbox 829 177 935 231; x_wconf 67' lang='lat' dir='ltr'><strong>fvi:</strong></span> <span class='ocrx_word' id='word_1_5' title='bbox 966 189 1162 231; x_wconf 77' lang='lat' dir='ltr'><strong>NOTAE.</strong></span> <span class='ocrx_word' id='word_1_6' title='bbox 1476 158 1603 237; x_wconf 71' lang='grc'><strong>’545</strong></span> 
     </span>
    </p>
   </div>
   <div class='ocr_carea' id='block_1_3' title="bbox 116 290 1659 844">
    <p class='ocr_par' dir='ltr' id='par_1_3' title="bbox 138 290 1616 736">
     <span class='ocr_line' id='line_1_3' title="bbox 144 290 1608 347; baseline -0.004 -11"><span class='ocrx_word' id='word_1_7' title='bbox 144 294 338 337; x_wconf 62' lang='lat' dir='ltr'><strong>-nb‘mur</strong></span> <span class='ocrx_word' id='word_1_8' title='bbox 381 295 576 347; x_wconf 72' lang='lat' dir='ltr'><strong>superato</strong></span> <span class='ocrx_word' id='word_1_9' title='bbox 619 292 873 346; x_wconf 85' lang='lat' dir='ltr'><strong>Hellesponti</strong></span> <span class='ocrx_word' id='word_1_10' title='bbox 915 292 1022 332; x_wconf 86' lang='lat' dir='ltr'><strong>freto</strong></span> <span class='ocrx_word' id='word_1_11' title='bbox 1053 290 1432 347; x_wconf 81' lang='lat' dir='ltr'><strong>Didymotoechum</strong></span> <span class='ocrx_word' id='word_1_12' title='bbox 1478 290 1608 331; x_wconf 81' lang='lat' dir='ltr'><strong>advo-</strong></span> 
     </span>
     <span class='ocr_line' id='line_1_4' title="bbox 151 346 1609 403; baseline -0.004 -12"><span class='ocrx_word' id='word_1_13' title='bbox 151 348 318 402; x_wconf 42' lang='lat' dir='ltr'><strong>htfflei</strong></span> <span class='ocrx_word' id='word_1_14' title='bbox 347 350 470 403; x_wconf 73' lang='lat' dir='ltr'><strong>opem</strong></span> <span class='ocrx_word' id='word_1_15' title='bbox 494 346 676 400; x_wconf 78' lang='lat' dir='ltr'><strong>laturu83</strong></span> <span class='ocrx_word' id='word_1_16' title='bbox 709 350 779 402; x_wconf 87' lang='lat' dir='ltr'><strong>qui</strong></span> <span class='ocrx_word' id='word_1_17' title='bbox 807 363 831 387; x_wconf 86' lang='lat' dir='ltr'><strong>a</strong></span> <span class='ocrx_word' id='word_1_18' title='bbox 861 349 1141 388; x_wconf 85' lang='lat' dir='ltr'><strong>Cantacuzeno</strong></span> <span class='ocrx_word' id='word_1_19' title='bbox 1168 346 1346 387; x_wconf 86' lang='lat' dir='ltr'><strong>humane</strong></span> <span class='ocrx_word' id='word_1_20' title='bbox 1373 361 1420 386; x_wconf 82' lang='lat' dir='ltr'><strong>ac</strong></span> <span class='ocrx_word' id='word_1_21' title='bbox 1451 348 1609 401; x_wconf 80' lang='lat' dir='ltr'><strong>magni-</strong></span> 
     </span>
     <span class='ocr_line' id='line_1_5' title="bbox 160 401 1610 458; baseline -0.004 -12"><span class='ocrx_word' id='word_1_22' title='bbox 160 401 491 458; x_wconf 63' lang='lat' dir='ltr'><strong>floeexcipitur,</strong></span> <span class='ocrx_word' id='word_1_23' title='bbox 520 410 561 443; x_wconf 87' lang='lat' dir='ltr'><strong>et</strong></span> <span class='ocrx_word' id='word_1_24' title='bbox 588 417 665 456; x_wconf 89' lang='lat' dir='ltr'><strong>per</strong></span> <span class='ocrx_word' id='word_1_25' title='bbox 694 401 865 457; x_wconf 82' lang='lat' dir='ltr'><strong>longum</strong></span> <span class='ocrx_word' id='word_1_26' title='bbox 893 409 1050 456; x_wconf 91' lang='lat' dir='ltr'><strong>tempus</strong></span> <span class='ocrx_word' id='word_1_27' title='bbox 1079 403 1234 442; x_wconf 84' lang='lat' dir='ltr'><strong>frustra</strong></span> <span class='ocrx_word' id='word_1_28' title='bbox 1263 407 1471 455; x_wconf 87' lang='lat' dir='ltr'><strong>expectato</strong></span> <span class='ocrx_word' id='word_1_29' title='bbox 1504 405 1610 441; x_wconf 87' lang='lat' dir='ltr'><strong>Can—</strong></span> 
     </span>
     <span class='ocr_line' id='line_1_6' title="bbox 142 457 1612 511; baseline -0.003 -11"><span class='ocrx_word' id='word_1_30' title='bbox 142 467 385 500; x_wconf 49' lang='lat' dir='ltr'><strong>“anuzeno‘</strong></span> <span class='ocrx_word' id='word_1_31' title='bbox 403 459 446 498; x_wconf 87' lang='lat' dir='ltr'><strong>in</strong></span> <span class='ocrx_word' id='word_1_32' title='bbox 484 457 626 498; x_wconf 81' lang='lat' dir='ltr'><strong>Asiam</strong></span> <span class='ocrx_word' id='word_1_33' title='bbox 653 459 908 502; x_wconf 74' lang='lat' dir='ltr'><strong>revertitur.</strong></span> <span class='ocrx_word' id='word_1_34' title='bbox 951 458 1063 499; x_wconf 88' lang='lat' dir='ltr'><strong>unde</strong></span> <span class='ocrx_word' id='word_1_35' title='bbox 1092 458 1144 498; x_wconf 84' lang='lat' dir='ltr'><strong>ab</strong></span> <span class='ocrx_word' id='word_1_36' title='bbox 1173 458 1241 498; x_wconf 88' lang='lat' dir='ltr'><strong>illo</strong></span> <span class='ocrx_word' id='word_1_37' title='bbox 1269 464 1456 497; x_wconf 83' lang='lat' dir='ltr'><strong>evocatus</strong></span> <span class='ocrx_word' id='word_1_38' title='bbox 1487 472 1612 511; x_wconf 86' lang='lat' dir='ltr'><strong>opem</strong></span> 
     </span>
     <span class='ocr_line' id='line_1_7' title="bbox 150 511 1612 567; baseline -0.003 -11"><span class='ocrx_word' id='word_1_39' title='bbox 150 514 267 567; x_wconf 57' lang='grc' dir='ltr'><strong>ἲεή,</strong></span> <span class='ocrx_word' id='word_1_40' title='bbox 294 521 336 555; x_wconf 83' lang='lat' dir='ltr'><strong>et</strong></span> <span class='ocrx_word' id='word_1_41' title='bbox 361 511 576 554; x_wconf 77' lang='lat' dir='ltr'>auxiliares</span> <span class='ocrx_word' id='word_1_42' title='bbox 604 513 743 567; x_wconf 82' lang='lat' dir='ltr'><strong>copias</strong></span> <span class='ocrx_word' id='word_1_43' title='bbox 775 514 810 554; x_wconf 91' lang='lat' dir='ltr'><strong>ei</strong></span> <span class='ocrx_word' id='word_1_44' title='bbox 839 514 1017 554; x_wconf 84' lang='lat' dir='ltr'>adducit.</span> <span class='ocrx_word' id='word_1_45' title='bbox 1050 528 1145 553; x_wconf 89' lang='lat' dir='ltr'><strong>cum</strong></span> <span class='ocrx_word' id='word_1_46' title='bbox 1165 527 1266 553; x_wconf 88' lang='lat' dir='ltr'><strong>vero</strong></span> <span class='ocrx_word' id='word_1_47' title='bbox 1283 513 1458 567; x_wconf 85' lang='lat' dir='ltr'><strong>Smyrna</strong></span> <span class='ocrx_word' id='word_1_48' title='bbox 1488 528 1511 552; x_wconf 88' lang='lat' dir='ltr'><strong>a</strong></span> <span class='ocrx_word' id='word_1_49' title='bbox 1530 514 1612 552; x_wconf 85' lang='lat' dir='ltr'><strong>La..</strong></span> 
     </span>
     <span class='ocr_line' id='line_1_8' title="bbox 158 567 1614 626; baseline -0.002 -16"><span class='ocrx_word' id='word_1_50' title='bbox 158 571 257 611; x_wconf 67' lang='lat' dir='ltr'><strong>linis</strong></span> <span class='ocrx_word' id='word_1_51' title='bbox 297 576 419 626; x_wconf 17' lang='lat' dir='ltr'><strong>capta?</strong></span> <span class='ocrx_word' id='word_1_52' title='bbox 457 567 620 619; x_wconf 84' lang='lat' dir='ltr'><strong>fuisset,</strong></span> <span class='ocrx_word' id='word_1_53' title='bbox 669 582 760 608; x_wconf 88' lang='lat' dir='ltr'><strong>eam</strong></span> <span class='ocrx_word' id='word_1_54' title='bbox 804 576 1122 623; x_wconf 83' lang='lat' dir='ltr'><strong>oppugnaturus</strong></span> <span class='ocrx_word' id='word_1_55' title='bbox 1150 570 1348 608; x_wconf 89' lang='lat' dir='ltr'><strong>Amurius</strong></span> <span class='ocrx_word' id='word_1_56' title='bbox 1375 568 1462 608; x_wconf 86' lang='lat' dir='ltr'><strong>abit</strong></span> <span class='ocrx_word' id='word_1_57' title='bbox 1481 597 1494 619; x_wconf 88' lang='lat'>,</span> <span class='ocrx_word' id='word_1_58' title='bbox 1522 568 1614 607; x_wconf 85' lang='lat' dir='ltr'><strong>fru-</strong></span> 
     </span>
     <span class='ocr_line' id='line_1_9' title="bbox 159 623 1614 680; baseline -0.003 -13"><span class='ocrx_word' id='word_1_59' title='bbox 159 631 326 680; x_wconf 72' lang='lat' dir='ltr'><strong>straque</strong></span> <span class='ocrx_word' id='word_1_60' title='bbox 351 630 494 668; x_wconf 78' lang='lat' dir='ltr'><strong>tentat.</strong></span> <span class='ocrx_word' id='word_1_61' title='bbox 522 624 762 677; x_wconf 84' lang='lat' dir='ltr'>imperatrix</span> <span class='ocrx_word' id='word_1_62' title='bbox 802 625 853 664; x_wconf 88' lang='lat' dir='ltr'><strong>ad</strong></span> <span class='ocrx_word' id='word_1_63' title='bbox 882 625 1123 665; x_wconf 89' lang='lat' dir='ltr'><strong>Orchanem</strong></span> <span class='ocrx_word' id='word_1_64' title='bbox 1152 624 1299 674; x_wconf 78' lang='lat' dir='ltr'><strong>auxilia</strong></span> <span class='ocrx_word' id='word_1_65' title='bbox 1329 631 1522 678; x_wconf 81' lang='lat' dir='ltr'><strong>rogatum</strong></span> <span class='ocrx_word' id='word_1_66' title='bbox 1550 623 1614 663; x_wconf 89' lang='lat' dir='ltr'><strong>le-</strong></span> 
     </span>
     <span class='ocr_line' id='line_1_10' title="bbox 138 679 1616 736; baseline -0.003 -14"><span class='ocrx_word' id='word_1_67' title='bbox 138 680 450 736; x_wconf 68' lang='lat' dir='ltr'><strong>gatosmittit-</strong></span> <span class='ocrx_word' id='word_1_68' title='bbox 471 685 512 718; x_wconf 84' lang='lat' dir='ltr'><strong>et</strong></span> <span class='ocrx_word' id='word_1_69' title='bbox 539 679 684 719; x_wconf 83' lang='lat' dir='ltr'><strong>foedus</strong></span> <span class='ocrx_word' id='word_1_70' title='bbox 717 693 812 719; x_wconf 88' lang='lat' dir='ltr'><strong>cum</strong></span> <span class='ocrx_word' id='word_1_71' title='bbox 840 694 887 720; x_wconf 91' lang='lat' dir='ltr'><strong>eo</strong></span> <span class='ocrx_word' id='word_1_72' title='bbox 916 681 1015 730; x_wconf 81' lang='lat' dir='ltr'><strong>init3</strong></span> <span class='ocrx_word' id='word_1_73' title='bbox 1047 680 1162 735; x_wconf 87' lang='lat' dir='ltr'><strong>quod</strong></span> <span class='ocrx_word' id='word_1_74' title='bbox 1189 680 1497 719; x_wconf 83' lang='lat' dir='ltr'><strong>Cantacuzenus</strong></span> <span class='ocrx_word' id='word_1_75' title='bbox 1529 679 1616 718; x_wconf 88' lang='lat' dir='ltr'><strong>Or-</strong></span> 
     </span>
    </p>

    <p class='ocr_par' dir='ltr' id='par_1_4' title="bbox 116 733 1659 844">
     <span class='ocr_line' id='line_1_11' title="bbox 116 733 1617 789; baseline -0.003 -12"><span class='ocrx_word' id='word_1_76' title='bbox 116 748 119 752; x_wconf 84' lang='lat'>&#39;</span> <span class='ocrx_word' id='word_1_77' title='bbox 165 735 370 777; x_wconf 67' lang='lat' dir='ltr'><strong>chane‘in</strong></span> <span class='ocrx_word' id='word_1_78' title='bbox 394 741 533 789; x_wconf 84' lang='lat' dir='ltr'><strong>partes</strong></span> <span class='ocrx_word' id='word_1_79' title='bbox 553 749 647 774; x_wconf 87' lang='lat' dir='ltr'><strong>suas</strong></span> <span class='ocrx_word' id='word_1_80' title='bbox 672 742 805 774; x_wconf 87' lang='lat' dir='ltr'><strong>tracto</strong></span> <span class='ocrx_word' id='word_1_81' title='bbox 827 736 1118 788; x_wconf 79' lang='lat' dir='ltr'><strong>interrumpit3</strong></span> <span class='ocrx_word' id='word_1_82' title='bbox 1148 737 1383 788; x_wconf 85' lang='lat' dir='ltr'><strong>iterumque</strong></span> <span class='ocrx_word' id='word_1_83' title='bbox 1399 733 1617 773; x_wconf 84' lang='lat' dir='ltr'><strong>Amurium</strong></span> 
     </span>
     <span class='ocr_line' id='line_1_12' title="bbox 150 789 1659 844; baseline -0.002 -12"><span class='ocrx_word' id='word_1_84' title='bbox 150 798 211 832; x_wconf 61' lang='lat' dir='ltr'><strong>‘ut</strong></span> <span class='ocrx_word' id='word_1_85' title='bbox 239 789 318 832; x_wconf 75' lang='lat' dir='ltr'><strong>sibi</strong></span> <span class='ocrx_word' id='word_1_86' title='bbox 359 789 482 844; x_wconf 82' lang='lat' dir='ltr'><strong>opem</strong></span> <span class='ocrx_word' id='word_1_87' title='bbox 530 789 633 830; x_wconf 83' lang='lat' dir='ltr'><strong>ferat</strong></span> <span class='ocrx_word' id='word_1_88' title='bbox 676 790 857 833; x_wconf 82' lang='lat' dir='ltr'>accersit.</span> <span class='ocrx_word' id='word_1_89' title='bbox 913 790 1123 844; x_wconf 90' lang='lat' dir='ltr'><strong>Apocauci</strong></span> <span class='ocrx_word' id='word_1_90' title='bbox 1151 790 1297 830; x_wconf 87' lang='lat' dir='ltr'><strong>deinde</strong></span> <span class='ocrx_word' id='word_1_91' title='bbox 1321 791 1536 829; x_wconf 85' lang='lat' dir='ltr'><strong>consilium</strong></span> <span class='ocrx_word' id='word_1_92' title='bbox 1565 790 1618 829; x_wconf 85' lang='lat' dir='ltr'><strong>de</strong></span> <span class='ocrx_word' id='word_1_93' title='bbox 1652 799 1659 806; x_wconf 82' lang='grc'><strong><em>’</em></strong></span> 
     </span>
    </p>
   </div>
   <div class='ocr_carea' id='block_1_4' title="bbox 163 845 1619 895">
    <p class='ocr_par' dir='ltr' id='par_1_5' title="bbox 163 845 1619 895">
     <span class='ocr_line' id='line_1_13' title="bbox 163 845 1619 895; baseline -0.001 -8"><span class='ocrx_word' id='word_1_94' title='bbox 163 845 390 887; x_wconf 78' lang='lat' dir='ltr'><strong>extruendo</strong></span> <span class='ocrx_word' id='word_1_95' title='bbox 418 859 584 886; x_wconf 87' lang='lat' dir='ltr'><strong>carcere</strong></span> <span class='ocrx_word' id='word_1_96' title='bbox 612 852 799 886; x_wconf 87' lang='lat' dir='ltr'><strong>secutum</strong></span> <span class='ocrx_word' id='word_1_97' title='bbox 831 852 910 895; x_wconf 87' lang='lat' dir='ltr'><strong>est,</strong></span> <span class='ocrx_word' id='word_1_98' title='bbox 952 854 993 886; x_wconf 86' lang='lat' dir='ltr'><strong>et</strong></span> <span class='ocrx_word' id='word_1_99' title='bbox 1030 845 1176 886; x_wconf 87' lang='lat' dir='ltr'><strong>caedes</strong></span> <span class='ocrx_word' id='word_1_100' title='bbox 1206 845 1315 885; x_wconf 87' lang='lat' dir='ltr'><strong>illius</strong></span> <span class='ocrx_word' id='word_1_101' title='bbox 1354 845 1406 884; x_wconf 90' lang='lat' dir='ltr'><strong>ab</strong></span> <span class='ocrx_word' id='word_1_102' title='bbox 1434 847 1619 885; x_wconf 88' lang='lat' dir='ltr'><strong>incarce-</strong></span> 
     </span>
    </p>
   </div>
   <div class='ocr_carea' id='block_1_5' title="bbox 0 902 1622 1063">
    <p class='ocr_par' dir='ltr' id='par_1_6' title="bbox 0 902 1622 1063">
     <span class='ocr_line' id='line_1_14' title="bbox 119 902 468 943; baseline -0.011 1"><span class='ocrx_word' id='word_1_103' title='bbox 119 913 123 931; x_wconf 79' lang='lat'><em>³</em></span> <span class='ocrx_word' id='word_1_104' title='bbox 163 902 265 943; x_wconf 73' lang='lat' dir='ltr'><strong>ratis</strong></span> <span class='ocrx_word' id='word_1_105' title='bbox 323 907 468 941; x_wconf 80' lang='lat' dir='ltr'><strong>atrata.</strong></span> 
     </span>
     <span class='ocr_line' id='line_1_15' title="bbox 275 915 1619 1010; baseline -0.001 -14"><span class='ocrx_word' id='word_1_106' title='bbox 275 915 327 996; x_wconf 51' lang='grc' dir='ltr'><strong>ἕ.</strong></span> <span class='ocrx_word' id='word_1_107' title='bbox 347 970 416 1006; x_wconf 82' lang='lat'><strong>22,</strong></span> <span class='ocrx_word' id='word_1_108' title='bbox 443 955 504 999; x_wconf 86' lang='lat'><strong>16.</strong></span> <span class='ocrx_word' id='word_1_109' title='bbox 537 954 582 995; x_wconf 77' lang='grc' dir='ltr'><strong>ἐκ</strong></span> <span class='ocrx_word' id='word_1_110' title='bbox 610 955 756 1007; x_wconf 80' lang='grc' dir='ltr'><strong><em>γένους</em></strong></span> <span class='ocrx_word' id='word_1_111' title='bbox 776 951 951 1010; x_wconf 57' lang='lat' dir='ltr'><strong>Paniai]</strong></span> <span class='ocrx_word' id='word_1_112' title='bbox 979 955 1104 995; x_wconf 84' lang='lat' dir='ltr'><strong>Unde</strong></span> <span class='ocrx_word' id='word_1_113' title='bbox 1134 970 1260 1010; x_wconf 84' lang='lat' dir='ltr'><strong>genus</strong></span> <span class='ocrx_word' id='word_1_114' title='bbox 1285 955 1444 995; x_wconf 86' lang='lat' dir='ltr'><strong>duxerit</strong></span> <span class='ocrx_word' id='word_1_115' title='bbox 1464 954 1619 995; x_wconf 87' lang='lat' dir='ltr'><strong>Raulus</strong></span> 
     </span>
     <span class='ocr_line' id='line_1_16' title="bbox 0 1010 1622 1063; baseline -0.003 -9"><span class='ocrx_word' id='word_1_116' title='bbox 0 1034 13 1054; x_wconf 67' lang='lat' dir='ltr'><strong>r</strong></span> <span class='ocrx_word' id='word_1_117' title='bbox 162 1011 246 1063; x_wconf 85' lang='lat' dir='ltr'><strong>ille,</strong></span> <span class='ocrx_word' id='word_1_118' title='bbox 260 1025 353 1051; x_wconf 72' lang='lat' dir='ltr'><strong>non</strong></span> <span class='ocrx_word' id='word_1_119' title='bbox 383 1011 491 1051; x_wconf 84' lang='lat' dir='ltr'><strong>mihi</strong></span> <span class='ocrx_word' id='word_1_120' title='bbox 517 1017 687 1055; x_wconf 78' lang='lat' dir='ltr'><strong>constat.</strong></span> <span class='ocrx_word' id='word_1_121' title='bbox 721 1010 932 1050; x_wconf 87' lang='lat' dir='ltr'><strong>cuiusdam</strong></span> <span class='ocrx_word' id='word_1_122' title='bbox 959 1011 1141 1051; x_wconf 88' lang='lat' dir='ltr'><strong>eiusdem</strong></span> <span class='ocrx_word' id='word_1_123' title='bbox 1172 1013 1348 1051; x_wconf 89' lang='lat' dir='ltr'><strong>nominis</strong></span> <span class='ocrx_word' id='word_1_124' title='bbox 1369 1012 1622 1051; x_wconf 85' lang='lat' dir='ltr'>mentionem</span> 
     </span>
    </p>
   </div>
   <div class='ocr_carea' id='block_1_6' title="bbox 0 1065 1762 2836">
    <p class='ocr_par' dir='ltr' id='par_1_7' title="bbox 0 1065 1631 1949">
     <span class='ocr_line' id='line_1_17' title="bbox 164 1065 1623 1122; baseline -0.002 -15"><span class='ocrx_word' id='word_1_125' title='bbox 164 1068 260 1107; x_wconf 76' lang='lat' dir='ltr'><strong>facit</strong></span> <span class='ocrx_word' id='word_1_126' title='bbox 277 1069 485 1122; x_wconf 82' lang='lat' dir='ltr'><strong>Gregoras</strong></span> <span class='ocrx_word' id='word_1_127' title='bbox 508 1065 580 1110; x_wconf 82' lang='lat' dir='ltr'><strong>lib.</strong></span> <span class='ocrx_word' id='word_1_128' title='bbox 605 1066 632 1106; x_wconf 87' lang='lat'>6</span> <span class='ocrx_word' id='word_1_129' title='bbox 651 1067 810 1106; x_wconf 88' lang='lat' dir='ltr'><strong>duobus</strong></span> <span class='ocrx_word' id='word_1_130' title='bbox 831 1067 874 1105; x_wconf 87' lang='lat' dir='ltr'><strong>iu</strong></span> <span class='ocrx_word' id='word_1_131' title='bbox 902 1066 1014 1119; x_wconf 82' lang='lat' dir='ltr'><strong>locis,</strong></span> <span class='ocrx_word' id='word_1_132' title='bbox 1045 1067 1116 1120; x_wconf 89' lang='lat' dir='ltr'><strong>qui</strong></span> <span class='ocrx_word' id='word_1_133' title='bbox 1139 1082 1161 1105; x_wconf 89' lang='lat' dir='ltr'><strong>a</strong></span> <span class='ocrx_word' id='word_1_134' title='bbox 1190 1066 1408 1106; x_wconf 81' lang='lat' dir='ltr'><strong>Muzalone</strong></span> <span class='ocrx_word' id='word_1_135' title='bbox 1437 1067 1623 1106; x_wconf 80' lang='lat' dir='ltr'><strong>relictam</strong></span> 
     </span>
     <span class='ocr_line' id='line_1_18' title="bbox 151 1120 1624 1174; baseline -0.002 -11"><span class='ocrx_word' id='word_1_136' title='bbox 151 1122 459 1171; x_wconf 45' lang='lat' dir='ltr'><strong>”Theodoram5</strong></span> <span class='ocrx_word' id='word_1_137' title='bbox 509 1122 719 1162; x_wconf 85' lang='lat' dir='ltr'>Michaelis</span> <span class='ocrx_word' id='word_1_138' title='bbox 763 1123 1115 1174; x_wconf 79' lang='lat' dir='ltr'><strong>imperatoris.ex</strong></span> <span class='ocrx_word' id='word_1_139' title='bbox 1143 1124 1228 1161; x_wconf 90' lang='lat' dir='ltr'><strong>eius</strong></span> <span class='ocrx_word' id='word_1_140' title='bbox 1272 1136 1416 1161; x_wconf 82' lang='lat' dir='ltr'><strong>sorore</strong></span> <span class='ocrx_word' id='word_1_141' title='bbox 1446 1120 1624 1174; x_wconf 81' lang='lat' dir='ltr'><strong>Eulogia</strong></span> 
     </span>
     <span class='ocr_line' id='line_1_19' title="bbox 0 1172 1623 1242; baseline -0.002 -24"><span class='ocrx_word' id='word_1_142' title='bbox 0 1219 9 1230; x_wconf 14' lang='lat' dir='ltr'><strong>,q</strong></span> <span class='ocrx_word' id='word_1_143' title='bbox 123 1187 125 1191; x_wconf 62' lang='lat'><strong><em>⁴</em></strong></span> <span class='ocrx_word' id='word_1_144' title='bbox 150 1187 356 1242; x_wconf 68' lang='lat' dir='ltr'><strong>neptem,</strong></span> <span class='ocrx_word' id='word_1_145' title='bbox 394 1191 566 1218; x_wconf 84' lang='lat' dir='ltr'><strong>uxorem</strong></span> <span class='ocrx_word' id='word_1_146' title='bbox 595 1177 734 1217; x_wconf 85' lang='lat' dir='ltr'><strong>duxit:</strong></span> <span class='ocrx_word' id='word_1_147' title='bbox 781 1172 885 1230; x_wconf 71' lang='grc' dir='ltr'><strong>γυνὴ</strong></span> <span class='ocrx_word' id='word_1_148' title='bbox 918 1175 965 1215; x_wconf 77' lang='grc' dir='ltr'><strong>δὲ</strong></span> <span class='ocrx_word' id='word_1_149' title='bbox 993 1174 1199 1230; x_wconf 78' lang='grc' dir='ltr'><strong><em>πρότερον</em></strong></span> <span class='ocrx_word' id='word_1_150' title='bbox 1225 1177 1301 1218; x_wconf 79' lang='grc' dir='ltr'><strong>τοῦ</strong></span> <span class='ocrx_word' id='word_1_151' title='bbox 1330 1173 1623 1225; x_wconf 74' lang='grc' dir='ltr'><strong><em>,Μουζάλωνος</em></strong></span> 
     </span>
     <span class='ocr_line' id='line_1_20' title="bbox 0 1225 1629 1286; baseline -0.002 -13"><span class='ocrx_word' id='word_1_152' title='bbox 0 1234 12 1285; x_wconf 56' lang='lat'><em>3</em></span> <span class='ocrx_word' id='word_1_153' title='bbox 155 1245 240 1273; x_wconf 74' lang='grc' dir='ltr'><strong>του</strong></span> <span class='ocrx_word' id='word_1_154' title='bbox 269 1228 682 1286; x_wconf 70' lang='grc' dir='ltr'><strong><em>πρωτοβεστιαρώυ,</em></strong></span> <span class='ocrx_word' id='word_1_155' title='bbox 731 1225 906 1284; x_wconf 72' lang='grc' dir='ltr'><strong><em>ὕστερον</em></strong></span> <span class='ocrx_word' id='word_1_156' title='bbox 935 1228 1010 1271; x_wconf 75' lang='grc' dir='ltr'><strong>καὶ</strong></span> <span class='ocrx_word' id='word_1_157' title='bbox 1032 1231 1108 1272; x_wconf 83' lang='grc' dir='ltr'><strong>τοῦ</strong></span> <span class='ocrx_word' id='word_1_158' title='bbox 1130 1228 1283 1271; x_wconf 83' lang='grc' dir='ltr'><strong>Ῥαοὺλ</strong></span> <span class='ocrx_word' id='word_1_159' title='bbox 1313 1233 1629 1283; x_wconf 73' lang='grc' dir='ltr'><strong><em>πρωτοβεστια-</em></strong></span> 
     </span>
     <span class='ocr_line' id='line_1_21' title="bbox 0 1285 1623 1342; baseline -0.004 -13"><span class='ocrx_word' id='word_1_160' title='bbox 0 1285 9 1311; x_wconf 47' lang='lat'><strong>*³</strong></span> <span class='ocrx_word' id='word_1_161' title='bbox 123 1299 128 1303; x_wconf 81' lang='grc'><strong>”</strong></span> <span class='ocrx_word' id='word_1_162' title='bbox 166 1286 263 1342; x_wconf 82' lang='grc' dir='ltr'><strong><em>ριὀυ</em></strong></span> <span class='ocrx_word' id='word_1_163' title='bbox 292 1286 367 1328; x_wconf 72' lang='grc' dir='ltr'>καί</span> <span class='ocrx_word' id='word_1_164' title='bbox 392 1285 526 1327; x_wconf 69' lang='grc' dir='ltr'><strong><em>αὐτοῦ</em></strong></span> <span class='ocrx_word' id='word_1_165' title='bbox 549 1287 785 1339; x_wconf 76' lang='grc' dir='ltr'><strong><em>γενομένου.</em></strong></span> <span class='ocrx_word' id='word_1_166' title='bbox 812 1294 853 1327; x_wconf 88' lang='lat' dir='ltr'><strong>et</strong></span> <span class='ocrx_word' id='word_1_167' title='bbox 880 1287 1003 1340; x_wconf 82' lang='lat' dir='ltr'><strong>infra¹</strong></span> <span class='ocrx_word' id='word_1_168' title='bbox 1021 1287 1147 1327; x_wconf 86' lang='lat' dir='ltr'>refert</span> <span class='ocrx_word' id='word_1_169' title='bbox 1171 1287 1485 1326; x_wconf 85' lang='lat' dir='ltr'><strong>Constantinum</strong></span> <span class='ocrx_word' id='word_1_170' title='bbox 1513 1288 1623 1326; x_wconf 79' lang='lat' dir='ltr'><strong>Por-</strong></span> 
     </span>
     <span class='ocr_line' id='line_1_22' title="bbox 0 1341 1623 1411; baseline -0.001 -28"><span class='ocrx_word' id='word_1_171' title='bbox 0 1354 13 1411; x_wconf 48' lang='lat'><em>3</em></span> <span class='ocrx_word' id='word_1_172' title='bbox 166 1343 487 1398; x_wconf 79' lang='lat' dir='ltr'><strong>phyrogenitum</strong></span> <span class='ocrx_word' id='word_1_173' title='bbox 513 1341 636 1382; x_wconf 87' lang='lat' dir='ltr'><strong>Rauli</strong></span> <span class='ocrx_word' id='word_1_174' title='bbox 666 1341 790 1383; x_wconf 81' lang='lat' dir='ltr'><strong>filiam</strong></span> <span class='ocrx_word' id='word_1_175' title='bbox 833 1356 1000 1382; x_wconf 86' lang='lat' dir='ltr'><strong>uxorem</strong></span> <span class='ocrx_word' id='word_1_176' title='bbox 1033 1343 1204 1385; x_wconf 88' lang='lat' dir='ltr'><strong>duxisse.</strong></span> <span class='ocrx_word' id='word_1_177' title='bbox 1263 1342 1472 1382; x_wconf 65' lang='lat' dir='ltr'><strong>Phi-anzes</strong></span> <span class='ocrx_word' id='word_1_178' title='bbox 1498 1342 1566 1381; x_wconf 90' lang='lat' dir='ltr'><strong>lib.</strong></span> <span class='ocrx_word' id='word_1_179' title='bbox 1599 1342 1623 1381; x_wconf 79' lang='lat'>3</span> 
     </span>
     <span class='ocr_line' id='line_1_23' title="bbox 154 1397 1627 1452; baseline -0.002 -14"><span class='ocrx_word' id='word_1_180' title='bbox 154 1413 203 1438; x_wconf 46' lang='lat' dir='ltr'><strong>-ct</strong></span> <span class='ocrx_word' id='word_1_181' title='bbox 232 1398 286 1438; x_wconf 80' lang='lat'><strong>25</strong></span> <span class='ocrx_word' id='word_1_182' title='bbox 314 1405 355 1438; x_wconf 87' lang='lat' dir='ltr'><strong>et</strong></span> <span class='ocrx_word' id='word_1_183' title='bbox 381 1400 435 1440; x_wconf 82' lang='lat'><strong>25</strong></span> <span class='ocrx_word' id='word_1_184' title='bbox 463 1398 632 1452; x_wconf 84' lang='lat' dir='ltr'><strong>Georgii</strong></span> <span class='ocrx_word' id='word_1_185' title='bbox 672 1397 795 1437; x_wconf 88' lang='lat' dir='ltr'><strong>Rauli</strong></span> <span class='ocrx_word' id='word_1_186' title='bbox 838 1399 916 1436; x_wconf 92' lang='lat' dir='ltr'><strong>viri</strong></span> <span class='ocrx_word' id='word_1_187' title='bbox 947 1397 1159 1438; x_wconf 83' lang='lat' dir='ltr'><strong>nobilitate</strong></span> <span class='ocrx_word' id='word_1_188' title='bbox 1187 1399 1346 1451; x_wconf 82' lang='lat' dir='ltr'><strong>generis</strong></span> <span class='ocrx_word' id='word_1_189' title='bbox 1375 1397 1510 1436; x_wconf 89' lang='lat' dir='ltr'><strong>eximii</strong></span> <span class='ocrx_word' id='word_1_190' title='bbox 1537 1411 1627 1435; x_wconf 85' lang='lat' dir='ltr'><strong>me-</strong></span> 
     </span>
     <span class='ocr_line' id='line_1_24' title="bbox 0 1438 1626 1509; baseline -0.002 -15"><span class='ocrx_word' id='word_1_191' title='bbox 0 1438 25 1507; x_wconf 52' lang='lat'>}</span> <span class='ocrx_word' id='word_1_192' title='bbox 156 1452 315 1505; x_wconf 83' lang='lat' dir='ltr'><strong>-minit,</strong></span> <span class='ocrx_word' id='word_1_193' title='bbox 368 1454 584 1509; x_wconf 75' lang='lat' dir='ltr'><strong>quinum</strong></span> <span class='ocrx_word' id='word_1_194' title='bbox 627 1453 863 1494; x_wconf 72' lang='lat' dir='ltr'><strong>&#39;ex-eadem</strong></span> <span class='ocrx_word' id='word_1_195' title='bbox 906 1461 1026 1506; x_wconf 87' lang='lat' dir='ltr'><strong>gente</strong></span> <span class='ocrx_word' id='word_1_196' title='bbox 1066 1460 1186 1493; x_wconf 86' lang='lat' dir='ltr'><strong>ortus</strong></span> <span class='ocrx_word' id='word_1_197' title='bbox 1231 1451 1359 1492; x_wconf 87' lang='lat' dir='ltr'><strong>fuerit</strong></span> <span class='ocrx_word' id='word_1_198' title='bbox 1397 1467 1482 1492; x_wconf 91' lang='lat' dir='ltr'><strong>non</strong></span> <span class='ocrx_word' id='word_1_199' title='bbox 1524 1452 1626 1491; x_wconf 90' lang='lat' dir='ltr'><strong>mihi</strong></span> 
     </span>
     <span class='ocr_line' id='line_1_25' title="bbox 0 1515 344 1556; baseline 0.02 -11"><span class='ocrx_word' id='word_1_200' title='bbox 0 1543 13 1554; x_wconf 33' lang='grc' dir='ltr'><strong>Ἰ,</strong></span> <span class='ocrx_word' id='word_1_201' title='bbox 169 1515 344 1556; x_wconf 77' lang='lat' dir='ltr'><strong>constat.</strong></span> 
     </span>
     <span class='ocr_line' id='line_1_26' title="bbox 3 1558 1629 1618; baseline -0.002 -13"><span class='ocrx_word' id='word_1_202' title='bbox 3 1573 27 1610; x_wconf 33' lang='grc' dir='ltr'><strong>εἷο.</strong></span> <span class='ocrx_word' id='word_1_203' title='bbox 279 1565 335 1604; x_wconf 88' lang='lat' dir='ltr'><strong>P.</strong></span> <span class='ocrx_word' id='word_1_204' title='bbox 353 1564 419 1614; x_wconf 77' lang='lat'><strong>25,</strong></span> <span class='ocrx_word' id='word_1_205' title='bbox 435 1563 479 1605; x_wconf 87' lang='grc'><strong>8.</strong></span> <span class='ocrx_word' id='word_1_206' title='bbox 507 1558 531 1602; x_wconf 76' lang='grc' dir='ltr'>ὅ</span> <span class='ocrx_word' id='word_1_207' title='bbox 551 1559 712 1614; x_wconf 81' lang='grc' dir='ltr'><strong><em>πατρὸς</em></strong></span> <span class='ocrx_word' id='word_1_208' title='bbox 739 1559 894 1618; x_wconf 74' lang='grc' dir='ltr'><strong><em>πατὴρ]</em></strong></span> <span class='ocrx_word' id='word_1_209' title='bbox 925 1563 984 1603; x_wconf 86' lang='lat' dir='ltr'><strong>Ex</strong></span> <span class='ocrx_word' id='word_1_210' title='bbox 1002 1563 1081 1602; x_wconf 90' lang='lat' dir='ltr'><strong>hoc</strong></span> <span class='ocrx_word' id='word_1_211' title='bbox 1100 1561 1192 1602; x_wconf 92' lang='lat' dir='ltr'><strong>loco</strong></span> <span class='ocrx_word' id='word_1_212' title='bbox 1219 1562 1410 1602; x_wconf 80' lang='lat' dir='ltr'><strong>discimus</strong></span> <span class='ocrx_word' id='word_1_213' title='bbox 1428 1562 1629 1602; x_wconf 80' lang='lat' dir='ltr'><strong>historiae</strong></span> 
     </span>
     <span class='ocr_line' id='line_1_27' title="bbox 0 1591 1629 1673; baseline -0.002 -13"><span class='ocrx_word' id='word_1_214' title='bbox 0 1591 28 1671; x_wconf 58' lang='lat'><strong>{¹</strong></span> <span class='ocrx_word' id='word_1_215' title='bbox 154 1620 293 1660; x_wconf 81' lang='lat' dir='ltr'><strong>-huius</strong></span> <span class='ocrx_word' id='word_1_216' title='bbox 322 1626 534 1659; x_wconf 83' lang='lat' dir='ltr'><strong>auctorem</strong></span> <span class='ocrx_word' id='word_1_217' title='bbox 553 1633 598 1659; x_wconf 86' lang='lat' dir='ltr'><strong>ex</strong></span> <span class='ocrx_word' id='word_1_218' title='bbox 613 1619 825 1659; x_wconf 87' lang='lat' dir='ltr'><strong>Ducarum</strong></span> <span class='ocrx_word' id='word_1_219' title='bbox 847 1619 1015 1673; x_wconf 88' lang='lat' dir='ltr'><strong>antiqua</strong></span> <span class='ocrx_word' id='word_1_220' title='bbox 1035 1625 1153 1672; x_wconf 83' lang='lat' dir='ltr'><strong>gente</strong></span> <span class='ocrx_word' id='word_1_221' title='bbox 1181 1618 1382 1672; x_wconf 82' lang='lat' dir='ltr'><strong>originem</strong></span> <span class='ocrx_word' id='word_1_222' title='bbox 1410 1625 1629 1671; x_wconf 84' lang='lat' dir='ltr'><strong>paternam</strong></span> 
     </span>
     <span class='ocr_line' id='line_1_28' title="bbox 170 1673 1631 1729; baseline -0.001 -14"><span class='ocrx_word' id='word_1_223' title='bbox 170 1675 359 1728; x_wconf 80' lang='lat' dir='ltr'><strong>duxisse3</strong></span> <span class='ocrx_word' id='word_1_224' title='bbox 393 1689 438 1714; x_wconf 86' lang='lat' dir='ltr'><strong>ex</strong></span> <span class='ocrx_word' id='word_1_225' title='bbox 469 1689 553 1729; x_wconf 84' lang='lat' dir='ltr'><strong>qua</strong></span> <span class='ocrx_word' id='word_1_226' title='bbox 583 1675 847 1727; x_wconf 85' lang='lat' dir='ltr'><strong>imperatores</strong></span> <span class='ocrx_word' id='word_1_227' title='bbox 883 1675 1046 1728; x_wconf 82' lang='lat' dir='ltr'><strong>aliquot</strong></span> <span class='ocrx_word' id='word_1_228' title='bbox 1072 1673 1156 1712; x_wconf 87' lang='lat' dir='ltr'><strong>orti</strong></span> <span class='ocrx_word' id='word_1_229' title='bbox 1185 1681 1304 1724; x_wconf 85' lang='lat' dir='ltr'><strong>sunt,</strong></span> <span class='ocrx_word' id='word_1_230' title='bbox 1337 1674 1631 1713; x_wconf 83' lang='lat' dir='ltr'><strong>Constantinus</strong></span> 
     </span>
     <span class='ocr_line' id='line_1_29' title="bbox 0 1704 1629 1797; baseline -0.003 -26"><span class='ocrx_word' id='word_1_231' title='bbox 0 1704 25 1797; x_wconf 42' lang='grc' dir='ltr'>ᾖ</span> <span class='ocrx_word' id='word_1_232' title='bbox 169 1730 330 1781; x_wconf 84' lang='lat' dir='ltr'><strong>Ducas,</strong></span> <span class='ocrx_word' id='word_1_233' title='bbox 360 1729 565 1781; x_wconf 85' lang='lat' dir='ltr'><strong>Michael,</strong></span> <span class='ocrx_word' id='word_1_234' title='bbox 597 1730 761 1769; x_wconf 87' lang='lat' dir='ltr'><strong>Alexius</strong></span> <span class='ocrx_word' id='word_1_235' title='bbox 792 1729 1067 1783; x_wconf 87' lang='lat' dir='ltr'><strong>Murzuphlus</strong></span> <span class='ocrx_word' id='word_1_236' title='bbox 1100 1728 1259 1776; x_wconf 87' lang='lat' dir='ltr'><strong>dictus,</strong></span> <span class='ocrx_word' id='word_1_237' title='bbox 1293 1735 1332 1767; x_wconf 88' lang='lat' dir='ltr'><strong>et</strong></span> <span class='ocrx_word' id='word_1_238' title='bbox 1361 1735 1538 1781; x_wconf 85' lang='lat' dir='ltr'><strong>quartus</strong></span> <span class='ocrx_word' id='word_1_239' title='bbox 1557 1729 1629 1767; x_wconf 82' lang='lat' dir='ltr'><strong>lo.-</strong></span> 
     </span>
     <span class='ocr_line' id='line_1_30' title="bbox 7 1783 1630 1847; baseline -0.002 -22"><span class='ocrx_word' id='word_1_240' title='bbox 7 1803 29 1847; x_wconf 50' lang='grc' dir='ltr'><strong>,ἲ</strong></span> <span class='ocrx_word' id='word_1_241' title='bbox 171 1784 328 1826; x_wconf 86' lang='lat' dir='ltr'><strong>hannes</strong></span> <span class='ocrx_word' id='word_1_242' title='bbox 367 1786 537 1825; x_wconf 83' lang='lat' dir='ltr'><strong>Vatacia</strong></span> <span class='ocrx_word' id='word_1_243' title='bbox 580 1785 916 1837; x_wconf 82' lang='lat' dir='ltr'><strong>cognominatus3</strong></span> <span class='ocrx_word' id='word_1_244' title='bbox 952 1785 984 1823; x_wconf 89' lang='lat' dir='ltr'><strong>si</strong></span> <span class='ocrx_word' id='word_1_245' title='bbox 1011 1791 1146 1822; x_wconf 84' lang='lat' dir='ltr'><strong>tamen</strong></span> <span class='ocrx_word' id='word_1_246' title='bbox 1177 1783 1243 1822; x_wconf 94' lang='lat' dir='ltr'><strong>hic</strong></span> <span class='ocrx_word' id='word_1_247' title='bbox 1270 1797 1314 1822; x_wconf 86' lang='lat' dir='ltr'><strong>ex</strong></span> <span class='ocrx_word' id='word_1_248' title='bbox 1343 1784 1482 1822; x_wconf 82' lang='lat' dir='ltr'><strong>eadem</strong></span> <span class='ocrx_word' id='word_1_249' title='bbox 1511 1791 1630 1836; x_wconf 84' lang='lat' dir='ltr'><strong>gente</strong></span> 
     </span>
     <span class='ocr_line' id='line_1_31' title="bbox 173 1838 1630 1894; baseline -0.002 -14"><span class='ocrx_word' id='word_1_250' title='bbox 173 1848 291 1880; x_wconf 81' lang='lat' dir='ltr'><strong>ortus</strong></span> <span class='ocrx_word' id='word_1_251' title='bbox 320 1841 395 1891; x_wconf 84' lang='lat' dir='ltr'><strong>sit,</strong></span> <span class='ocrx_word' id='word_1_252' title='bbox 442 1855 567 1894; x_wconf 89' lang='lat' dir='ltr'><strong>quem</strong></span> <span class='ocrx_word' id='word_1_253' title='bbox 595 1840 921 1893; x_wconf 87' lang='lat' dir='ltr'><strong>Didymotoccho</strong></span> <span class='ocrx_word' id='word_1_254' title='bbox 952 1839 1178 1879; x_wconf 87' lang='lat' dir='ltr'><strong>oriundum</strong></span> <span class='ocrx_word' id='word_1_255' title='bbox 1207 1852 1252 1877; x_wconf 88' lang='lat' dir='ltr'><strong>ex</strong></span> <span class='ocrx_word' id='word_1_256' title='bbox 1283 1838 1461 1891; x_wconf 83' lang='lat' dir='ltr'><strong>Georgio</strong></span> <span class='ocrx_word' id='word_1_257' title='bbox 1491 1840 1630 1892; x_wconf 78' lang='lat' dir='ltr'><strong>Logo-</strong></span> 
     </span>
     <span class='ocr_line' id='line_1_32' title="bbox 173 1895 940 1949; baseline -0.003 -13"><span class='ocrx_word' id='word_1_258' title='bbox 173 1896 289 1937; x_wconf 82' lang='lat' dir='ltr'><strong>theta</strong></span> <span class='ocrx_word' id='word_1_259' title='bbox 316 1910 441 1949; x_wconf 87' lang='lat' dir='ltr'><strong>supra</strong></span> <span class='ocrx_word' id='word_1_260' title='bbox 469 1895 519 1935; x_wconf 84' lang='lat' dir='ltr'><strong>ad</strong></span> <span class='ocrx_word' id='word_1_261' title='bbox 550 1909 637 1948; x_wconf 89' lang='lat' dir='ltr'><strong>cap.</strong></span> <span class='ocrx_word' id='word_1_262' title='bbox 667 1896 691 1934; x_wconf 82' lang='lat'>5</span> <span class='ocrx_word' id='word_1_263' title='bbox 714 1895 940 1935; x_wconf 88' lang='lat' dir='ltr'><strong>didicimus.</strong></span> 
     </span>
    </p>

    <p class='ocr_par' dir='ltr' id='par_1_8' title="bbox 163 1948 1629 2448">
     <span class='ocr_line' id='line_1_33' title="bbox 284 1948 1629 2006; baseline -0.001 -16"><span class='ocrx_word' id='word_1_264' title='bbox 284 1952 338 1995; x_wconf 89' lang='lat' dir='ltr'><strong>P.</strong></span> <span class='ocrx_word' id='word_1_265' title='bbox 355 1949 422 2002; x_wconf 64' lang='lat'><strong>24,</strong></span> <span class='ocrx_word' id='word_1_266' title='bbox 442 1966 482 2006; x_wconf 87' lang='lat'><strong>7.</strong></span> <span class='ocrx_word' id='word_1_267' title='bbox 515 1952 612 2004; x_wconf 83' lang='lat' dir='ltr'><strong>Cap.</strong></span> <span class='ocrx_word' id='word_1_268' title='bbox 629 1949 668 1990; x_wconf 88' lang='lat'><strong>6.</strong></span> <span class='ocrx_word' id='word_1_269' title='bbox 690 1951 805 2001; x_wconf 83' lang='lat' dir='ltr'><strong>Quae</strong></span> <span class='ocrx_word' id='word_1_270' title='bbox 825 1951 905 1990; x_wconf 87' lang='lat' dir='ltr'><strong>hoc</strong></span> <span class='ocrx_word' id='word_1_271' title='bbox 922 1950 1052 2003; x_wconf 90' lang='lat' dir='ltr'><strong>capite</strong></span> <span class='ocrx_word' id='word_1_272' title='bbox 1068 1949 1206 1988; x_wconf 91' lang='lat' dir='ltr'><strong>Ducas</strong></span> <span class='ocrx_word' id='word_1_273' title='bbox 1227 1955 1409 1995; x_wconf 82' lang='lat' dir='ltr'><strong>enarrat,</strong></span> <span class='ocrx_word' id='word_1_274' title='bbox 1432 1948 1629 1988; x_wconf 85' lang='lat' dir='ltr'><strong>videntur</strong></span> 
     </span>
     <span class='ocr_line' id='line_1_34' title="bbox 173 2003 1627 2061; baseline -0.002 -15"><span class='ocrx_word' id='word_1_275' title='bbox 173 2007 314 2061; x_wconf 84' lang='lat' dir='ltr'><strong>potius</strong></span> <span class='ocrx_word' id='word_1_276' title='bbox 358 2013 453 2045; x_wconf 88' lang='lat' dir='ltr'><strong>ante</strong></span> <span class='ocrx_word' id='word_1_277' title='bbox 483 2005 690 2059; x_wconf 86' lang='lat' dir='ltr'><strong>Apocauci</strong></span> <span class='ocrx_word' id='word_1_278' title='bbox 719 2013 895 2045; x_wconf 86' lang='lat' dir='ltr'><strong>mortem</strong></span> <span class='ocrx_word' id='word_1_279' title='bbox 933 2020 1058 2059; x_wconf 88' lang='lat' dir='ltr'><strong>quam</strong></span> <span class='ocrx_word' id='word_1_280' title='bbox 1099 2011 1238 2057; x_wconf 87' lang='lat' dir='ltr'><strong>postea</strong></span> <span class='ocrx_word' id='word_1_281' title='bbox 1268 2003 1485 2052; x_wconf 87' lang='lat' dir='ltr'><strong>accidisse,</strong></span> <span class='ocrx_word' id='word_1_282' title='bbox 1517 2018 1627 2047; x_wconf 86' lang='lat' dir='ltr'><strong>anno</strong></span> 
     </span>
     <span class='ocr_line' id='line_1_35' title="bbox 173 2059 1629 2116; baseline -0.003 -14"><span class='ocrx_word' id='word_1_283' title='bbox 173 2061 485 2116; x_wconf 79' lang='lat' dir='ltr'><strong>nempe&#39;6850‚</strong></span> <span class='ocrx_word' id='word_1_284' title='bbox 520 2061 673 2100; x_wconf 87' lang='lat' dir='ltr'><strong>Christi</strong></span> <span class='ocrx_word' id='word_1_285' title='bbox 708 2061 809 2110; x_wconf 73' lang='lat'><strong>1542</strong></span> <span class='ocrx_word' id='word_1_286' title='bbox 829 2091 841 2112; x_wconf 84' lang='lat'>‚</span> <span class='ocrx_word' id='word_1_287' title='bbox 890 2075 973 2115; x_wconf 90' lang='lat' dir='ltr'><strong>quo</strong></span> <span class='ocrx_word' id='word_1_288' title='bbox 1000 2067 1187 2112; x_wconf 85' lang='lat' dir='ltr'><strong>tempore</strong></span> <span class='ocrx_word' id='word_1_289' title='bbox 1218 2059 1420 2099; x_wconf 88' lang='lat' dir='ltr'><strong>lohannes</strong></span> <span class='ocrx_word' id='word_1_290' title='bbox 1448 2061 1629 2112; x_wconf 87' lang='lat' dir='ltr'><strong>impera-</strong></span> 
     </span>
     <span class='ocr_line' id='line_1_36' title="bbox 163 2114 1628 2169; baseline -0.003 -12"><span class='ocrx_word' id='word_1_291' title='bbox 163 2125 244 2158; x_wconf 86' lang='lat' dir='ltr'><strong>-tor</strong></span> <span class='ocrx_word' id='word_1_292' title='bbox 283 2115 555 2169; x_wconf 83' lang='lat' dir='ltr'><strong>Palaeologus</strong></span> <span class='ocrx_word' id='word_1_293' title='bbox 594 2130 722 2156; x_wconf 86' lang='lat' dir='ltr'><strong>annos</strong></span> <span class='ocrx_word' id='word_1_294' title='bbox 750 2117 790 2154; x_wconf 92' lang='lat' dir='ltr'><strong>X</strong></span> <span class='ocrx_word' id='word_1_295' title='bbox 834 2124 954 2155; x_wconf 83' lang='lat' dir='ltr'><strong>natus</strong></span> <span class='ocrx_word' id='word_1_296' title='bbox 995 2122 1113 2166; x_wconf 87' lang='lat' dir='ltr'><strong>erat,</strong></span> <span class='ocrx_word' id='word_1_297' title='bbox 1153 2116 1219 2154; x_wconf 92' lang='lat' dir='ltr'><strong>cui</strong></span> <span class='ocrx_word' id='word_1_298' title='bbox 1255 2115 1378 2154; x_wconf 88' lang='lat' dir='ltr'><strong>aetati</strong></span> <span class='ocrx_word' id='word_1_299' title='bbox 1420 2114 1628 2168; x_wconf 87' lang='lat' dir='ltr'><strong>impuberi</strong></span> 
     </span>
     <span class='ocr_line' id='line_1_37' title="bbox 163 2168 1628 2225; baseline -0.003 -13"><span class='ocrx_word' id='word_1_300' title='bbox 163 2173 427 2212; x_wconf 68' lang='lat' dir='ltr'><strong>⁴conveniunt</strong></span> <span class='ocrx_word' id='word_1_301' title='bbox 454 2171 582 2212; x_wconf 87' lang='lat' dir='ltr'><strong>verba</strong></span> <span class='ocrx_word' id='word_1_302' title='bbox 606 2171 676 2211; x_wconf 85' lang='lat' dir='ltr'><strong>illa</strong></span> <span class='ocrx_word' id='word_1_303' title='bbox 704 2169 730 2223; x_wconf 80' lang='grc' dir='ltr'><em>ἦ</em></span> <span class='ocrx_word' id='word_1_304' title='bbox 760 2168 868 2224; x_wconf 78' lang='grc' dir='ltr'><strong>α’ρχὴ</strong></span> <span class='ocrx_word' id='word_1_305' title='bbox 899 2170 943 2210; x_wconf 79' lang='grc' dir='ltr'><strong>ἐν</strong></span> <span class='ocrx_word' id='word_1_306' title='bbox 970 2168 1193 2225; x_wconf 70' lang='grc' dir='ltr'><strong><em>ὖπομαζίῳ</em></strong></span> <span class='ocrx_word' id='word_1_307' title='bbox 1224 2177 1296 2209; x_wconf 88' lang='lat' dir='ltr'><strong>etc.</strong></span> <span class='ocrx_word' id='word_1_308' title='bbox 1325 2177 1419 2223; x_wconf 89' lang='lat' dir='ltr'><strong>post</strong></span> <span class='ocrx_word' id='word_1_309' title='bbox 1448 2178 1628 2210; x_wconf 86' lang='lat' dir='ltr'><strong>mortem</strong></span> 
     </span>
     <span class='ocr_line' id='line_1_38' title="bbox 176 2225 1627 2282; baseline -0.004 -14"><span class='ocrx_word' id='word_1_310' title='bbox 176 2229 286 2268; x_wconf 88' lang='lat' dir='ltr'><strong>enim</strong></span> <span class='ocrx_word' id='word_1_311' title='bbox 313 2227 524 2282; x_wconf 84' lang='lat' dir='ltr'><strong>Apocauci</strong></span> <span class='ocrx_word' id='word_1_312' title='bbox 561 2241 643 2266; x_wconf 89' lang='lat' dir='ltr'><strong>non</strong></span> <span class='ocrx_word' id='word_1_313' title='bbox 680 2226 803 2281; x_wconf 79' lang='lat' dir='ltr'><strong>longo</strong></span> <span class='ocrx_word' id='word_1_314' title='bbox 833 2235 1016 2280; x_wconf 88' lang='lat' dir='ltr'><strong>ternpore</strong></span> <span class='ocrx_word' id='word_1_315' title='bbox 1049 2225 1210 2278; x_wconf 81' lang='lat' dir='ltr'><strong>Cpolim</strong></span> <span class='ocrx_word' id='word_1_316' title='bbox 1237 2226 1440 2278; x_wconf 83' lang='lat' dir='ltr'><strong>ingressus</strong></span> <span class='ocrx_word' id='word_1_317' title='bbox 1466 2232 1526 2266; x_wconf 91' lang='lat' dir='ltr'><strong>est</strong></span> <span class='ocrx_word' id='word_1_318' title='bbox 1555 2228 1627 2266; x_wconf 83' lang='grc' dir='ltr'><strong>Ιο-</strong></span> 
     </span>
     <span class='ocr_line' id='line_1_39' title="bbox 167 2281 1627 2335; baseline -0.003 -12"><span class='ocrx_word' id='word_1_319' title='bbox 167 2283 331 2323; x_wconf 85' lang='lat' dir='ltr'><strong>-hannes</strong></span> <span class='ocrx_word' id='word_1_320' title='bbox 358 2285 665 2323; x_wconf 86' lang='lat' dir='ltr'><strong>Cantacuzenus</strong></span> <span class='ocrx_word' id='word_1_321' title='bbox 692 2297 802 2321; x_wconf 90' lang='lat' dir='ltr'><strong>anno</strong></span> <span class='ocrx_word' id='word_1_322' title='bbox 832 2281 942 2323; x_wconf 86' lang='lat'>6855</span> <span class='ocrx_word' id='word_1_323' title='bbox 960 2312 972 2332; x_wconf 86' lang='lat'>‚</span> <span class='ocrx_word' id='word_1_324' title='bbox 1005 2281 1156 2320; x_wconf 82' lang='lat' dir='ltr'><strong>Christi</strong></span> <span class='ocrx_word' id='word_1_325' title='bbox 1197 2281 1324 2335; x_wconf 68' lang='lat'>1347,</span> <span class='ocrx_word' id='word_1_326' title='bbox 1355 2295 1439 2335; x_wconf 90' lang='lat' dir='ltr'><strong>quo</strong></span> <span class='ocrx_word' id='word_1_327' title='bbox 1467 2289 1627 2335; x_wconf 79' lang='lat' dir='ltr'><strong>tempo-</strong></span> 
     </span>
     <span class='ocr_line' id='line_1_40' title="bbox 164 2337 1628 2393; baseline -0.002 -14"><span class='ocrx_word' id='word_1_328' title='bbox 164 2353 224 2379; x_wconf 41' lang='lat' dir='ltr'><strong>rre</strong></span> <span class='ocrx_word' id='word_1_329' title='bbox 254 2338 518 2393; x_wconf 85' lang='lat' dir='ltr'><strong>Palaeologus</strong></span> <span class='ocrx_word' id='word_1_330' title='bbox 547 2353 678 2378; x_wconf 86' lang='lat' dir='ltr'><strong>annos</strong></span> <span class='ocrx_word' id='word_1_331' title='bbox 707 2338 793 2377; x_wconf 80' lang='lat' dir='ltr'><strong>fere</strong></span> <span class='ocrx_word' id='word_1_332' title='bbox 825 2338 905 2376; x_wconf 92' lang='lat' dir='ltr'><strong>XV</strong></span> <span class='ocrx_word' id='word_1_333' title='bbox 930 2344 1047 2376; x_wconf 86' lang='lat' dir='ltr'><strong>natus</strong></span> <span class='ocrx_word' id='word_1_334' title='bbox 1073 2342 1159 2376; x_wconf 82' lang='lat' dir='ltr'><strong>erat</strong></span> <span class='ocrx_word' id='word_1_335' title='bbox 1176 2364 1188 2388; x_wconf 93' lang='lat'>,</span> <span class='ocrx_word' id='word_1_336' title='bbox 1218 2349 1293 2376; x_wconf 88' lang='lat' dir='ltr'><strong>nec</strong></span> <span class='ocrx_word' id='word_1_337' title='bbox 1320 2337 1494 2390; x_wconf 83' lang='lat' dir='ltr'><strong>amplius</strong></span> <span class='ocrx_word' id='word_1_338' title='bbox 1521 2351 1628 2391; x_wconf 86' lang='lat' dir='ltr'><strong>puer</strong></span> 
     </span>
     <span class='ocr_line' id='line_1_41' title="bbox 164 2391 1105 2448; baseline -0.003 -13"><span class='ocrx_word' id='word_1_339' title='bbox 164 2394 328 2435; x_wconf 60' lang='lat' dir='ltr'><strong>iactans</strong></span> <span class='ocrx_word' id='word_1_340' title='bbox 354 2394 668 2448; x_wconf 85' lang='lat' dir='ltr'><strong>balbutiensque</strong></span> <span class='ocrx_word' id='word_1_341' title='bbox 702 2391 897 2446; x_wconf 87' lang='lat' dir='ltr'><strong>appellari</strong></span> <span class='ocrx_word' id='word_1_342' title='bbox 926 2399 1105 2447; x_wconf 80' lang='lat' dir='ltr'><strong>poterat.</strong></span> 
     </span>
    </p>

    <p class='ocr_par' dir='ltr' id='par_1_9' title="bbox 169 2443 1762 2836">
     <span class='ocr_line' id='line_1_42' title="bbox 288 2443 1627 2502; baseline -0.001 -12"><span class='ocrx_word' id='word_1_343' title='bbox 288 2449 342 2490; x_wconf 84' lang='grc' dir='ltr'><strong>Ρ.</strong></span> <span class='ocrx_word' id='word_1_344' title='bbox 359 2450 424 2499; x_wconf 80' lang='lat'><strong>25,</strong></span> <span class='ocrx_word' id='word_1_345' title='bbox 453 2464 488 2489; x_wconf 86' lang='lat'><strong>1.</strong></span> <span class='ocrx_word' id='word_1_346' title='bbox 516 2448 610 2489; x_wconf 84' lang='grc' dir='ltr'><strong><em>τότε</em></strong></span> <span class='ocrx_word' id='word_1_347' title='bbox 640 2446 663 2488; x_wconf 82' lang='grc' dir='ltr'><em>ὅ</em></span> <span class='ocrx_word' id='word_1_348' title='bbox 677 2443 1046 2502; x_wconf 81' lang='grc' dir='ltr'><strong><em>Καντακουζηνός]</em></strong></span> <span class='ocrx_word' id='word_1_349' title='bbox 1078 2448 1258 2488; x_wconf 82' lang='lat' dir='ltr'><strong>Hortata</strong></span> <span class='ocrx_word' id='word_1_350' title='bbox 1278 2462 1452 2488; x_wconf 86' lang='lat' dir='ltr'><strong>suorum</strong></span> <span class='ocrx_word' id='word_1_351' title='bbox 1471 2449 1627 2489; x_wconf 81' lang='lat' dir='ltr'><strong>amico-</strong></span> 
     </span>
     <span class='ocr_line' id='line_1_43' title="bbox 179 2504 1762 2568; baseline -0.001 -22"><span class='ocrx_word' id='word_1_352' title='bbox 179 2519 275 2546; x_wconf 86' lang='lat' dir='ltr'><strong>rum</strong></span> <span class='ocrx_word' id='word_1_353' title='bbox 291 2504 558 2559; x_wconf 84' lang='lat' dir='ltr'><strong>imperatoria</strong></span> <span class='ocrx_word' id='word_1_354' title='bbox 579 2510 820 2544; x_wconf 84' lang='lat' dir='ltr'><strong>ornamenta</strong></span> <span class='ocrx_word' id='word_1_355' title='bbox 844 2504 975 2543; x_wconf 89' lang='lat' dir='ltr'><strong>induit</strong></span> <span class='ocrx_word' id='word_1_356' title='bbox 991 2504 1513 2558; x_wconf 82' lang='lat' dir='ltr'><strong>Cantacuzenus‚·crepidas</strong></span> <span class='ocrx_word' id='word_1_357' title='bbox 1528 2507 1629 2544; x_wconf 88' lang='lat' dir='ltr'><strong>seri·</strong></span> <span class='ocrx_word' id='word_1_358' title='bbox 1643 2523 1677 2557; x_wconf 55' lang='lat' dir='ltr'><strong>p,</strong></span> <span class='ocrx_word' id='word_1_359' title='bbox 1694 2533 1762 2568; x_wconf 64' lang='lat'><strong>2¹9</strong></span> 
     </span>
     <span class='ocr_line' id='line_1_44' title="bbox 180 2559 1629 2614; baseline -0.001 -13"><span class='ocrx_word' id='word_1_360' title='bbox 180 2575 249 2601; x_wconf 80' lang='lat' dir='ltr'><strong>cas</strong></span> <span class='ocrx_word' id='word_1_361' title='bbox 261 2561 439 2600; x_wconf 87' lang='lat' dir='ltr'><strong>coccinei</strong></span> <span class='ocrx_word' id='word_1_362' title='bbox 457 2575 525 2600; x_wconf 90' lang='lat' dir='ltr'><strong>seu</strong></span> <span class='ocrx_word' id='word_1_363' title='bbox 539 2560 738 2614; x_wconf 82' lang='lat' dir='ltr'><strong>purpurei</strong></span> <span class='ocrx_word' id='word_1_364' title='bbox 757 2559 923 2609; x_wconf 82' lang='lat' dir='ltr'><strong>coloris,</strong></span> <span class='ocrx_word' id='word_1_365' title='bbox 944 2574 1049 2613; x_wconf 86' lang='lat' dir='ltr'><strong>quae</strong></span> <span class='ocrx_word' id='word_1_366' title='bbox 1066 2559 1236 2613; x_wconf 86' lang='lat' dir='ltr'><strong>insignia</strong></span> <span class='ocrx_word' id='word_1_367' title='bbox 1251 2559 1419 2600; x_wconf 88' lang='lat' dir='ltr'><strong>fuerunt</strong></span> <span class='ocrx_word' id='word_1_368' title='bbox 1435 2562 1485 2600; x_wconf 86' lang='lat' dir='ltr'><strong>ab</strong></span> <span class='ocrx_word' id='word_1_369' title='bbox 1504 2562 1629 2614; x_wconf 82' lang='lat' dir='ltr'><strong>impp.</strong></span> 
     </span>
     <span class='ocr_line' id='line_1_45' title="bbox 169 2614 1632 2671; baseline -0.001 -16"><span class='ocrx_word' id='word_1_370' title='bbox 169 2615 407 2670; x_wconf 87' lang='lat' dir='ltr'><strong>-Cpolitanis</strong></span> <span class='ocrx_word' id='word_1_371' title='bbox 457 2625 667 2669; x_wconf 82' lang='lat' dir='ltr'><strong>usurpata.</strong></span> <span class='ocrx_word' id='word_1_372' title='bbox 734 2616 913 2654; x_wconf 84' lang='lat' dir='ltr'><strong>Zonaras</strong></span> <span class='ocrx_word' id='word_1_373' title='bbox 950 2622 1049 2654; x_wconf 87' lang='lat' dir='ltr'><strong>tom.</strong></span> <span class='ocrx_word' id='word_1_374' title='bbox 1082 2615 1107 2654; x_wconf 80' lang='lat'>3</span> <span class='ocrx_word' id='word_1_375' title='bbox 1146 2614 1197 2654; x_wconf 89' lang='lat' dir='ltr'><strong>de</strong></span> <span class='ocrx_word' id='word_1_376' title='bbox 1233 2614 1413 2656; x_wconf 83' lang='lat' dir='ltr'><strong>Basilino</strong></span> <span class='ocrx_word' id='word_1_377' title='bbox 1447 2617 1632 2671; x_wconf 87' lang='lat' dir='ltr'><strong>quodam</strong></span> 
     </span>
     <span class='ocr_line' id='line_1_46' title="bbox 182 2670 1633 2726; baseline -0.001 -15"><span class='ocrx_word' id='word_1_378' title='bbox 182 2673 336 2726; x_wconf 84' lang='lat' dir='ltr'><strong>remige</strong></span> <span class='ocrx_word' id='word_1_379' title='bbox 365 2672 658 2725; x_wconf 82' lang='lat' dir='ltr'><strong>imperatoriae</strong></span> <span class='ocrx_word' id='word_1_380' title='bbox 684 2671 862 2710; x_wconf 88' lang='lat' dir='ltr'><strong>triremis</strong></span> <span class='ocrx_word' id='word_1_381' title='bbox 895 2670 1105 2710; x_wconf 87' lang='lat' dir='ltr'><strong>Michaelis</strong></span> <span class='ocrx_word' id='word_1_382' title='bbox 1138 2670 1388 2711; x_wconf 87' lang='lat' dir='ltr'><strong>Theodorae</strong></span> <span class='ocrx_word' id='word_1_383' title='bbox 1414 2671 1487 2710; x_wconf 84' lang='lat' dir='ltr'><strong>filii</strong></span> <span class='ocrx_word' id='word_1_384' title='bbox 1517 2686 1633 2710; x_wconf 87' lang='lat' dir='ltr'><strong>men-</strong></span> 
     </span>
     <span class='ocr_line' id='line_1_47' title="bbox 181 2721 1634 2780; baseline -0.001 -14"><span class='ocrx_word' id='word_1_385' title='bbox 181 2728 338 2766; x_wconf 89' lang='lat' dir='ltr'><strong>tionem</strong></span> <span class='ocrx_word' id='word_1_386' title='bbox 376 2727 586 2774; x_wconf 81' lang='lat' dir='ltr'><strong>faciendo,</strong></span> <span class='ocrx_word' id='word_1_387' title='bbox 626 2725 767 2766; x_wconf 72' lang='grc' dir='ltr'><strong><em>ἐδίδου</em></strong></span> <span class='ocrx_word' id='word_1_388' title='bbox 809 2723 926 2780; x_wconf 72' lang='grc' dir='ltr'><em>αὐτῷ</em></span> <span class='ocrx_word' id='word_1_389' title='bbox 968 2722 1019 2765; x_wconf 80' lang='grc' dir='ltr'><strong>τὰ</strong></span> <span class='ocrx_word' id='word_1_390' title='bbox 1049 2721 1322 2778; x_wconf 76' lang='grc' dir='ltr'><strong><em>φοινικόχροα</em></strong></span> <span class='ocrx_word' id='word_1_391' title='bbox 1352 2727 1529 2778; x_wconf 73' lang='grc' dir='ltr'><em>πέδιλα,</em></span> <span class='ocrx_word' id='word_1_392' title='bbox 1562 2725 1634 2764; x_wconf 80' lang='grc' dir='ltr'><em>καί</em></span> 
     </span>
     <span class='ocr_line' id='line_1_48' title="bbox 182 2777 1632 2836; baseline -0.001 -14"><span class='ocrx_word' id='word_1_393' title='bbox 182 2781 457 2836; x_wconf 77' lang='grc' dir='ltr'><strong><em>προσέταττεν</em></strong></span> <span class='ocrx_word' id='word_1_394' title='bbox 495 2778 816 2835; x_wconf 74' lang='grc' dir='ltr'><strong><em>ὑποδήσασθαι,</em></strong></span> <span class='ocrx_word' id='word_1_395' title='bbox 861 2777 933 2820; x_wconf 82' lang='grc' dir='ltr'><em>καί</em></span> <span class='ocrx_word' id='word_1_396' title='bbox 971 2781 1149 2833; x_wconf 77' lang='grc' dir='ltr'><strong><em>βασιλέα</em></strong></span> <span class='ocrx_word' id='word_1_397' title='bbox 1179 2779 1334 2822; x_wconf 74' lang='grc' dir='ltr'><em>ἀνεῖπε.</em></span> <span class='ocrx_word' id='word_1_398' title='bbox 1379 2782 1491 2822; x_wconf 72' lang='lat' dir='ltr'><strong>dedic</strong></span> <span class='ocrx_word' id='word_1_399' title='bbox 1516 2783 1556 2821; x_wconf 79' lang='lat' dir='ltr'><strong>ei</strong></span> <span class='ocrx_word' id='word_1_400' title='bbox 1577 2782 1632 2831; x_wconf 81' lang='lat' dir='ltr'><strong>(id</strong></span> 
     </span>
    </p>
   </div>
   <div class='ocr_carea' id='block_1_7' title="bbox 323 2859 1445 2896">
    <p class='ocr_par' dir='ltr' id='par_1_10' title="bbox 323 2859 1445 2896">
     <span class='ocr_line' id='line_1_49' title="bbox 323 2859 1445 2896; baseline 0 -2"><span class='ocrx_word' id='word_1_401' title='bbox 323 2859 458 2896; x_wconf 82' lang='lat' dir='ltr'><strong>Ducas-</strong></span> <span class='ocrx_word' id='word_1_402' title='bbox 1402 2861 1445 2894; x_wconf 79' lang='lat'><strong>35</strong></span> 
     </span>
    </p>
   </div>
   <div class='ocr_carea' id='block_1_8' title="bbox 0 2116 63 3210">
    <p class='ocr_par' dir='ltr' id='par_1_11' title="bbox 0 2116 63 3210">
     <span class='ocr_line' id='line_1_50' title="bbox 0 2116 63 3210; baseline 0 0"><span class='ocrx_word' id='word_1_403' title='bbox 0 2116 63 3210; x_wconf 95' lang='lat' dir='ltr'><strong> </strong></span> 
     </span>
    </p>
   </div>
  </div>
 </body>
</html>
