1916 3210
459 193 672 238 rumen
711 175 1050 238 marnam
1087 193 1342 237 INCERTO.
1512 174 1626 243 483

174 303 295 350 ἵετε8·
316 297 624 353 Ἰ3803110381810.
695 297 878 337 Essendo
910 298 1046 338 intrati
1087 296 1117 339 li
1142 296 1298 336 Tui-ehi
1328 297 1367 336 in
1396 295 1632 335 Constanti-

175 353 321 408 nopoli
343 369 423 396 eon
451 353 608 408 perdita
645 353 697 392 de
724 354 786 392 tre
810 354 966 393 homini
993 353 1219 395 solamente
1239 381 1253 404 ‚
1282 351 1312 392 li
1339 351 1450 406 quali
1484 352 1630 391 forono

173 407 345 455 §munti
374 411 416 453 in
447 411 488 450 la
510 411 688 459 intrata,
720 409 867 462 perche
893 409 936 448 fo
965 408 1096 448 l'hora
1120 408 1252 462 prima
1277 407 1331 447 de
1358 421 1487 447 zorno
1502 438 1515 458 ,
1544 421 1630 446 non

171 465 454 514 “anchora
480 479 679 518 apparsso
706 464 744 503 el
769 465 855 504 sole
884 478 1007 517 sopra
1051 463 1089 504 la
1117 470 1239 504 terra.
1295 463 1414 503 Tutti
1442 477 1485 503 se
1513 477 1631 516 spar-

171 533 271 570 neuo
296 518 441 574 peria
469 520 619 571 8111818,
648 520 869 560 amazando
899 521 1019 559 Greci
1046 526 1086 558 et
1115 518 1265 566 Latini,
1298 520 1441 572 quanti
1467 532 1518 558 ne
1547 526 1633 558 tro-

171 587 355 622 mono.
397 575 549 616 foi-ono
588 577 756 615 amazati
786 577 894 615 eirca
921 576 992 615 doi
1023 575 1132 614 milia
1159 574 1316 614 homini
1347 574 1398 614 da
1424 573 1631 628 hatuglia3

171 636 214 681 ξς
238 629 373 685 questi
417 630 566 671 forono
606 630 729 670 morti
755 645 825 684 per
855 645 1005 684 paura,
1036 629 1187 683 perche
1213 629 1370 670 Turchi
1398 644 1631 683 pensavano

105 698 108 702 ’
171 683 251 733 elie
273 681 324 726 in
351 684 392 726 la
419 692 532 728 terra
561 700 602 726 se
631 694 812 726 trovasse
841 687 914 739 piii
943 687 993 725 de
1017 686 1239 740 cinquanta
1260 684 1374 725 milia
1399 685 1557 725 homini
1579 686 1631 725 da

161 750 324 796 'operar
350 755 490 782 arme:
531 741 606 781 che
641 756 684 782 se
721 756 911 781 avesseno
954 749 1099 794 saputo
1142 740 1218 780 che
1259 743 1302 780 in
1331 747 1437 780 tulta
1466 740 1503 780 la
1530 743 1630 781 citt&

172 808 257 846 non
284 811 414 838 erano
442 797 517 851 pin
547 797 599 837 de
639 804 732 837 octo
760 797 870 837 milia
911 797 1066 836 homini
1097 797 1149 836 da
1179 810 1320 847 arme,
1351 795 1380 836 li
1406 796 1630 837 haveriano

173 850 315 900 salvati
344 852 438 892 tutti
465 853 609 907 quanti
637 867 709 906 per
735 851 912 893 venderli
943 867 1018 892 808
1045 866 1183 893 mazor
1210 867 1283 892 sua
1309 851 1509 902 utssstade,
1539 867 1632 906 per—

175 905 253 961 §he
294 907 437 962 questa
479 911 741 963 generatione
782 910 805 947 ὲ
841 916 955 947 tanto
997 908 1116 947 avida
1156 908 1208 948 de
1245 907 1423 947 robbare
1458 908 1560 957 che,
1589 922 1633 948 se

174 961 314 1016 quello
346 963 422 1003 che
449 963 479 1003 li
514 963 667 1003 havet-{1
693 971 876 1003 amazato
905 964 942 1002 el
970 970 1099 1015 patre,
1116 963 1144 1001 li
1172 963 1334 1016 eagiera
1363 963 1402 1001 in
1433 963 1468 1002 le
1497 978 1631 1013 mane,

173 1017 209 1070 81
237 1017 331 1058 far-32
359 1017 490 1059 libero
531 1033 607 1072 per
631 1019 779 1058 dinari.
835 1019 889 1057 Et
915 1020 954 1056 io
979 1019 1154 1070 scriptor
1180 1018 1235 1057 ho
1266 1018 1430 1071 parlalo
1460 1022 1525 1070 poi
1555 1033 1631 1058 con

173 1073 289 1113 molti
318 1073 370 1113 de
399 1074 464 1114 lor
490 1073 568 1113 che
594 1087 637 1114 se
664 1079 882 1113 trovarano
913 1073 949 1111 81
985 1073 1178 1112 conflicto
1196 1101 1207 1120 ‚
1237 1073 1264 1111 li
1295 1073 1407 1126 quali
1437 1087 1501 1112 me
1531 1074 1631 1112 han-

177 1128 360 1169 nodata
401 1131 546 1169 notitia
592 1129 698 1168 della
729 1130 886 1182 grande
927 1128 1150 1168 formidine
1197 1128 1273 1167 che
1299 1129 1488 1168 hebbeno
1520 1130 1559 1168 in
1592 1128 1632 1168 la

173 1185 308 1237 prima
341 1185 493 1225 intrata
521 1184 598 1225 che
629 1186 770 1225 feceno
799 1185 840 1223 in
870 1184 908 1223 la
939 1185 1031 1226 8118.
1061 1183 1112 1222 (18
1140 1183 1167 1222 11
1187 1183 1295 1223 servi
1323 1183 1440 1223 electi
1469 1183 1534 1223 (181
1565 1190 1631 1238 ty-

174 1253 335 1288 ranno,
377 1240 452 1280 che
490 1254 534 1280 se
580 1240 798 1280 chiamano
826 1239 1021 1286 18818811,
1061 1253 1229 1278 corseno
1257 1239 1395 1278 alcuni
1426 1237 1464 1278 81
1495 1239 1633 1293 palazo

173 1293 416 1349 imperiale,
459 1295 596 1336 alcuni
626 1296 664 1335 al
704 1295 860 1349 grande
890 1294 1141 1334 monasterio
1170 1294 1235 1333 del
1259 1294 1492 1334 Prodi-omo
1526 1302 1565 1334 et
1593 1295 1632 1334 al

173 1351 421 1391 monasterio
464 1350 516 1390 de
543 1351 678 1401 Cora,
728 1350 834 1390 dove
863 1364 931 1389 era
959 1356 1065 1389 stata
1094 1357 1257 1402 reposta
1285 1348 1495 1390 l’anchona
1527 1349 1634 1390 della

173 1405 422 1447 inmaculata
461 1414 590 1446 matre
629 1407 680 1446 de
709 1405 790 1446 dio.
821 1420 847 1445 0
886 1405 1050 1459 lingua,
1086 1420 1111 1445 o
1140 1405 1274 1454 labri,
1305 1405 1381 1444 che
1408 1419 1485 1458 per
1513 1405 1540 1444 11
1571 1407 1632 1445 101

173 1462 330 1515 peceati
358 1461 460 1502 suste
487 1461 685 1502 reservati
704 1475 779 1515 per
806 1462 939 1501 dover
965 1461 1057 1500 dire
1077 1461 1125 1500 18
1144 1474 1238 1500 cose
1266 1461 1526 1500 intravenute
1554 1461 1633 1500 nlla

173 1516 460 1563 adoratissima
497 1518 687 1558 anchona
723 1515 829 1556 della
870 1518 1115 1556 intemerata
1145 1530 1339 1570 vei-gene.
1411 1516 1510 1555 Uno
1539 1516 1633 1556 deni

174 1571 313 1626 impii,
343 1573 574 1613 strinzendo
602 1571 723 1613 eonle
750 1572 903 1612 nefarie
940 1586 1059 1611 mane
1089 1587 1170 1611 una
1201 1586 1365 1611 manara
1396 1579 1435 1611 et
1463 1572 1634 1611 alzando

175 1626 215 1668 la
241 1626 431 1680 braeeia,
471 1628 594 1669 sfesse
624 1628 664 1669 la
689 1636 830 1668 sancta
859 1643 1017 1668 ancona
1047 1628 1088 1666 in
1121 1635 1271 1681 quatro
1300 1634 1442 1681 parte,
1477 1635 1519 1668 et
1547 1635 1633 1666 tra..

173 1689 240 1724 ete
264 1681 306 1724 le
330 1683 463 1736 sorte,
493 1684 764 1724 ciascheduno
792 1684 895 1723 tolse
924 1684 963 1723 la
991 1699 1063 1724 sua
1090 1690 1207 1735 parte
1239 1697 1315 1722 con
1345 1682 1385 1722 lo
1415 1683 1567 1722 havere
1595 1691 1636 1723 et

175 1746 417 1792 ornamento
446 1739 522 1779 che
555 1754 599 1780 se
626 1747 854 1779 trovavano
898 1741 937 1778 in
971 1739 1116 1793 quelle.
1174 1740 1228 1778 Et
1258 1739 1499 1778 similmente
1526 1739 1634 1778 divi-

175 1807 269 1834 sero
298 1793 328 1834 li
360 1794 447 1835 va'si
474 1802 514 1834 et
541 1795 680 1835 ricche
707 1794 971 1847 supellectilie
1010 1794 1076 1835 del
1100 1794 1356 1836 monasterio.
1390 1794 1537 1833 Alcuni
1572 1794 1634 1832 in-

177 1854 350 1890 trat-ono
378 1851 419 1890 in
452 1849 555 1889 Casa
580 1849 645 1889 del
686 1850 1035 1903 prothostratora‚
1067 1849 1176 1890 onde
1206 1850 1399 1902 rapirono
1434 1848 1462 1887 11
1490 1850 1634 1902 grandi

179 1904 341 1946 thesori
376 1905 574 1946 reconditi
616 1905 713 1944 dalli
739 1906 912 1959 antiqui.
972 1905 1026 1946 Et
1047 1919 1126 1944 con
1156 1904 1185 1943 li
1212 1905 1365 1944 theseri
1394 1905 1531 1944 hanno
1566 1919 1634 1944 ra·-

177 1959 266 2014 pito
294 1960 333 2000 le
361 1975 551 2014 generose
591 1960 753 2008 donne,
784 1959 823 2000 le
862 1959 983 2014 quale
1011 1963 1053 1999 in
1082 1959 1218 2013 quella
1243 1959 1348 1999 hora
1376 1974 1449 2013 per
1485 1959 1522 1998 la
1549 1968 1633 1999 sta·

178 2015 300 2070 gione
338 2016 405 2056 del
449 2031 560 2056 meze
602 2015 654 2056 de
684 2018 800 2056 Mazo
842 2018 1060 2056 altamente
1099 2016 1358 2056 dormivano.
1400 2029 1425 2054 0
1468 2015 1633 2054 soi-tuna

179 2071 432 2112 miserando!
473 2086 498 2112 ο
537 2085 630 2112 casu
677 2072 898 2123 horribile!
971 2071 1184 2111 Vedevase
1234 2085 1400 2110 correre
1442 2069 1470 2109 11
1499 2072 1634 2110 miseri

179 2127 320 2168 Romei
351 2141 425 2181 per
453 2126 493 2168 18
517 2127 653 2168 strade
681 2127 901 2181 sbigottiti‚
933 2141 954 2166 e
979 2129 1140 2174 smorti,
1172 2125 1283 2166 feriti
1311 2133 1352 2165 et
1379 2140 1632 2179 sanguenen—

179 2184 211 2222 ti
228 2211 241 2233 ‚
290 2182 537 2237 seampando
565 2182 643 2223 8118
681 2184 850 2237 proprie
883 2197 977 2222 8838
1003 2197 1076 2236 per
1104 2183 1251 2222 vedere
1280 2189 1320 2221 et
1347 2182 1567 2221 abbrazare
1597 2183 1634 2221 18

135 2258 138 2261 ·
180 2238 379 2292 mogliere
400 2246 443 2279 et
485 2237 514 2278 11
542 2238 683 2293 figlioli
719 2241 808 2287 soi,
843 2238 1082 2278 domandati
1111 2239 1152 2277 in
1181 2238 1256 2277 8118
1283 2244 1388 2276 stato
1417 2252 1460 2277 se
1491 2244 1631 2276 trova-

180 2307 287 2334 vano
307 2295 344 2334 le
361 2308 470 2336 cose.
497 2294 536 2334 Ο
555 2296 697 2348 pianto
714 2293 1024 2333 inconsolabile!
1048 2308 1073 2333 0
1092 2307 1194 2332 voce
1215 2300 1254 2332 et
1274 2293 1414 2346 parola
1436 2294 1627 2332 obseura!

181 2363 207 2388 o
225 2357 408 2404 resposta
432 2349 506 2404 pin
524 2364 661 2390 amara
688 2351 764 2389 che
787 2351 823 2388 la
846 2351 1007 2389 morte!
1035 2348 1189 2388 aldire:
1218 2349 1245 2388 li
1265 2348 1482 2388 adversarii
1506 2351 1631 2388 nostri

182 2418 258 2445 sou
287 2405 434 2446 dentro
461 2405 558 2446 dani
587 2407 708 2446 muri.
739 2406 893 2445 Poiche
923 2411 1064 2459 questa
1088 2419 1186 2444 voce
1212 2405 1408 2444 horribile
1439 2404 1477 2443 so
1496 2404 1630 2444 divul-

181 2467 275 2512 gata
301 2475 378 2514 per
403 2468 509 2501 tutta
535 2461 574 2501 la
602 2462 733 2501 citade
749 2492 760 2506 ,
790 2461 934 2500 vedevi
960 2460 999 2499 18
1027 2460 1162 2500 sti-ade
1191 2460 1308 2514 piene
1330 2460 1380 2500 de
1404 2460 1559 2499 homini
1591 2467 1631 2500 et

1645 1132 1711 1166 288

1646 2352 1713 2397 289

182 2514 355 2567 femine,
380 2516 523 2570 preti,
554 2517 729 2557 Caloieri
759 2524 798 2556 81
829 2517 1039 2570 Calogree.
1070 2515 1169 2555 tutti
1199 2530 1365 2556 correi-e
1392 2515 1471 2555 alla
1499 2515 1653 2556 chiesa'

181 2571 364 2624 grande,
404 2572 441 2612 le
476 2572 628 2613 femine
654 2587 734 2611 808
778 2572 806 2611 11
831 2572 957 2626 picoli
987 2572 1094 2625 putti
1137 2573 1178 2610 in
1208 2572 1354 2622 brazo,
1401 2570 1564 2611 lassanti
1597 2572 1633 2611 le

184 2629 356 2680 proprie
397 2641 489 2668 case
525 2628 594 2667 alli
622 2628 738 2682 impii
772 2629 1000 2681 possessori.
1067 2628 1135 2666 Ma
1172 2627 1223 2666 de
1269 2633 1410 2680 questo
1455 2641 1631 2666 concor-

184 2695 231 2722 so
268 2681 331 2722 ala
361 2682 511 2723 chiesia
547 2684 699 2737 grande
742 2684 837 2737 qual
883 2683 924 2722 so
954 2683 991 2721 la
1022 2687 1201 2722 caxone'?
1261 2684 1319 2722 Da
1349 2682 1376 2722 li
1405 2684 1561 2737 antiqui
1589 2682 1631 2721 fo

185 2737 438 2778 manifestata
480 2753 562 2778 una
606 2739 823 2791 prophetia
864 2739 915 2778 de
955 2737 1089 2778 alcuni
1132 2738 1222 2777 falsi
1257 2738 1473 2792 propheti,
1519 2752 1632 2776 come

186 2791 561 2849 Constantinopoli·
580 2795 692 2835 serra
736 2794 828 2834 data
873 2792 942 2834 8111
972 2792 1153 2844 Turchi,
1192 2794 1220 2833 li
1264 2795 1373 2848 quali
1417 2796 1632 2833 iutrarono
