1916 3210
334 152 460 241 ‘³⁵⁰3
818 177 1001 221 mmm
1053 163 1310 220 msTomA

375 278 498 322 rande
542 286 697 322 armata
737 287 876 320 contra
915 278 999 330 lui,
1040 286 1080 319 et
1101 293 1180 318 con
1210 280 1384 319 exercito
1415 280 1465 321 d'a
1495 288 1605 322 terra·
1633 276 1784 324 mafflb

346 294 531 376 §lismael
567 338 780 390 capitaneo
826 333 908 373 allo
955 334 1108 373 assedio
1146 335 1195 372 de
1225 334 1414 379 Mitilino,
1471 337 1527 381 Et
1555 330 1718 392 operate
1747 339 1787 379 le

348 391 501 444 grande
537 391 783 440 bombarde‚
822 396 863 428 ct
897 389 990 427 date
1035 390 1159 428 molte
1196 388 1366 443 hataglie
1386 420 1397 438 ‚
1429 392 1638 443 operando
1666 392 1784 443 scale,

349 446 549 485 testudine
575 453 614 485 et
635 447 728 484 altri
759 444 1012 483 instrumenti
1041 443 1322 496 batagliescbi‚
1347 460 1429 484 non
1459 446 1648 498 podendo
1674 449 1788 504 aqui-

350 507 456 540 stare
487 501 628 539 alcuna
661 513 751 538 cosa
769 528 780 546 ‚
821 498 980 551 perduti
1019 499 1135 537 molti
1165 499 1205 536 di
1235 501 1291 538 soi
1322 500 1396 539 che
1425 502 1624 541 riinaseno
1649 501 1787 554 morti,

269 551 515 597 339tornar0
546 570 568 593 a
597 569 684 593 casa
713 568 790 593 con
821 554 969 592 damno
999 561 1038 592 et
1066 567 1144 592 con
1174 567 1390 607 vergogna.
1422 556 1468 594 ln
1495 555 1632 608 quello
1662 567 1785 604 anno,

352 609 427 650 che
453 610 493 649 so
522 609 585 648 del
616 609 748 662 6966,
786 608 934 648 mando
973 607 1040 661 alli
1069 608 1218 660 dispoti
1249 610 1299 648 de
1326 611 1576 663 Peloponeso
1605 624 1686 651 uno
1713 624 1787 651 suo

351 678 471 704 servo
501 665 708 703 nominato
737 663 1032 714 Dialamban03
1075 664 1112 702 el
1139 664 1255 715 quale
1283 665 1365 704 cosi
1393 679 1540 719 expose
1566 680 1640 719 per
1667 680 1790 706 nome

351 719 418 758 del
451 727 643 772 tyranno.
715 718 795 758 Voi
822 718 870 757 de
900 726 1035 757 vostra
1077 717 1244 757 volunta
1270 733 1320 757 ve
1349 726 1434 759 sete
1461 716 1680 772 convenuti
1709 735 1788 760 con

353 775 409 812 mi
440 774 580 812 darme
608 773 704 827 ogni
731 786 839 814 anno
859 773 1014 812 tributo
1041 772 1091 811 de
1116 772 1249 812 ducati
1278 774 1374 813 dece
1405 774 1530 814 milia.
1558 775 1659 814 hora
1687 774 1792 815 vedo

354 827 431 867 che
456 843 536 867 non
577 842 641 867 me
669 829 877 868 observete
919 828 948 866 li
977 829 1110 881 pacti,
1140 830 1226 867 anzi
1255 843 1320 867 me
1343 829 1578 882 disprezate.
1635 831 1793 887 Eligate

354 883 543 936 adunque
583 882 687 923 delle
733 884 802 923 doi
848 898 942 923 cose
966 882 1004 922 la
1035 882 1245 936 megliore.
1280 894 1309 922 ο
1330 892 1472 936 pagate
1502 885 1538 924 el
1566 884 1723 936 debito,
1751 892 1793 924 et

353 937 546 978 haverete
582 953 679 991 pace
716 953 793 978 con
827 940 907 978 mi:
955 953 979 977 o
1030 946 1262 978 veramente
1297 940 1543 991 partitevene
1568 936 1712 992 presto
1742 939 1793 979 de

355 991 408 1040 n,
437 991 624 1041 lassando
656 995 668 1032 i
694 993 801 1032 lochi
831 994 908 1033 alla
946 994 1026 1032 mia
1055 994 1243 1047 signoria.
1298 996 1492 1042 Doveano
1517 992 1614 1032 dare
1633 993 1794 1033 ‘tributo

358 1046 412 1087 da
438 1048 501 1087 tre
544 1049 640 1087 anni
668 1049 833 1103 passati.
900 1050 945 1088 ln
975 1056 1117 1102 questo
1145 1056 1285 1102 tempo
1318 1062 1496 1088 vennero
1528 1048 1794 1088 ambaxiatori

356 1102 411 1141 da
441 1104 629 1154 Comani,
661 1106 821 1158 signore
848 1104 951 1143 delle
978 1112 1094 1156 pai-te
1123 1104 1173 1142 de
1190 1105 1385 1143 Armenia
1413 1104 1487 1144 che
1513 1104 1645 1142 vicina
1673 1117 1749 1143 con
1780 1106 1794 1143 i

355 1157 497 1196 Colchi
518 1166 556 1197 et
577 1159 827 1210 Usuncasan,
858 1159 1175 1198 domandandoli
1194 1160 1336 1198 alcune
1353 1172 1442 1198 cose
1457 1159 1508 1198 de
1535 1170 1616 1197 non
1645 1158 1795 1212 grande

355 1213 519 1262 valore,
550 1228 615 1253 ma
647 1214 698 1253 de
724 1229 849 1254 raxon
879 1215 929 1253 de
958 1214 1116 1253 tributo
1154 1214 1204 1253 de
1227 1214 1297 1267 pitu
1320 1214 1370 1252 de
1395 1215 1489 1252 anni
1522 1214 1597 1252 LX
1623 1213 1793 1267 passati,

356 1270 477 1320 quale
497 1267 525 1306 li
560 1269 678 1308 dovia
705 1270 780 1309 dar
810 1272 903 1323 ogni
933 1284 1056 1316 anno,
1089 1269 1157 1308 zoe
1187 1268 1297 1312 mille
1328 1269 1549 1323 Sagismata
1574 1281 1650 1321 per
1678 1263 1714 1307 li¹
1732 1270 1793 1307 soi

355 1322 518 1372 cavalli,
548 1324 596 1362 id
621 1333 680 1364 esc
701 1327 948 1379 copes-toria,
979 1332 1018 1362 et
1046 1324 1154 1363 mille
1180 1323 1386 1376 tagistiria,
1415 1323 1462 1362 id
1484 1331 1541 1363 est
1567 1322 1676 1362 mille
1694 1331 1795 1376 'para

344 1376 407 1418 vde
443 1379 641 1430 sporoni,
684 1385 725 1418 et
761 1379 871 1418 mille
905 1379 1251 1426 chiefalcdesmia‚
1295 1379 1342 1417 id
1371 1389 1427 1418 est
1453 1379 1593 1417 taistra
1619 1391 1684 1416 seu
1709 1390 1795 1417 sac-

354 1428 543 1471 cheti'da
584 1433 686 1487 ligat·
724 1433 787 1473 ale
811 1441 911 1473 teste
940 1434 990 1472 de
1018 1434 1161 1472 cavalli
1192 1433 1244 1471 ad
1272 1433 1378 1471 darli
1403 1447 1427 1471 a
1453 1446 1617 1472 manzar
1639 1431 1676 1471 la
1706 1431 1795 1471 bia-

354 1485 420 1529 da.
476 1487 531 1525 Et
557 1502 632 1540 per
657 1492 799 1541 questo
827 1489 1097 1528 chiaramonte
1124 1503 1165 1527 se
1192 1488 1358 1526 intende
1391 1494 1528 1542 questa
1558 1488 1793 1540 generation

354 1540 405 1581 de
437 1543 700 1582 Ottomanide
725 1557 828 1583 esser
855 1544 1011 1582 dcscesa
1037 1543 1086 1581 de
1108 1543 1300 1581 Armenia
1327 1542 1376 1580 de
1396 1542 1539 1581 servile
1566 1548 1609 1581 et
1636 1541 1794 1581 abiecta

355 1596 600 1640 conditione.
654 1596 708 1637 El
735 1598 868 1637 ducha
900 1598 1150 1638 Mechemeth
1199 1596 1265 1635 alli
1295 1596 1550 1635 ambaxadori
1579 1597 1621 1635 in
1650 1603 1793 1650 questo

353 1652 475 1690 modo
514 1666 703 1705 respose:
737 1653 881 1692 andate
922 1654 962 1691 in
996 1666 1109 1704 pace.
1167 1652 1211 1689 Io
1239 1650 1404 1703 portarb
1431 1658 1571 1705 queste
1596 1664 1691 1690 cose
1715 1664 1794 1690 con

355 1708 411 1745 mi
439 1706 572 1745 Panno
600 1715 792 1760 sequente
809 1737 820 1756 ‚
861 1714 900 1746 et
927 1707 1078 1760 pagan-b
1107 1707 1143 1745 el
1175 1706 1323 1745 debito.
1381 1707 1426 1744 In
1457 1705 1593 1758 quello
1622 1719 1729 1744 anno
1757 1707 1794 1746 el

355 1760 490 1800 ducha
518 1761 645 1801 havea
690 1764 915 1801 cominzato
956 1762 1142 1800 edificare
1180 1759 1218 1798 la
1241 1761 1319 1799 cita
1356 1774 1470 1800 verso
1504 1759 1714 1814 Crisapili,
1749 1760 1799 1799 id

357 1825 414 1855 est
446 1815 484 1855 la
527 1824 643 1869 porta
687 1831 827 1856 aurea.
897 1817 1103 1855 Edifieava
1144 1815 1178 1854 el
1208 1814 1401 1862 castello,
1442 1814 1482 1854 lo
1511 1815 1629 1869 quale
1655 1815 1798 1854 Ioanni

360 1871 506 1911 vechio
527 1872 760 1925 impcrador
777 1872 988 1924 vogliando
1015 1871 1191 1921 edificar,
1222 1870 1399 1909 Paiasith
1429 1884 1506 1909 avo
1533 1870 1596 1909 del
1620 1877 1797 1923 tyranno

279 1930 348 1977 340
361 1925 398 1965 le
424 1927 591 1979 impedi.
663 1928 857 1966 Intrando
905 1927 943 1965 la
972 1927 1198 1979 primavera
1217 1955 1229 1976 ,
1267 1932 1307 1964 et
1337 1925 1524 1964 havendo
1551 1931 1798 1978 congregato

358 1980 398 2020 le
434 1996 505 2020 sue
550 1982 759 2034 potentie,
808 1996 921 2020 corso
963 1977 1002 2019 in
1040 1980 1302 2032 PeloponeSO.
1361 1979 1432 2018 Nel
1459 1981 1590 2032 primo
1622 1980 1798 2034 ingresso

358 2050 476 2089 prese
504 2037 682 2090 Coi-ynto
711 2050 823 2075 senza
852 2035 1040 2088 bataglia.
1098 2035 1354 2075 Intendendo
1383 2035 1410 2072 li
1429 2035 1577 2087 dispoti
1607 2033 1646 2072 la
1670 2047 1799 2074 venu-

360 2097 402 2130 ta
434 2092 496 2130 del
540 2099 713 2144 tyranno
758 2094 797 2130 in
829 2093 866 2129 la
896 2093 1061 2137 Morea,
1112 2091 1147 2128 el
1177 2090 1336 2142 dispoto
1367 2090 1542 2128 Tomaso
1577 2089 1726 2143 fugette
1753 2088 1797 2127 in

362 2147 477 2186 Italia
507 2147 555 2184 ad
585 2148 728 2196 Roma,
758 2146 794 2185 el
824 2146 984 2198 dispoto
1016 2144 1208 2183 Dimitrio
1236 2159 1276 2183 se
1311 2144 1429 2182 diede
1457 2144 1506 2182 de
1535 2157 1606 2182 sua
1635 2144 1797 2183 volunta

363 2207 406 2240 et
446 2202 724 2241 ricomandose
773 2201 808 2239 al
838 2209 1026 2254 tyranno.
1109 2199 1305 2238 Havendo
1347 2199 1533 2251 adunque
1575 2198 1799 2251 acquistato

364 2256 498 2295 tutto’l
546 2257 825 2309 Peloponem,
870 2263 910 2294 et
945 2254 1128 2293 havendo
1170 2260 1409 2293 sottomesso
1453 2254 1547 2291 tutti
1578 2252 1606 2291 li
1635 2252 1729 2291 duci
1759 2259 1821 2291 et*

362 2313 458 2350 tutti
490 2313 515 2350 li
546 2311 719 2364 principi
746 2325 859 2350 senza
893 2310 1066 2362 bataglia
1099 2315 1140 2347 et
1168 2323 1282 2348 senza
1314 2315 1540 2357 contrasto‚
1571 2321 1654 2346 esso
1679 2306 1801 2346 torni)

362 2367 405 2405 in
438 2367 709 2419 Andrinopoli
730 2396 741 2416 ‚
772 2365 974 2405 menando
1007 2379 1095 2403 seco
1127 2364 1290 2402 Dimuri
1336 2378 1410 2402 con
1439 2369 1543 2401 tutta
1573 2360 1611 2401 la
1639 2376 1709 2400 sua
1738 2362 1799 2400 fa·-

361 2421 521 2474 miglia‚
553 2421 752 2460 menando
788 2435 938 2459 ancora
976 2434 1051 2458 con
1081 2433 1167 2458 esso
1196 2420 1289 2457 tutti
1321 2418 1350 2456 li
1379 2417 1503 2456 nobili
1531 2415 1595 2454 del
1622 2426 1694 2455 suo
1724 2430 1800 2468 pa-

362 2474 472 2524 lazo,
505 2482 545 2514 et
577 2477 605 2514 li
631 2476 811 2529 generosi
839 2483 878 2514 et
905 2474 1108 2513 excellenti
1138 2475 1188 2512 de
1216 2480 1318 2512 tutta
1351 2472 1388 2511 la
1411 2472 1576 2520 Achaia,
1607 2469 1645 2508 la
1675 2470 1799 2509 Athi-

363 2544 436 2578 ca,
468 2531 783 2570 Lacliedemonia
815 2537 853 2569 et
885 2529 1133 2568 l'Archadia.
1164 2528 1219 2567 Et
1247 2527 1345 2567 tutti
1371 2527 1400 2566 li
1426 2524 1623 2579 capitanei
1661 2532 1700 2564 et
1730 2539 1798 2564 cx-

361 2584 524 2624 cellcnti
561 2586 652 2624 delli
683 2585 876 2624 Albanesi
918 2584 1003 2622 fece
1037 2585 1203 2623 morire.
1273 2584 1333 2620 De
1365 2581 1460 2620 tutti
1498 2581 1526 2619 li
1556 2579 1703 2618 castelli
1733 2579 1797 2618 del

363 2639 614 2691 Peloponeso
657 2640 759 2679 altro
788 2654 866 2678 non
906 2639 1048 2677 rimase
1092 2638 1165 2676 che
1198 2637 1461 2676 Menovasia.‘
1497 2634 1616 2673 Tolse
1647 2634 1696 2672 (le
1720 2634 1798 2672 Pe-

364 2693 555 2747 loponeso
582 2695 763 2747 farneglie
791 2695 868 2733 fine
899 2694 949 2732 ad
981 2694 1047 2732 doi
1078 2692 1210 2741 milia,
1243 2693 1279 2730 le
1311 2692 1427 2744 quale
1450 2689 1596 2728 mando
1626 2689 1665 2726 in
1688 2689 1799 2726 Con-

365 2749 622 2803 stantinopoli
662 2751 712 2789 ad
739 2749 922 2790 habitare
967 2748 1007 2787 in
1049 2747 1086 2787 le
1121 2747 1310 2786 contrade
1339 2746 1377 2786 le
1405 2745 1523 2798 quale
1550 2743 1676 2786 havea
1704 2743 1796 2781 des-
