1884 3216
312 163 340 196 2
356 161 373 195 ι
385 142 422 207 4
645 160 827 202 nucu:
863 158 1150 200 MlanEms
1187 159 1409 201 NEPo'ns

259 260 458 316 Βκλήτου
487 262 509 302 ὅ
539 264 577 304 Γ
575 260 738 314 εμιστὸς
767 262 814 303 ἐκ
845 261 1201 314 Λακεδαιμονίοις,
1235 262 1276 302 Γ
1273 258 1445 315 εοόργιος
1471 259 1493 301 ὅ
1521 259 1758 318 σχολάριος-

303 328 377 369 καί
397 326 620 375 καθολικὸς
645 324 814 382 κριτής,
841 323 913 366 καὶ
936 319 1300 379 Ἀργυρόπουλος·
1357 319 1473 367 οὗτοι
1502 326 1549 367 δὲ
1574 319 1682 381 ἦσαν
1699 325 1747 369 πῖ

300 393 539 446 μετέχοντες
580 389 728 446 λόγου,
771 392 816 431 ἐκ
854 389 1010 444 μέρους
1051 391 1098 431 δὲ
1124 391 1198 431 καί
1219 390 1455 443 Ῥωμαϊκοῦ
1480 390 1747 447 μαθήματοςὲ

301 456 384 499 ἀπὸ
414 459 460 498 δὲ
486 459 559 500 τοῦ
589 458 743 510 μέρους
765 456 848 497 ταῖν
875 454 1075 497 Λατίνων
1102 457 1258 499 πολλοί.
1286 454 1546 510 ἐγεγόνεισαν
1570 457 1619 499 δὲ
1646 471 1746 499 συν..

301 524 485 574 ελεύσεις
523 522 686 565 πολλαί.
743 522 858 569 τέλος
892 522 1162 576 παυσαμένης
1203 523 1276 576 τῆς
1304 524 1580 577 φιλονεικίας,
1614 523 1780 571 eicit&

301 590 603 644 ὅμονοήσαντες
620 587 774 631 Ἰταλοί
798 586 873 628 καί
895 586 1074 642 Γραικοὶ
1107 584 1213 643 πλὴν
1237 585 1427 643 Μάρκου
1446 619 1459 639 ,
1493 586 1744 644 ὖπεστρῶθη

299 652 424 707 ὅρος,
475 651 703 706 ὀμόσαντες
740 650 814 693 καί
852 647 959 707 ἇροὶς
997 653 1236 706 ἐπιθέντες,
1265 651 1322 702 ὥς
1352 648 1428 694 οῦκ
1459 651 1744 708 ἐναντιολογή-

1059 714 1132 731 uf!
1265 714 1285 730 (Ι

297 736 422 763 σουσι
448 718 626 765 πώποτε.
695 716 717 759 ὅ
748 719 796 760 δὲ
824 715 981 773 καρπὸς
1003 733 1076 760 του
1107 733 1234 773 ορου,
1264 734 1329 760 οτι
1357 716 1405 760 τὰ
1431 721 1596 772 πνεῦμα
1622 715 1742 772 ἅγιον

296 784 570 841 ἐκπορεύεται
607 785 652 825 ἑκ
693 782 856 839 πατρὸς
896 783 969 825 καί
990 783 1089 825 υἱοῦ
1113 783 1171 833 ὥς
1207 785 1253 826 ἐκ
1277 786 1379 837 μιᾶς
1407 780 1541 840 ἀρχῆς
1563 783 1639 826 ’κατ’
1663 799 1742 838 μο-

295 852 464 905 ναδικῆς
503 851 734 905 προβολῆς,
777 848 822 891 τὸ
864 846 965 904 ὅπερ
993 851 1182 903 λέγουσιν
1208 846 1251 890 οἷ
1276 848 1454 903 Γραικοὶ
1475 850 1539 892 ’ἐκ
1585 845 1744 905 πατρὸς
1761 862 1809 890 ιο

297 918 352 958 δι’
395 916 507 958 υἱοῦ.
572 914 724 965 πάντες
763 911 839 957 οὖν
879 915 1200 970 ὑπογράψαντες
1236 915 1282 957 ἐν
1310 914 1416 971 αὐτῇ
1438 917 1489 972 τῇ
1518 911 1740 974 ὅμολογίᾳ,

161 994 196 1028 Ρ.
220 1006 282 1030 120
296 984 468 1038 ἐξῆλθον
506 984 552 1025 ἐκ
587 984 664 1037 τῆς
695 982 961 1036 Φλωρεντίας
1003 979 1452 1036 συλλειτουργήσαντες
1485 981 1650 1035 πρῶτον
1672 979 1748 1023 καὶ

294 1046 700 1102 συγκοινωνήσαντες
717 1046 790 1089 καί
807 1044 1095 1099 ἀσπασάμενοι
1116 1044 1332 1102 ἀλλήλους,
1353 1044 1460 1101 πλήν
1473 1045 1676 1102 Μάρκου.
1695 1045 1745 1088 τὸ

294 1116 342 1158 δὲ
380 1113 515 1165 κνίζον
540 1116 619 1156 τοῦ
646 1114 831 1169 Μάρκου
860 1109 913 1168 ἧν
940 1111 966 1167 ἡ
992 1111 1211 1168 προσθήκη
1240 1114 1315 1153 τοῦ
1339 1111 1556 1166 συμβόλου
1572 1142 1585 1165 ,
1614 1113 1746 1166 λέγων

292 1179 585 1235 ,,α’παλει’ψατε
608 1178 744 1233 αὐτὴν
772 1180 818 1220 ἐκ
845 1181 920 1233 τῆς
949 1175 1172 1231 ὅμολογιάς
1199 1179 1273 1232 τῆς
1312 1179 1512 1230 πίστεως,
1541 1178 1613 1219 καί
1638 1171 1742 1218 ὅπου
1759 1176 1809 1217 15

291 1242 345 1288 ἂν
371 1243 587 1299 βούλησθε
613 1244 815 1296 τιθέσθω,
843 1245 918 1285 καί
938 1243 1109 1302 ᾀδέσθω
1136 1245 1182 1285 ἐν
1209 1248 1302 1291 ταῖς
1329 1242 1585 1298 ἐκκλησίαις,
1613 1240 1672 1291 ὥς
1697 1243 1753 1284 ἐν·

291 1307 439 1353 ἄλλοτε
480 1308 528 1351 τὸ
574 1309 598 1350 ὅ
627 1308 855 1363 μονογενής
900 1308 993 1357 υἱὸς
1038 1307 1112 1350 καί
1138 1306 1257 1361 λόγος
1301 1310 1378 1350 τοῦ
1403 1310 1508 1349 θεοῦ
1535 1308 1744 1356 ἀθάνατος

291 1373 540 1429 ὖποίρχων.”
596 1373 636 1416 οἱ
666 1376 713 1416 δὲ
745 1378 929 1417 Λατῖνοι
958 1375 1173 1428 α’ντὲλεγον
1201 1374 1272 1427 ,,εἱ’
1298 1371 1388 1427 ἔχει
1415 1373 1462 1415 τὸ
1494 1373 1745 1429 βλάσφημον

290 1441 319 1494 ἡ
352 1439 597 1495 προσθήκη,
647 1441 806 1491 δεῖξον,
856 1439 928 1482 καὶ
964 1442 1254 1492 α’παλείψομεν
1295 1437 1402 1482 αὐτὸ
1444 1441 1519 1482 καί
1553 1435 1637 1480 dud
1667 1440 1744 1481 τοῦ
1795 1474 1798 1477 Α

291 1502 409 1559 ἆγίου
451 1504 665 1558 συμβόλου
708 1505 781 1547 καί
820 1504 903 1546 α’πὸ
932 1503 1118 1557 πάντων,
1127 1507 1284 1558 βίβλων
1312 1498 1369 1546 ὧν
1398 1501 1675 1559 ἑθεολόγησαν
1703 1505 1742 1548 οἱ
1756 1518 1808 1544 20

249 1573 488 1626 Βπατέρες,
517 1573 623 1626 λέγω
654 1571 865 1627 Κύριλλος
881 1602 895 1626 ,
918 1571 1194 1626 Ἀμβρόσιος,
1230 1571 1457 1627 Γρηγόριος
1483 1573 1557 1614 καί
1583 1572 1626 1615 Γ
1624 1569 1742 1627 ρηγὸ-

385 1687 441 1710 20.
467 1667 532 1722 ὦν]
558 1666 634 1709 ὦΡ.

292 1765 373 1794 rant
396 1760 577 1794 Gemistus
603 1758 920 1800 Lacedaemonius,
936 1758 1111 1803 Georgius
1138 1758 1335 1794 scholarius
1361 1765 1398 1793 et
1421 1759 1532 1793 iudex
1555 1762 1741 1796 universa-

292 1808 349 1848 lis,
377 1812 413 1840 et
435 1807 696 1851 Argyropulus:
723 1806 761 1839 hi
784 1806 964 1851 sapientes
991 1811 1093 1839 erant
1118 1812 1155 1840 et
1182 1806 1399 1839 Graecorum
1423 1807 1574 1841 scientia
1600 1808 1740 1854 aliqua-

292 1860 398 1887 tenus
436 1853 579 1886 eruditi.
613 1864 632 1885 a
669 1852 831 1897 partibus
866 1863 950 1885 vero
984 1853 1193 1886 Latinorum
1226 1853 1332 1887 multi
1357 1853 1446 1886 illuc
1483 1861 1737 1891 convenerunt.

292 1901 399 1933 variis
433 1906 553 1933 autem
587 1899 781 1944 colloquiis
822 1898 982 1940 habitis,
1009 1899 1307 1934 altercationibus
1331 1899 1478 1934 tandem
1505 1902 1673 1943 remotis,
1699 1903 1737 1938 in

291 1958 401 1980 unum
436 1946 747 1980 consentientibus
780 1946 881 1979 Italis
917 1950 954 1980 et
989 1951 1133 1991 praeter
1155 1947 1315 1980 Marcum
1358 1947 1522 1989 Graecis,
1557 1948 1740 1985 decretum

291 1992 525 2028 iureiurando
551 1994 727 2027 sancitum
764 1998 839 2033 est,
880 1993 938 2025 cui
963 1993 1027 2038 qui
1050 2005 1210 2038 unquam
1237 1993 1520 2036 contradiceret,
1545 2006 1626 2029 eum
1653 2006 1739 2029 ana-

291 2041 451 2074 themate
477 2051 517 2074 ac
541 2039 628 2074 diris
652 2040 882 2073 devoverunt.
910 2039 996 2072 inde
1021 2040 1117 2073 hunc
1133 2040 1287 2074 fructum
1311 2041 1555 2086 collegerunt,
1580 2047 1622 2076 ut
1651 2052 1739 2076 cou-

292 2088 469 2120 sentirent
502 2097 625 2120 omnes
661 2087 827 2131 spiritum
864 2092 1024 2119 sanctum
1062 2098 1106 2120 ex
1134 2092 1236 2131 patre
1271 2092 1308 2121 et
1333 2088 1409 2121 filio
1435 2087 1630 2133 procedere
1657 2094 1739 2125 tan-

294 2145 402 2179 quam
426 2145 470 2166 ex
494 2145 566 2166 uno
593 2134 771 2178 principio
808 2138 844 2167 et
869 2134 975 2167 unica
999 2134 1246 2178 processione,
1276 2134 1315 2169 id
1340 2134 1439 2179 quod
1462 2135 1589 2168 Graeci
1614 2135 1739 2169 dicunt

294 2191 339 2212 ex
364 2185 466 2224 patre
488 2191 553 2224 per
581 2180 788 2226 filiunucui
814 2179 900 2213 fidei
921 2180 1137 2214 confessioni
1166 2193 1244 2213 cum
1274 2192 1396 2214 omnes
1432 2181 1738 2227 subscripsissent,

292 2226 477 2262 Florentia
513 2227 682 2260 abierunt
717 2227 897 2260 celebrata
931 2227 1036 2261 simul
1067 2227 1220 2271 primum
1261 2227 1382 2261 divina
1404 2228 1570 2272 liturgia,
1596 2234 1736 2273 sumpta

292 2284 390 2306 sacra
428 2275 679 2307 communione
718 2279 754 2307 et
782 2275 903 2307 osculo
936 2275 1034 2318 pacis
1075 2274 1170 2308 inter
1204 2285 1241 2307 se
1278 2274 1383 2316 dat03
1410 2274 1541 2319 quibus
1567 2275 1736 2309 omnibus

289 2319 430 2353 Marcus
468 2321 564 2354 solus
593 2333 666 2354 non
694 2321 872 2355 interfuit.
903 2321 1009 2354 huius
1039 2321 1196 2354 animum
1226 2321 1380 2365 angebat
1406 2321 1546 2354 additio
1571 2322 1734 2365 symbolo

288 2367 402 2409 sacta3
428 2366 645 2413 dicebatque
680 2391 699 2406 „
725 2369 825 2408 illam
860 2379 903 2401 ex
927 2367 1013 2403 fidei
1040 2368 1265 2400 confessione
1292 2368 1495 2412 expungite.
1524 2368 1734 2414 ubicunque

288 2412 437 2446 libitum
463 2414 592 2454 suerit,
630 2421 852 2459 apponatur,
885 2415 1127 2459 reciteturque
1152 2415 1191 2447 in
1216 2414 1375 2450 ecclesiis
1392 2440 1401 2455 ‚
1427 2415 1520 2447 sicut
1545 2421 1735 2450 cantantur

287 2459 369 2493 aliis
395 2461 434 2493 in
470 2461 617 2495 canticis
653 2462 721 2494 ista
747 2462 951 2505 unigenitus
988 2461 1083 2494 filius
1109 2466 1145 2494 et
1169 2461 1318 2494 verbum
1346 2460 1405 2494 <lei
1428 2462 1632 2495 immortale
1657 2461 1733 2495 exi-

287 2512 420 2540 stens.“
454 2507 586 2552 quibus
619 2508 738 2541 Latini
764 2508 1070 2542 contradicebant.
1103 2508 1156 2546 „si
1181 2507 1390 2552 blasphema
1417 2513 1472 2542 est
1497 2507 1648 2549 additio,
1668 2508 1732 2541 de-

285 2559 457 2594 monstra,
482 2559 519 2587 et
544 2553 744 2588 delebimus
774 2567 851 2588 eam
875 2567 948 2588 non
974 2555 1089 2588 solum
1113 2566 1133 2586 a
1157 2565 1255 2588 sacro
1279 2554 1441 2598 symbolo
1465 2554 1529 2588 sed
1552 2555 1660 2589 etiam
1685 2554 1731 2587 ab

285 2600 453 2633 omnibus
485 2600 589 2633 libris
628 2602 766 2643 statim,
805 2602 936 2647 quibus
962 2607 1080 2647 patres
1118 2612 1173 2634 res
1208 2600 1429 2646 theologicas
1469 2606 1732 2641 tractaverunt,

285 2646 440 2690 Cyrillus
457 2672 466 2688 ‚
505 2647 734 2689 Ambrosius,
768 2649 960 2692 Gregorius
985 2654 1136 2693 uterque
1170 2648 1429 2693 (Nazianzenus
1454 2654 1491 2683 et
1513 2647 1731 2695 Nyssemm),

283 2693 461 2734 Basilius,
503 2694 761 2737 Hieronymus,
799 2696 1035 2739 Augustinus,
1071 2694 1363 2737 Chrysostomus‚
1402 2695 1537 2740 aliique
1571 2694 1728 2740 plurimi.

284 2740 314 2773 ni
341 2750 423 2774 vero
448 2752 513 2775 nos
538 2741 655 2774 Latini
692 2742 902 2775 confitemur
926 2753 1037 2776 unum
1064 2741 1279 2786 principium
1305 2748 1341 2777 et
1364 2753 1505 2776 eausam
1531 2747 1566 2777 et
1593 2742 1729 2775 sontem
