1916 3210
361 161 474 238 336
693 181 876 225 numm
913 158 1198 222 merianus
1234 180 1456 223 NEPOTls
1517 199 1520 200 ν

323 282 613 339 Βπροστάττει
645 277 720 325 οὖν
744 283 820 326 τοῦ
847 282 1046 323 ἀπελθεῖν
1073 281 1118 322 ἐν
1142 279 1372 340 τῇΛήμνῳ
1398 282 1477 324 ’σὺν
1496 283 1801 339 majumam-2

363 350 627 404 παραδοῦναι
666 346 743 402 τήν
779 350 903 402 νῆσον
941 345 1099 402 Χαμζᾷ
1135 347 1192 403 τῷ
1229 344 1365 404 δούλῳ
1393 348 1470 390 τοῦ
1499 346 1802 404 andegavam}

363 416 536 458 διοικεῖν
574 412 604 455 ἃ
642 414 783 466 θέμις.
852 413 897 454 ἐν
927 407 1011 468 ὅσῳ
1051 412 1098 453 δὲ
1133 413 1266 455 ταῦτα
1304 411 1533 468 ἐπράττετο
1542 412 1604 467 ,ὅ
1633 412 1802 469 &reatin

364 483 439 536 τῆς
466 482 640 533 Λέσβου
686 480 852 527 στείλας
881 475 984 530 μίαν
1014 478 1097 518 τῶν
1128 476 1304 533 ’διήρεων
1333 475 1468 521 αὐτοῦ
1495 478 1570 522 καὶ
1593 480 1698 523 ναῦν
1717 477 1800 523 οὖν

365 545 568 599 ἀνδράσιν
608 541 756 586 ἑκατὸν
786 538 815 597 ἢ
843 540 917 584 καί
957 543 1103 593 πλέον,
1138 541 1298 596 ἔχοντες
1325 542 1581 599 στρατηγούς
1607 542 1837 600 Ἰωάννηνό

367 607 611 658 ,memmium
647 606 738 650 τινὰ
781 608 854 649 καί
878 609 1083 651 Σπινέταν
1114 610 1479 663 Κουλουμπότου,
1522 603 1696 659 ἀναθείς
1723 605 1802 652 αὖ·

365 680 451 724 τοῖς
480 674 536 724 ὥς
565 675 605 715 εἰ
630 671 754 715 ἴδωσι
780 672 880 722 τοὺς
910 672 1131 727 Λημνίους
1169 676 1531 729 μεταμεληθέντας
1557 676 1617 726 εἰς
1661 674 1692 718 ἃ
1730 690 1804 718 a&

365 739 593 795 πράχασιν,
621 735 778 793 ἱλαρῶς
809 752 897 786 πως
925 739 986 786 εἰς
1013 736 1167 788 αὐτοῦς
1183 739 1400 792 >βλανεί,ιιουσι
1425 739 1497 783 καὶ
1519 740 1590 783 διὰ
1615 741 1805 801 ’γλυκέων
1828 769 1830 771 ν

367 802 566 860 ῥημάτων
602 803 676 844 καί
701 803 920 858 συνθηκῶν
959 800 1084 844 πάλιν
1108 805 1168 852 εἰς
1209 802 1339 845 αὐτὸν
1379 803 1458 859 τὴν
1492 807 1618 860 νῆσον
1644 807 1804 853 ἐπαινῶ·

367 870 603 924 στραφῆναι
630 866 902 922 ποιήσουσιν,
932 863 971 910 εἰ
997 869 1045 911 δὲ
1073 863 1125 909 οὔ
1140 900 1153 921 ,
1194 866 1392 922 λαβόντες
1418 867 1491 912 τὸν
1517 869 1700 927 ἀδελφὸν
1725 870 1803 913 αὖ·
1821 884 1867 911 ιο

331 937 446 980 cto&
464 931 674 977 Νικόλαον
699 933 1112 988 ἑπαναστρέψουσιν·
1140 928 1190 988 ἦν
1213 932 1294 989 γὰρ
1323 932 1448 985 αὐτὸς
1478 937 1524 977 ἐν
1549 937 1805 992 taivalum-

369 998 534 1054 κάστρῳ
566 995 847 1051 αὐλιζόμενος.
909 998 946 1040 οὶ
976 999 1022 1041 δὲ
1049 998 1130 1053 οὐχ
1158 994 1289 1048 οὕτως
1314 997 1593 1055 πεπράχασιν,
1621 999 1711 1043 ἀλλ’
1741 1001 1806 1052 ἐξ·

367 1063 562 1113 ελθόντες
602 1062 682 1106 σύν
725 1060 866 1112 ὅπλοις
893 1063 1113 1118 ἐμάχοντο.
1178 1062 1216 1106 οἱ
1247 1066 1298 1107 δὲ
1341 1063 1530 1121 Λήμνιοι
1570 1065 1806 1118 ἐξελθόντες

367 1127 544 1186 ἔφιπποι
560 1125 618 1178 ὥς
636 1126 898 1171 πεντακόσιοι
916 1127 1089 1178 τούτους
1108 1130 1495 1184 κατετροπιόσαντο,
1517 1130 1590 1173 καί
1606 1129 1707 1181 τούς
1727 1132 1806 1184 μὲν

369 1195 634 1250 κατέσφαξαν
672 1192 774 1242 τούς
813 1195 860 1236 δὲ
889 1195 940 1251 τῇ
970 1193 1164 1252 θαλάσσῃ
1193 1195 1520 1247 καταδιώξαντες
1551 1197 1804 1247 ἀπέπνιξαν,
1824 1198 1870 1241 ι5

368 1260 589 1313 αὐτοχειρὶ
610 1261 656 1300 δὲ
693 1261 771 1308 ἕως
797 1257 1105 1314 τεσσαράκοντα
1143 1259 1307 1314 ἔλαβον.
1362 1261 1401 1302 οἱ
1433 1262 1480 1303 δὲ
1504 1264 1807 1318 καταλειφθέν-

368 1339 434 1373 τες
450 1326 495 1365 ἐν
510 1325 559 1381 τῇ
584 1323 722 1379 δἰήρει
748 1325 820 1366 καί
846 1325 895 1380 τῇ
918 1325 997 1378 νηῒ
1019 1326 1212 1377 λαβόντες
1240 1324 1313 1367 τὸν
1329 1325 1540 1375 Νικόλαον
1566 1327 1627 1375 εἰς
1639 1327 1808 1379 Λέσβον

368 1389 586 1447 α’πῄεσαν·
655 1391 729 1432 καί
752 1391 851 1442 μεθ’
892 1389 1050 1445 ἡμέρας
1078 1396 1188 1445 τρεῖς
1215 1392 1288 1432 καί
1314 1390 1337 1432 ὅ
1363 1390 1534 1447 Ἰσμαὴλ
1564 1392 1610 1433 ὲν
1634 1394 1685 1449 τῇ
1711 1389 1808 1447 Λή-

367 1458 459 1512 μνῳ
502 1450 616 1508 ἄγων
663 1453 738 1496 τὸν
765 1456 950 1507 Χαμζᾶν
994 1453 1067 1496 τὸν
1107 1457 1200 1497 νέον
1227 1454 1427 1509 ἔπαρχον.
1496 1457 1728 1508 μαθών-δὲ
1755 1458 1806 1500 τὰ

368 1519 568 1574 γενόμενα
606 1517 780 1576 ἐπῄνεσε
823 1519 922 1567 τούς
949 1517 1165 1573 Λημνίους
1183 1550 1197 1572 ‚
1225 1517 1325 1568 τούς
1353 1520 1400 1560 δὲ
1428 1522 1642 1572 Λεσβίους
1669 1519 1810 1574 λαβών
1821 1537 1873 1564 20

327 1585 566 1636 Βδεσμίους
601 1583 789 1639 ἐστράφη
825 1585 886 1632 εἷς
914 1581 1228 1625 Καλλιούπολιν
1266 1586 1398 1642 Μαΐῳ
1438 1584 1540 1639 μηνὶ
1565 1588 1644 1627 τοῦ
1685 1587 1809 1647 ,ςςξὸ

371 1648 504 1700 ἔτους.
515 1649 703 1704 μηνύσας
725 1650 771 1690 δὲ
789 1650 845 1705 τῷ
854 1649 1041 1706 τυράννῳ
1053 1648 1102 1691 τὰ
1113 1648 1327 1702 συμβάντα
1339 1651 1384 1692 ἐν
1395 1649 1570 1708 Λήμνῳ,
1581 1649 1654 1693 καί
1666 1653 1810 1705 θυμοῦ·

374 1852 593 1898 Callipoleos
619 1856 656 1885 et
682 1850 895 1884 Chersonesi
918 1855 1001 1896 post
1025 1857 1186 1885 exactum
1211 1853 1297 1886 inde
1318 1853 1498 1887 Genuzem
1523 1854 1720 1902 Cariaeque
1746 1869 1810 1901 gu-

374 1898 582 1933 bernandae
619 1898 828 1943 impositum
863 1898 1046 1943 praefecto
1073 1910 1114 1931 ac
1139 1899 1386 1942 contostahlo,
1418 1899 1514 1934 hunc
1537 1913 1654 1937 rerum
1679 1909 1810 1937 statum

366 1946 558 1987 xdeclarat,
598 1944 774 1990 iubetque
815 1950 856 1978 ut
880 1945 919 1978 in
955 1945 1128 1978 Lemnum
1163 1946 1369 1980 triremibus
1403 1948 1563 1992 naviget,
1597 1955 1634 1983 et
1657 1950 1811 1985 Hamzae

374 1993 529 2027 insulam
562 2003 605 2025 ex
628 2003 746 2037 aequo
776 1995 813 2024 et
836 1991 932 2024 bono
959 1992 1227 2036 gubernandam
1250 1993 1381 2029 tradat.
1407 1993 1490 2027 (lum
1515 1995 1604 2028 haec
1629 2003 1810 2041 geruntur,

375 2039 483 2073 Lesbi
507 2039 674 2084 princeps
698 2038 873 2071 biremem
897 2049 1005 2071 unam
1040 2039 1219 2084 simulque
1243 2051 1369 2074 navem
1393 2041 1536 2075 armatis
1563 2049 1704 2076 centum
1727 2045 1810 2089 plu-

376 2086 519 2120 ribusve
549 2086 763 2126 instructas,
800 2096 951 2130 quarum
976 2085 1154 2119 Iohannes
1180 2087 1342 2120 Fontana
1377 2093 1413 2120 et
1442 2089 1589 2132 Spineta
1615 2089 1810 2124 Columbo-

374 2139 433 2166 tus
459 2133 567 2165 duces
593 2137 714 2173 erant,
736 2131 875 2174 mittit3
902 2132 1121 2177 mandatque
1145 2138 1207 2173 ut,
1233 2134 1262 2167 si
1285 2134 1432 2167 videant
1459 2135 1630 2170 Lemnios·
1651 2142 1810 2170 actorum

374 2191 518 2212 suorum
546 2178 774 2223 poenitentia
798 2177 902 2219 duci,
929 2178 1061 2212 leniter
1083 2191 1162 2212 cum
1190 2180 1234 2213 iis
1260 2186 1367 2224 agant
1387 2186 1424 2213 et
1447 2181 1638 2227 colloquiis
1664 2183 1808 2217 blandis

374 2225 719 2270 conditionibusque
753 2225 878 2270 aequis
919 2226 1018 2258 sein
1050 2226 1189 2259 insulae
1224 2227 1485 2271 possessionem
1514 2229 1715 2262 restituant.
1752 2231 1809 2264 sin

374 2272 516 2313 minus,
543 2272 688 2305 fratrem
721 2283 824 2304 suum
852 2271 1065 2314 Nicolaum,
1105 2273 1168 2317 qui
1194 2273 1232 2306 in
1254 2279 1373 2307 vetere
1411 2284 1490 2307 arce
1515 2273 1725 2316 habitabat,
1752 2288 1810 2310 as-

374 2324 559 2352 sumerent
582 2323 930 2362 reverterenturque.
954 2330 1076 2352 verum
1091 2319 1269 2353 mandatis
1293 2319 1389 2353 haud
1415 2320 1589 2362 obsecuti,
1613 2321 1652 2355 in
1677 2328 1809 2356 terram

374 2366 502 2398 armati
528 2365 750 2398 exscendunt
773 2370 809 2398 et
830 2364 1013 2398 hostiliter
1036 2376 1073 2398 se
1100 2372 1236 2410 gerunt.
1255 2367 1392 2399 Lemnii
1418 2367 1542 2412 itaque
1566 2367 1676 2401 ferme
1701 2371 1810 2414 quin-

374 2412 473 2456 genti
512 2412 715 2445 conscensis
757 2411 860 2456 equis
893 2412 932 2444 in
955 2412 1073 2455 fugam
1114 2423 1231 2446 versos
1254 2413 1384 2457 partim
1409 2413 1581 2456 caedunt,
1605 2416 1734 2460 partim
1763 2417 1809 2450 ad

375 2459 462 2491 litus
487 2458 641 2491 insecuti
669 2463 742 2491 tam
768 2463 913 2491 strenue
938 2457 1158 2502 fugientibus
1183 2460 1340 2501 instant‚'
1364 2465 1405 2498 ut
1428 2460 1465 2492 in
1487 2471 1596 2502 mare,
1624 2473 1696 2506 quo
1719 2463 1811 2496 hau-

374 2505 422 2538 sti
465 2510 571 2544 sunt,
604 2503 820 2549 praecipites
856 2516 894 2537 se
925 2504 1010 2537 dare
1048 2511 1224 2549 cogerent.
1256 2506 1490 2551 quadraginta
1522 2508 1668 2552 insuper
1690 2511 1809 2555 capti:

375 2551 505 2590 ceteri,
531 2550 594 2595 qui
630 2551 668 2583 in
704 2550 834 2583 biremi
870 2556 907 2584 et
936 2552 1018 2584 navi
1045 2558 1308 2594 remanserant,
1333 2553 1482 2586 Nicolao
1509 2565 1626 2586 secum
1652 2555 1808 2590 abducto

375 2598 414 2631 in
444 2596 597 2628 Lesbum
623 2597 841 2640 renavigant.
865 2603 948 2642 post
975 2598 1135 2631 triduum
1160 2599 1330 2632 Lemnum
1352 2600 1493 2644 appulit
1518 2597 1646 2633 Ism‘ael
1664 2627 1675 2642 ,
1700 2603 1810 2636 Ham—

375 2653 524 2687 zamque
548 2653 679 2675 novum
719 2644 938 2687 praefectum
972 2644 1133 2687 advexit3
1174 2651 1211 2678 et
1237 2647 1426 2690 compertis
1452 2657 1543 2690 quae
1571 2659 1687 2692 nuper
1711 2655 1809 2693 gesta

377 2695 480 2723 erant
495 2714 504 2729 ‚
532 2689 697 2722 Lemnios
724 2689 858 2722 laudat.
882 2701 1004 2724 mense
1027 2692 1123 2724 Maio
1151 2693 1236 2725 anni
1266 2694 1357 2738 6964
1381 2692 1528 2738 (Christi
1559 2695 1659 2740 ¹45⁶)
1684 2695 1810 2729 Lesbi-

378 2748 416 2771 os
437 2737 575 2771 vinctos
602 2735 756 2772 avehens
778 2735 984 2782 Callipolim
1009 2737 1128 2772 rediit.
1157 2738 1274 2784 deque
1306 2739 1350 2772 iis
1373 2750 1465 2784 quae
1489 2739 1527 2773 in
1556 2739 1688 2775 Lemno
1715 2742 1808 2774 acci-
