1890 3204
93 265 98 279 ¹
159 266 224 314 sit.
251 263 748 318 successit-illi-Uroscus
780 268 925 308 unicus
951 265 1074 321 filius,
1101 267 1176 323 qui
1204 267 1419 322 imperium
1451 267 1613 322 ignavia

162 321 323 373 maisit,
366 322 516 375 avique
551 319 661 361 diras
699 329 739 361 et
765 321 1078 376 imprecationes
1103 325 1147 363 in
1175 323 1306 364 fllium
1333 323 1501 376 eiusque
1531 339 1614 377 po-

160 383 294 425 steros
321 377 487 422 iactatas
514 383 701 430 expertus
740 385 810 416 est.
840 392 966 431 supra
998 378 1234 419 notavimus
1263 379 1464 419 Lazarum
1490 379 1614 419 Vulci

160 428 291 475 filium
317 429 479 472 Urosco
501 438 661 485 partem
688 433 850 484 imperii
880 433 1041 487 paterni
1073 434 1281 474 ademisse.
1335 435 1507 474 Maurus
1525 435 1614 474 Or-

0 0 54 223 ἶ
565 164 644 207 An
685 147 807 208 cim
846 168 937 207 vu.
975 165 1174 208 NOTAE.
1498 147 1607 223 547

0 274 6 298 F

0 354 14 463 Ξ·

0 478 9 527 i

0 571 11 594 ι

163 485 288 527 binus
319 485 362 527 in
388 486 483 551 hist.
510 486 563 530 de
590 501 718 541 regno
736 487 970 532 Slavorum.
993 488 1087 530 vide
1116 491 1238 530 etiam
1265 488 1318 535 ad
1349 496 1472 544 caput
1488 490 1615 530 XXX

12 635 23 643 ⁴,
157 541 326 643 &fila-P,
360 592 430 644 28,
461 593 499 638 5.
557 597 652 650 Cap.
685 612 724 651 7.
780 594 1094 653 συλλήπτορας]
1128 598 1168 638 id
1195 604 1270 647 est,
1304 595 1617 651 συναγωνιστὰς

0 653 16 739 T?
162 650 224 698 ita
245 657 298 691 -ut
325 650 468 693 foedus
508 649 617 692 inter
658 667 729 693 eos
758 653 1052 703 intercederet,
1094 662 1178 694 tam
1209 655 1261 694 ad
1287 653 1617 708 propulsandum

164 720 292 763 quam
317 705 582 746 inferendum
613 707 765 749 beilum
794 709 944 748 iunctis
973 723 1136 762 semper
1161 710 1284 750 simul
1312 710 1487 755 viribus,

273 761 326 802 P.
343 761 409 802 28.
432 762 494 806 ι8.
515 763 587 815 τῆς
598 759 745 804 Ῥόδου
762 762 947 818 φρέριοι]
972 765 1140 804 Iacobus
1154 766 1292 806 Bosius
1310 768 1380 820 qui
1403 765 1617 806 historiam

162 816 376 872 religionis
403 824 443 856 et
469 817 638 861 militiae
665 820 705 859 S.
736 820 930 859 Iohannis
954 819 1316 874 Hierosolymitani
1349 822 1488 861 ltalice
1517 822 1617 861 scri·
1629 827 1663 863 Ρ.
1678 840 1748 865 220

158 873 268 927 psit,
289 872 526 927 ¹<Smyrnam
561 888 585 913 a
627 873 845 915 foederatis
888 881 1051 927 captam
1097 877 1154 915 ait
1183 891 1293 915 anno
1323 875 1474 916 Christi
1502 874 1616 929 1544.

0 962 10 974 .,
108 931 115 937 ”
158 927 314 973 ,sed-de
341 935 478 968 castro
508 929 718 969 aedificato
756 930 911 970 nullam
943 931 1193 971 mentionem
1223 931 1330 972 facit.
1362 939 1471 971 recte
1500 932 1618 985 equi-

60 994 76 1012 ·
162 982 258 1031 dam
285 985 476 1023 convenit
503 984 605 1024 haec
633 986 832 1038 temporis
865 992 959 1025 nota
994 999 1087 1026 cum
1117 986 1196 1026 illis
1228 1001 1333 1042 quae
1363 1001 1385 1026 a
1415 988 1619 1027 camacu-

163 1052 264 1083 ωηο
295 1047 545 1091 narrantum
587 1054 683 1080 nam
709 1041 806 1081 belli
835 1041 964 1081 civilis
999 1040 1121 1082 huius
1149 1044 1264 1082 initio
1297 1043 1459 1082 Homur
1487 1043 1619 1096 Didy-

163 1094 427 1141 motoechum
456 1096 582 1135 venit.
641 1096 759 1135 Bosio
788 1096 988 1137 consentit
1016 1097 1233 1137 Cantacuz.
1278 1097 1349 1138 lib.
1383 1098 1404 1137 5
1432 1111 1520 1151 cap.
1544 1097 1614 1146 68.

165 1148 464 1191 ot-athodiis
507 1150 713 1205 equitibus
749 1152 918 1205 aliisque
961 1151 1056 1190 belli
1084 1151 1251 1193 foedere
1278 1153 1517 1193 consociatis
1550 1167 1620 1192 ca·-

164 1210 284 1260 ptam
309 1205 530 1270 Smyrnam
555 1206 694 1249 tradit.
722 1204 908 1260 τριήρεις
935 1203 1016 1259 γὰρ
1048 1205 1246 1261 τέτταρες
1275 1207 1347 1248 καί
1373 1205 1503 1247 εἴκοσι
1521 1209 1618 1248 Aa·

162 1257 324 1301 τινικαί
353 1255 442 1301 &aaa
464 1258 640 1301 Ῥοδίων
664 1258 741 1302 καί
763 1275 887 1302 τινων
913 1256 1069 1313 ἑτέρων
1100 1262 1494 1315 παρεσκευασμέναι
1522 1261 1619 1302 ἐπέ·

163 1316 351 1361 πλευσαν
379 1312 432 1370 τῇ
458 1313 632 1372 Σμύρνῃ
651 1346 663 1367 ,
692 1314 767 1356 καί
795 1314 844 1356 τὸ
877 1314 984 1368 πρὸς
1007 1316 1066 1372 τῷ
1094 1317 1231 1368 λιμένι
1260 1315 1466 1371 φρούριον
1494 1311 1619 1368 εἷλον,

150 1367 243 1413 ,καὶ
262 1371 364 1419 ναῦς
391 1371 624 1424 ἐνέπρησαν
650 1366 726 1411 οὔκ
753 1369 895 1424 ὀλίγας
910 1369 1142 1424 Περσικάς.
1198 1369 1366 1425 ’Λμούρ
1397 1371 1443 1411 δὲ
1471 1370 1620 1424 παρών

165 1425 242 1468 καί
281 1421 548 1478 ἀμυνόμενος
593 1423 671 1466 οὐκ
701 1423 826 1478 ἴσχυε
857 1426 1151 1478 περιγενέσθαι
1178 1426 1253 1479 τῆς
1282 1426 1516 1479 Λατινικῆς
1544 1426 1622 1466 δυ-

164 1477 346 1532 νάμεως.
373 1483 559 1521 triremes
589 1480 643 1533 24
667 1481 839 1522 Latinae
865 1481 1114 1522 Rhodiorum
1162 1484 1338 1538 equitum
1368 1483 1623 1535 aliorumque

165 1535 386 1589 Smyrnam
425 1537 521 1576 bene
557 1540 776 1577 instructae
808 1538 1008 1593 appulsae
1051 1546 1144 1577 sunt
1159 1567 1171 1587 ‚
1217 1547 1256 1577 et
1281 1539 1337 1577 ab
1367 1539 1416 1577 iis
1443 1547 1622 1576 castr-um

125 1628 127 1631 .
156 1593 296 1647 portui
321 1592 554 1647 impositum
591 1601 827 1647 occupatur,
866 1606 1074 1647 navesque
1105 1593 1311 1648 plurimae
1339 1593 1523 1633 Persicae
1551 1594 1621 1630 in..

163 1647 413 1692 cendumur.
430 1661 510 1703 quo
549 1661 639 1687 cum
676 1650 898 1687 accessisset
929 1647 1091 1687 Homm·
1116 1657 1155 1687 et
1173 1661 1251 1703 pro
1279 1649 1430 1688 viribus
1458 1648 1622 1687 Latinos

163 1711 433 1758 oppugnat-et,
462 1704 565 1757 ipsos
594 1717 787 1756 nusquam
820 1717 1006 1757 superare
1029 1704 1176 1757 potuit.
1206 1704 1416 1743 manifeste
1445 1703 1521 1742 sibi
1548 1703 1622 1742 ad·

165 1763 387 1799 versantur
413 1757 550 1796 Ducas
588 1764 731 1797 noster
761 1765 804 1798 et
833 1759 1163 1797 Cantacuzenus:
1193 1772 1286 1796 nam
1314 1760 1346 1797 si
1377 1772 1481 1812 quae
1512 1758 1622 1796 Can·

165 1817 384 1852 tacuzenus
409 1819 555 1852 narrat
581 1826 680 1852 vera
705 1819 830 1864 sunt,
870 1819 964 1866 post
992 1811 1210 1867 Smyrnam
1237 1813 1388 1853 scilicet
1415 1827 1439 1852 a
1468 1814 1623 1853 Latinis

167 1873 412 1921 occupatam
430 1867 655 1907 Homurem
683 1882 774 1907 eam
804 1882 1036 1921 expugnare
1064 1868 1219 1907 frustra
1246 1869 1476 1916 tentavisse,
1513 1868 1622 1907 Can·-

165 1929 358 1969 tacuzeno
396 1921 545 1962 deinde
589 1923 795 1977 suppetias
832 1923 1016 1963 laturum
1061 1923 1215 1963 fretum
1245 1923 1622 1977 Hellespontiucum

166 1977 302 2018 denuo
329 1977 556 2028 traiecisse,
583 1992 666 2018 non
697 1979 831 2032 potuit
861 1978 903 2017 in
929 1979 1207 2032 oppugnanda
1233 1978 1407 2031 Smyrna
1424 2007 1438 2027 ,
1471 1985 1517 2017 ut
1545 1990 1622 2017 no·-

165 2040 252 2083 ,ster
277 2040 450 2084 narrat,
481 2033 733 2074 occubuisse.
758 2036 827 2088 qui
851 2046 980 2088 porro
1010 2033 1146 2073 Frerii
1176 2032 1311 2073 Rhodi
1342 2030 1619 2087 appellantur,

166 2096 266 2131 sunt
295 2088 475 2144 religiosi
501 2103 548 2129 ac
579 2090 726 2129 milites
757 2089 917 2130 ordinis
945 2089 986 2128 S.
1015 2089 1208 2128 Iohannis
1239 2087 1619 2143 Hierosolymitani,

166 2143 241 2199 qui
269 2143 393 2184 hodie
422 2143 545 2198 vulgo
571 2145 739 2197 Equites
766 2145 999 2184 Melitenses
1027 2144 1303 2197 appellantur.

279 2200 330 2244 P.
344 2201 408 2250 30,
422 2215 458 2256 7.
483 2199 528 2239 έν
540 2199 596 2239 τῶ
608 2201 721 2240 Πολι
723 2200 827 2256 χνίῳ
844 2200 917 2251 τῆς
936 2194 1151 2254 Σμύρνης]
1181 2199 1305 2239 Anno
1325 2196 1424 2252 1647
1443 2196 1621 2239 vidimus

165 2254 303 2295 adhuc
331 2262 513 2296 castrum
543 2255 570 2294 il
592 2255 646 2294 ud
673 2256 712 2294 in
734 2256 886 2296 montis
914 2256 1065 2295 vertice
1087 2256 1280 2303 locatum,
1311 2254 1426 2294 cuius
1459 2254 1622 2294 moenia

165 2311 323 2365 integra
352 2311 479 2351 ferme
503 2317 612 2350 sunt.
642 2325 789 2351 verum
823 2312 961 2351 omnia
990 2309 1183 2358 aedificia,
1206 2316 1376 2364 praeter
1405 2309 1619 2364 templum,

169 2366 284 2420 quod
334 2367 377 2407 in
405 2366 642 2406 meschitam
671 2367 799 2406 Turci
836 2365 1214 2416 transformarunt,
1244 2365 1383 2406 diruta
1412 2373 1519 2406 sunt.
1550 2378 1620 2404 ex-

166 2427 227 2461 tat
254 2423 375 2462 etiam
399 2424 441 2462 in
471 2436 522 2461 eo
550 2421 726 2461 cisterna
756 2422 1026 2476 amplissima,
1059 2422 1172 2461 cuius
1190 2421 1398 2475 laquearia
1419 2436 1465 2460 ac
1488 2421 1621 2461 forni-

28 2479 36 2482 ’
95 2494 100 2499 ·
167 2489 232 2517 ces
258 2478 398 2517 multis
426 2477 629 2517 columnis
658 2477 898 2521 fulciuntur.
928 2483 1107 2517 castrum
1140 2477 1242 2516 illud
1267 2477 1515 2531 quadratum
1543 2476 1619 2515 ob·

168 2529 336 2586 longum
364 2539 438 2583 est,
469 2533 650 2573 vicinum
679 2532 738 2572 illi
769 2533 884 2573 urbis
911 2532 1103 2586 antiquae
1131 2534 1287 2588 regioni
1313 2534 1356 2571 in
1385 2546 1465 2586 qua
1484 2533 1619 2572 Acro-

169 2587 291 2639 polis‚
322 2590 437 2628 cuius
466 2588 600 2628 adhuc
619 2589 831 2628 moenium
859 2603 950 2642 pars
967 2588 1171 2639 cernitur,
1204 2591 1278 2629 sita
1308 2595 1407 2630 erat.
1437 2594 1621 2628 castrum

172 2641 342 2684 inferius
369 2643 422 2684 ad
453 2644 568 2684 littus
593 2645 719 2684 maris
748 2651 788 2684 et
816 2651 962 2698 portus
981 2646 1207 2698 ingressum
1232 2645 1356 2684 situm
1386 2649 1462 2693 est,
1493 2656 1624 2684 nunc⁴

171 2712 253 2752 que
283 2700 487 2753 integrum
514 2698 688 2740 videtur.
1065 2726 1067 2728 -

281 2754 332 2799 Ρ.
351 2755 416 2808 32,
434 2755 474 2800 3.
507 2755 604 2809 Cap.
624 2755 663 2798 8.
697 2749 996 2810 α’σφαλτιόσας]
1021 2754 1269 2811 Metaphora
1283 2770 1307 2796 a
1324 2770 1370 2797 re
1391 2753 1525 2796 navali
1544 2753 1624 2794 du·

0 1567 34 1615 2³?
