1884 3216
325 149 430 206 158
662 169 843 213 DUCAE
879 169 1166 214 ΜιοΗΑΕιιε
1205 173 1428 217 ΝΕΡοΤιε
1459 184 1461 186 ·

319 271 542 326 φροντίδος·
565 269 782 325 ἐδάκνετο,
826 269 898 312 καὶ
925 269 998 311 οὐκ
1026 268 1076 312 ἔα
1101 273 1246 315 τοῦτον
1272 273 1294 315 ὃ
1329 273 1524 328 λογισμός
1551 275 1760 330 ἀχαλίνω-

323 352 390 378 τον
408 367 420 388 ,
454 337 546 378 ἀλλ’
573 337 791 379 ἐσκέπτετο
813 338 901 385 πῶς
928 334 1001 377 καί
1025 338 1129 395 ποίῳ
1154 337 1291 397 τρόπῳ
1320 339 1627 397 ἅνακαλέσηται
1654 337 1761 396 πρός

320 401 447 444 αύτὸν
473 401 549 456 τὴν
574 399 794 457 ἡγεμονίαν
812 400 888 457 τὴν
916 401 1135 457 πατρικήν,
1164 402 1216 459 ἢν
1242 403 1264 446 ὁ
1293 405 1434 461 πατὴρ
1462 405 1667 463 ἐκτήσατο
1685 405 1758 450 διὰ

322 469 487 509 πολλῶν
509 468 647 509 κόπων
664 499 675 519 ,
707 466 836 516 αύτός
863 468 910 508 δὲ
944 462 1045 508 ἄνευ
1075 469 1271 525 ε’πηρείας
1300 469 1410 521 τινός
1438 469 1630 528 ἔφθασεν
1658 472 1762 515 α’πο-

323 534 458 582 λέσας.
514 529 602 586 εἶχε
632 530 712 587 γὰρ
738 534 825 585 μετ’
857 531 990 573 aare&
1020 532 1093 575 καὶ
1115 535 1197 576 τῶν
1223 533 1478 590 μεγιστάνων
1503 535 1602 587 τούς
1629 538 1800 592 προτὶ-5

284 610 311 642 Β
320 614 469 653 χοντας
495 597 602 653 πλὴν
628 601 703 640 τοῦ
731 596 985 652 Παγιαζήτ·
1013 601 1086 642 καί
1108 599 1188 655 γὰρ
1220 600 1299 656 πρὸ
1328 601 1470 655 ὀλίγον
1499 603 1634 652 κακῶς
1659 603 1763 645 α’πε-

322 664 420 718 βίω,
443 662 500 712 ὥς
523 660 544 703 ό
574 661 689 716 λόγος
716 660 936 717 ἐδήλωσεν.
954 662 1159 716 μαθόντες
1188 663 1268 719 γάρ
1298 666 1355 715 ιός
1379 665 1425 708 τό
1461 666 1668 723 φρούριον
1691 669 1766 723 τῆς

324 727 676 776 Καλλιουπόλεως
701 723 914 783 παρεδόθη
941 729 1014 770 καί
1036 726 1059 769 ὅ
1087 727 1343 785 Λεοντάριος
1365 729 1480 781 κενός
1508 732 1765 788 ἀπεπέμφθη

323 795 396 835 καί
436 791 458 835 ὃ
490 794 762 849 Μουσταφᾶς
801 790 864 836 ἔτι
903 789 1144 843 ἀκολάστως
1193 796 1518 854 κατασπαταλᾷ,
1562 797 1628 853 ’μὴ
1658 796 1766 852 ἔχων

325 861 524 916 φροντίδα
553 862 639 908 πῶς
671 860 741 900 δεῖ
752 858 938 914 φυλάξαι
965 857 1042 914 τὴν
1065 859 1284 914 ἡγεμονίαν
1312 862 1450 917 α’σινῆ,
1482 862 1639 921 βουλήν
1662 865 1764 917 βου·
1783 878 1830 905 to

324 925 487 967 λεύεται
524 923 598 978 τὴν
635 923 688 979 ἢν
724 922 799 966 καὶ
846 921 869 964 ὅ
911 923 1110 977 βασιλεύς
1145 923 1421 978 ἐβουλεύσατο
1428 957 1443 977 ,
1474 928 1548 969 καί
1569 929 1766 983 πρέσβεις

324 991 580 1046 προφθάσας
624 983 745 1039 οὗτος
776 991 932 1043 πέμπει
962 990 1070 1044 πρὸς
1103 993 1281 1043 βασιλέα
1299 1022 1311 1044 ,
1339 992 1502 1046 Ἰπραῗμ
1525 1007 1619 1035 τινα
1645 994 1767 1035 ἀδελ-

325 1056 405 1112 φὸν
430 1055 676 1110 ὑπάρχοντα
692 1056 768 1098 τοῦ
791 1055 905 1109 Ἀλί,
934 1053 982 1097 ὃν
999 1053 1021 1097 ὅ
1042 1053 1161 1110 λόγος
1190 1055 1360 1112 φθάσας
1387 1054 1604 1113 ἐδήλωσεν,
1635 1054 1771 1114 ἄνδρα

325 1121 494 1164 συνετὸν
521 1125 595 1164 κατ’
625 1120 758 1177 εὐήθη
785 1120 859 1163 καί
889 1120 989 1177 πρὸς
1019 1120 1097 1170 τάς
1127 1124 1212 1164 τῶν
1236 1122 1432 1176 Τούρκων
1455 1122 1641 1172 ἀναιδεῖς
1666 1127 1768 1178 βλα-

325 1190 439 1236 κειάς
465 1188 538 1228 καί
560 1188 775 1242 α’σελγειάς
796 1185 1011 1242 ἀσυνήθη·
1069 1184 1114 1238 ὃς
1142 1190 1216 1229 καί
1237 1187 1288 1229 τά
1322 1190 1534 1243 δευτερεῖα
1566 1189 1644 1230 τοῦ
1669 1191 1769 1232 Πα-
1787 1191 1834 1232 15

287 1252 477 1308 Ογιαζὴτ
513 1249 678 1308 φέρων,
715 1251 764 1294 τά
811 1259 992 1307 πρωτεῖα
1030 1253 1187 1295 ἐκείνου
1228 1252 1507 1309 παρελθόντος
1548 1252 1673 1309 ἔλαβε
1700 1253 1773 1296 καὶ

325 1319 410 1359 ταῖν
438 1315 698 1371 μεγιστάνων
735 1321 894 1373 πρῶτος
933 1314 986 1374 ἦν
1014 1318 1088 1360 καί
1115 1317 1311 1371 μεσάζων
1349 1320 1422 1374 τῆς
1446 1319 1667 1374 ἡγεμονίας
1694 1321 1772 1362 τοῦ

325 1381 526 1437 Μουράτ.
584 1381 721 1424 ἐλθών
760 1379 835 1424 οὖν
877 1386 922 1426 ἑν
966 1382 1431 1437 Κωνσταντινουπόλει,
1473 1383 1546 1426 καί
1572 1383 1671 1440 περὶ
1693 1386 1772 1438 μὲν

325 1448 410 1490 τῶν
437 1441 496 1489 ὧν
526 1446 702 1502 ἔπραξεν
729 1447 751 1489 ό
780 1448 977 1501 βασιλεὺς
1000 1449 1074 1490 οὐκ
1102 1451 1260 1503 ἐγένετο
1303 1448 1475 1504 μνήμη,
1519 1448 1608 1491 ἀλλ’
1640 1452 1686 1492 ἐν
1715 1451 1772 1507 τῷ

325 1515 394 1555 νοῒ
432 1514 724 1569 διατρέφοντες
769 1506 905 1567 θυμὸν
945 1515 1235 1568 α’χαλίνωτον,
1280 1515 1357 1562 ἕως
1385 1510 1437 1555 ι’ἑν
1479 1513 1502 1554 ὅ
1531 1513 1684 1570 χρόνος
1712 1517 1835 1565 demo

326 1577 598 1630 εὐδαιμονίαν
623 1573 713 1630 ἄξει
741 1578 789 1622 τά
821 1579 919 1635 περὶ
946 1581 1112 1632 αύτῶν,
1140 1580 1272 1620 ταῦτα
1304 1578 1582 1634 ἐκρύπτοντο·
1639 1580 1772 1637 ἱλαρῷ

327 1644 375 1685 δὲ
401 1645 610 1696 βλέμματι
650 1644 724 1685 καί
762 1642 931 1701 ὑπούλῳ
955 1645 1095 1700 γνώμῃ
1126 1641 1196 1686 τόν
1223 1641 1342 1685 ἔνδον
1370 1643 1492 1686 λύκον
1526 1644 1583 1695 ὥς
1610 1643 1770 1699 πρόβα-

328 1721 402 1749 τον
428 1705 506 1758 ἔξω
535 1706 733 1750 ἐδείκνυε.
792 1710 865 1750 καί
890 1707 941 1764 δὴ
969 1707 1114 1762 λόγους
1144 1707 1329 1764 συνάρας
1356 1708 1515 1763 πράους
1541 1725 1584 1751 τε
1611 1712 1685 1752 καὶ
1708 1713 1772 1752 λί-

331 1789 384 1816 αν
403 1772 620 1823 ταπεινούς
646 1773 847 1829 βοήθειαν
883 1773 1088 1827 ἑξεκάλει,
1118 1770 1174 1824 ὥς
1204 1775 1248 1825 ἐξ
1278 1775 1414 1824 αἰτίας
1438 1774 1661 1830 γεγονότα,
1691 1773 1770 1818 ὅσα

331 1953 422 1987 bant
446 1951 491 1984 de
516 1951 622 1984 rebus
648 1952 722 1985 suis
747 1951 992 1995 cogitationes.
1016 1951 1174 1996 agitabat
1199 1951 1339 1996 quippe*
1359 1953 1478 1986 animo
1503 1953 1635 1999 quibus
1658 1953 1774 1988 modis

332 2004 523 2046 paternum
548 1998 738 2043 imperium
763 2010 972 2043 recuperare
1005 2004 1150 2044 posset,
1181 1998 1279 2042 quod
1305 2004 1409 2043 pater
1430 2000 1775 2043 magnisjaboribus

333 2051 476 2092 partum
511 2044 743 2090 possidebat,
768 2045 845 2090 ipse
869 2056 952 2079 vero
990 2046 1091 2078 nullo
1117 2056 1182 2079 suo
1208 2044 1343 2089 flagitio
1369 2046 1545 2079 amiserat.
1566 2047 1715 2081 aderant
1740 2048 1775 2080 ei

334 2098 539 2136 magnatum
563 2091 770 2136 praecipui,
792 2097 935 2136 praeter
959 2092 1152 2126 Baiazitem
1176 2102 1283 2136 quem
1307 2092 1378 2125 iam
1405 2091 1559 2125 diximus
1583 2093 1656 2126 fato
1679 2095 1775 2126 malo

335 2139 498 2184 periisse.
534 2138 599 2170 ubi
630 2138 769 2172 audivit
800 2149 916 2172 arcem
953 2138 1171 2184 Callipoleos
1209 2148 1285 2170 esse
1323 2138 1510 2179 traditam,
1545 2139 1774 2177 Leontarium

339 2185 530 2229 deceptum
567 2195 608 2218 ac
640 2196 790 2218 vacuum
828 2184 1036 2227 dimissum,
1077 2184 1304 2229 Mustapham
1338 2185 1438 2218 luxui
1481 2197 1521 2218 ac
1558 2185 1775 2220 libidinibus

339 2231 537 2265 obnoxium
560 2230 605 2264 de
621 2231 757 2265 tuendo
783 2233 934 2278 imperio
948 2243 1072 2278 parum
1097 2232 1269 2276 cogitare,
1296 2232 1483 2265 consilium
1502 2233 1598 2277 capit
1611 2233 1647 2265 ei
1676 2233 1775 2278 quod

339 2279 471 2312 inierat
485 2278 681 2323 imperator
696 2279 813 2312 simile
827 2290 837 2322 ς
857 2279 1027 2325 priorque
1049 2278 1094 2312 ad
1107 2278 1203 2312 hunc
1219 2278 1375 2322 legatum
1398 2278 1520 2319 mittit,
1535 2279 1775 2313 Abrahamum

339 2324 542 2370 quendam,
567 2324 712 2360 fratrem
737 2326 841 2366 Hali,
870 2325 915 2359 de
940 2337 1011 2371 quo
1042 2325 1262 2358 mentionem
1286 2324 1453 2365 fecimus,
1476 2325 1590 2358 virum
1617 2325 1776 2371 pruden-

338 2377 411 2405 tem
439 2376 475 2404 et
494 2371 657 2415 probum,
686 2373 883 2406 Turcorum
908 2372 1135 2418 propudiosis
1157 2370 1275 2405 verbis
1298 2382 1339 2404 ac
1364 2371 1579 2405 libidinibus
1606 2372 1776 2407 inadsue-

340 2424 433 2458 tum,
462 2418 525 2462 qui
549 2429 627 2451 cum
666 2419 745 2452 vivo
771 2420 926 2453 Baiazite
953 2420 1058 2452 Bassa
1086 2418 1243 2452 seeundo
1267 2417 1347 2451 loco
1372 2417 1583 2459 haberetur,
1613 2430 1655 2452 eo
1680 2430 1776 2452 mor-

340 2470 405 2498 tuo
446 2467 579 2508 primos
616 2464 769 2499 honores
803 2466 954 2511 adeptus
979 2472 1056 2506 est,
1091 2475 1350 2510 procerumque
1373 2466 1539 2510 princeps
1563 2470 1600 2498 et
1627 2466 1776 2499 Mox-atis

342 2510 484 2555 imperii
508 2511 674 2545 Mesazon
702 2513 782 2545 suit.
806 2513 905 2546 venit
929 2513 958 2546 is
988 2512 1148 2558 Cpolim,
1185 2511 1249 2544 ubi
1275 2511 1321 2543 de
1345 2511 1388 2544 iis
1413 2523 1506 2556 quae
1530 2512 1676 2546 molitus
1701 2517 1779 2545 erat

343 2559 538 2602 imperator
561 2558 701 2590 nullum
728 2559 874 2592 verbum
899 2559 996 2592 fecit.
1043 2559 1152 2592 'I'urci
1175 2558 1309 2603 quippe
1333 2558 1421 2591 iram
1446 2559 1634 2592 immanem
1658 2564 1778 2591 mente

344 2604 536 2649 repositam
565 2604 602 2637 in
642 2606 782 2638 occulto
814 2606 1005 2646 tenebant,
1040 2605 1153 2638 donec
1187 2611 1329 2650 tempus
1354 2616 1408 2638 res
1433 2616 1555 2639 eorum
1581 2605 1619 2638 in
1649 2604 1778 2638 melius

343 2656 508 2684 verteret.
534 2651 647 2683 oculis
673 2652 781 2694 igitur
806 2652 957 2697 placidis
985 2663 1025 2685 ac
1051 2652 1196 2692 serenis,
1223 2657 1259 2684 et
1281 2651 1327 2684 ad
1352 2651 1514 2684 fraudem
1538 2652 1655 2684 animo
1681 2662 1778 2684 com-

344 2698 480 2742 posito,
508 2697 653 2743 lupum,
682 2709 787 2742 quem
812 2700 907 2732 intus
925 2699 1092 2744 gerebat,
1117 2699 1154 2731 in
1184 2709 1284 2731 ovem
1308 2704 1527 2744 mansuetam
1551 2699 1637 2731 foris
1662 2703 1777 2731 trans-

345 2744 532 2779 formabat.
556 2746 751 2779 mansuetis
775 2746 897 2791 itaque
921 2746 1038 2781 verbis
1077 2756 1117 2779 ac
1144 2744 1327 2780 submissis
1352 2745 1524 2779 auxilium
1551 2749 1670 2790 rogat5
1693 2756 1777 2778 caue-
