1916 3210
329 134 442 204 432
797 155 987 199 nucem
1017 155 1296 201 „nmmum

330 255 562 296 tendo.oon
589 255 723 296 Moses
744 269 819 296 suo
848 253 1004 308 frntello
1032 268 1102 308 per
1118 254 1153 295 el
1182 256 1421 311 principato·
1476 255 1620 307 siche,
1662 271 1770 310 aeq·-

329 311 493 351 nissimo
522 311 778 364 imperador,
827 317 874 349 tu
904 310 972 348 hai
1002 308 1040 349 el
1071 316 1235 351 temone
1257 311 1300 351 in
1330 313 1367 351 le
1396 318 1466 352 tuo
1496 326 1625 355 mane.
1647 313 1770 358 -Dmi'n

329 364 369 406 la
395 365 606 414 dei-izarai‚
638 366 786 404 31111313
814 363 854 404 13
882 377 997 403 nave.
1053 365 1205 404 Reduci
1232 367 1422 420 adunque
1450 365 1488 406 el
1515 363 1599 407 mio
1626 363 1772 422 319101·

329 427 370 460 et
395 427 466 460 tuo
493 418 616 473 figliol
643 422 778 459 Mox-at
811 418 878 458 nel
904 418 1050 458 ducato
1100 427 1281 472 paterno.
1311 422 1351 461 fa
1381 436 1404 461 3
1430 421 1508 471 lui,
1537 435 1654 463 come
1673 421 1774 464 ffici-

328 476 379 514 sti
411 474 447 514 ai
479 475 616 528 padre.
673 474 765 513 Non
792 472 918 512 135531·
939 473 975 512 61
1003 475 1230 528 principato
1263 476 1304 515 in
1333 490 1426 516 man
1450 476 1500 515 de
1529 475 1773 530 (1361100116

332 543 418 569 non
448 530 470 568 e
498 530 627 582 degno
647 542 726 581 pur
752 527 911 580 piccolo
941 530 1103 581 tugurio
1130 529 1278 570 havere
1296 532 1338 570 in
1359 544 1433 571 suo
1461 537 1622 583 potere·
1650 530 1772 575 Cert'e

329 583 507 624 ducante
537 584 574 622 el
616 582 803 636 pm'ncipe
842 582 1098 622 Mechemeth
1139 585 1183 623 in
1212 585 1335 633 Asia,
1379 592 1420 625 et
1445 587 1579 625 Moses
1605 592 1772 629 tenente

332 653 485 678 ancora
512 637 549 677 el
574 637 808 690 principato
848 637 897 676 de
926 637 1098 687 Tracia‚
1137 644 1180 678 et
1212 638 1419 679 habiando
1456 647 1587 680 morto
1623 640 1662 681 61
1687 639 1772 683 ἰτέ-

332 694 429 732 tello
454 691 737 741 Musulmano‚
766 698 806 730 et
837 705 950 731 come
979 692 1140 732 inimico
1165 693 1415 747 implacabile
1442 694 1616 735 tenendo
1641 694 1680 735 la
1710 697 1773 736 oi·-

330 748 373 787 th
401 747 629 797 assediata,
651 746 690 786 la
717 753 787 784 tua
817 746 980 785 maiesth
1006 747 1156 787 mandb
1193 763 1217 787 a
1245 749 1424 789 chiamar
1453 749 1492 788 el
1517 748 1651 789 ducha
1668 752 1771 791 .Me-

334 801 518 841 chemeth
547 802 598 841 da
627 801 791 851 Pursia,
826 807 865 840 et
894 815 969 840 con
996 801 1083 841 fede
1112 803 1276 855 publica
1302 803 1347 842 lu
1375 803 1572 844 condusse
1599 803 1643 844 in
1660 805 1772 846 Con-

330 857 619 909 stantinopoli3
653 863 692 896 et
720 856 900 894 uscendo
920 870 1013 907 una,
1041 856 1108 895 doi
1131 864 1171 896 et
1197 858 1271 910 piu
1287 858 1395 898 volte
1421 859 1512 898 fora
1539 872 1563 897 a
1587 859 1774 900 combut-

331 918 418 950 tere
454 924 529 949 con
561 912 697 960 Mose,
738 910 807 949 doi
846 911 952 950 volte
992 918 1184 964 superato
1214 918 1256 952 et
1294 920 1413 952 vento
1444 911 1564 952 tornb
1590 914 1633 954 in
1664 913 1774 958 Con·-

328 966 608 1019 stantinopoli.
666 966 725 1004 La
765 972 871 1004 terza
898 965 1009 1005 volta
1038 981 1117 1005 con
1150 967 1317 1020 meglior
1342 968 1513 1020 augurio
1541 966 1770 1018 1135111113,

329 1027 371 1060 et
395 1020 468 1073 piu
495 1034 576 1059 non
609 1019 746 1068 tot-nb,
776 1019 852 1059 che
880 1020 1029 1074 superb
1059 1027 1101 1060 et
1127 1021 1256 1060 occise
1284 1021 1322 1061 el
1347 1035 1517 1061 comune
1542 1020 1774 1070 advemrio

328 1089 352 1114 e
380 1075 417 1114 la
447 1075 523 1114 citia
552 1074 683 1114 libero
716 1074 768 1113 de
792 1074 834 1112 lu
862 1075 1017 1114 assedio
1047 1075 1098 1114 de
1134 1074 1269 1129 quello
1299 1076 1463 1118 inimico
1490 1077 1772 1130 inamicahile3

327 1135 370 1169 et
398 1131 439 1168 in
467 1136 609 1183 questo
649 1129 767 1168 modo
791 1130 949 1182 aquistb
978 1129 1016 1169 el
1044 1130 1192 1170 ducato
1221 1130 1271 1169 de
1301 1145 1373 1170 suo
1403 1137 1533 1185 patre.
1561 1131 1645 1174 cosi
1671 1133 1768 1173 Mo-

327 1191 393 1224 rat
420 1183 708 1223 humilemente
746 1197 870 1237 prega
899 1184 938 1223 13
984 1191 1054 1223 tua
1080 1199 1195 1224 sacra
1226 1186 1417 1237 maiiesto,
1459 1185 1561 1225 hora
1601 1185 1777 1240 vogliate

329 1238 418 1278 sare
443 1239 550 1288 alui,
582 1252 694 1278 come
721 1238 761 1276 in
786 1237 920 1291 quella
946 1240 1056 1278 volta
1085 1254 1109 1278 a
1136 1254 1207 1278 suo
1236 1247 1351 1292 patre
1381 1240 1532 1283 fanesti.
1588 1241 1775 1283 Promet-

329 1292 485 1333 tendoli
511 1294 625 1332 molti
653 1292 799 1347 grandi
843 1293 940 1332 doni
968 1301 1007 1333 et
1037 1292 1190 1332 thesori
1220 1294 1269 1333 de
1301 1295 1450 1348 grande
1475 1294 1641 1344 valore,
1670 1308 1776 1337 sem-

330 1362 405 1401 pre
435 1348 712 1400 exceptuando
744 1347 918 1400 Galipoli
948 1355 988 1386 et
1017 1347 1045 1386 li
1079 1348 1146 1387 doi
1173 1348 1320 1388 minori
1349 1350 1486 1402 figlioli
1516 1350 1567 1391 de
1593 1364 1668 1390 suo
1697 1365 1775 1404 pa-

254 1404 319 1438 160
332 1409 410 1443 tre.
474 1403 532 1441 Lo
572 1402 823 1455 imperadore
859 1402 986 1441 fermo
1016 1409 1056 1441 et
1086 1408 1295 1442 constante
1321 1410 1434 1443 stava
1464 1405 1507 1443 in
1539 1403 1578 1444 13
1607 1418 1690 1444 sua·
1708 1419 1775 1446 re-

326 1457 503 1507 01116513,
535 1457 584 1495 ne
615 1457 852 1496 altramente
882 1458 1116 1496 consentiva
1144 1456 1238 1496 dare
1263 1471 1286 1496 a
1314 1458 1451 1498 Morat
1480 1459 1519 1498 61
1550 1458 1776 1501 domanda-

328 1518 373 1552 to
415 1512 629 1551 adiutorio.
699 1511 754 1550 Et
792 1510 1039 1550 demorando
1078 1511 1241 1550 Brahim
1286 1511 1401 1552 molti
1429 1513 1543 1552 zorni
1571 1527 1644 1567 per
1669 1521 1775 1555 otte-

325 1580 425 1606 nere
470 1566 508 1605 la
544 1580 616 1605 sua
651 1565 875 1605 intentione
919 1565 969 1604 de
996 1566 1039 1604 lu
1089 1565 1346 1618 imperador,
1387 1579 1481 1606 ecco
1524 1570 1668 1608 venire
1690 1582 1775 1609 uno

326 1621 489 1661 sinistro
516 1620 713 1671 animale,
745 1618 783 1659 el
810 1619 928 1672 quale
954 1618 1055 1659 saltb
1083 1621 1124 1658 in
1153 1621 1192 1659 la
1219 1620 1414 1673 palestra3
1445 1629 1486 1662 et
1511 1623 1550 1662 13
1576 1635 1669 1662 cosa
1698 1622 1774 1663 do-

328 1675 521 1715 mandata
550 1675 600 1714 da
620 1677 757 1714 Morat
785 1675 865 1713 alo
894 1674 1130 1727 imperador
1158 1689 1234 1714 con
1264 1674 1452 1715 humilii&
1471 1683 1511 1716 et
1541 1677 1774 1730 promissio·

327 1745 379 1773 ne
425 1730 475 1768 de
515 1729 630 1768 molti
672 1729 794 1777 doni,
833 1735 975 1782 questo
1026 1730 1264 1781 importuno
1303 1731 1476 1771 animale
1516 1731 1775 1774 servilmente

358 1786 503 1824 romise
531 1784 627 1823 dare
652 1798 675 1823 a
694 1785 828 1822 Morat
854 1790 894 1822 et
921 1797 998 1822 con
1029 1783 1299 1822 submissione
1322 1784 1372 1823 de
1400 1785 1440 1823 la
1463 1798 1534 1824 sua
1564 1779 1774 1829 libertade.

326 1799 504 1878 §arran-b
541 1839 731 1891 adunque
772 1851 887 1876 como
930 1839 1063 1876 Morat
1104 1837 1221 1890 passb
1251 1839 1291 1877 10
1333 1838 1594 1894 Hellesponto
1626 1847 1666 1890 et
1693 1854 1774 1883 con

327 1893 402 1933 0116
433 1894 829 1947 apparechiamentO,
862 1898 901 1931 et
933 1891 998 1930 chi
1031 1892 1071 1930 fo
1105 1891 1142 1930 el
1171 1892 1425 1933 conductore·
1447 1901 1489 1934 et
1521 1894 1628 1934 dove
1657 1895 1775 1949 passb

329 1949 367 1988 el
392 1962 505 1987 mare
524 1977 536 1998 ‚
575 1956 616 1987 et
648 1948 716 1987 chi
754 1946 796 1985 fo
834 1946 998 1999 patroni
1039 1947 1127 1986 dele
1157 1961 1275 1986 nave.
1341 1948 1410 1987 Ali
1437 1949 1496 1988 liti
1526 1949 1578 1988 de
1609 1950 1718 1989 Ionia
1751 1950 1774 1989 6

327 2017 408 2042 una
455 2011 676 2056 montagna
710 2001 872 2048 vicina,
914 2007 1021 2040 tutta
1064 2001 1115 2040 de
1144 2002 1280 2054 piera,
1322 2001 1427 2042 della
1458 2005 1576 2056 quale
1600 2018 1644 2044 se
1675 2018 1775 2046 cava

327 2059 459 2096 alume
503 2058 554 2097 de
593 2057 742 2107 rocha3
788 2057 825 2094 13
864 2055 980 2108 quale
1022 2057 1138 2107 piera
1178 2063 1415 2109 appressata
1443 2058 1483 2096 31
1514 2057 1605 2097 foco
1637 2065 1678 2098 et
1704 2059 1775 2112 poi

327 2112 542 2165 ail'acqua,
582 2113 755 2151 deventa
800 2124 911 2149 come
955 2109 1160 2150 sabbione.
1220 2111 1277 2149 Et
1302 2119 1444 2165 questo
1472 2113 1639 2152 sabione
1668 2113 1776 2164 facto

329 2167 380 2205 de
411 2169 550 2219 picra,
590 2164 835 2205 mettendolo
866 2165 907 2203 in
953 2163 1128 2203 caldiera
1171 2179 1248 2203 con
1295 2180 1421 2219 acqua
1464 2181 1487 2205 a
1524 2166 1694 2217 bollire,
1734 2182 1776 2207 se

331 2220 522 2274 disliegua
562 2235 583 2260 e
611 2221 756 2260 divene
784 2234 899 2259 come
941 2219 1068 2258 brodo
1095 2233 1234 2272 grasso
1263 2233 1287 2258 ο
1316 2234 1427 2259 come
1457 2221 1560 2259 lacte
1593 2221 1775 2273 coagulo.

330 2277 368 2314 la
395 2283 507 2314 terra
535 2289 673 2321 secca,
706 2274 782 2313 che
808 2288 972 2313 remane
1005 2273 1055 2312 de
1093 2274 1186 2326 quel
1213 2287 1350 2326 grasso
1370 2303 1382 2324 ,
1414 2289 1529 2313 come
1561 2276 1704 2314 inutile
1733 2290 1776 2317 se

330 2344 441 2370 cava.
498 2331 549 2369 El
577 2330 706 2368 brodo
736 2343 778 2367 se
809 2336 931 2367 mette
961 2328 1001 2366 in
1030 2328 1066 2366 le
1093 2331 1176 2367 tine
1215 2341 1311 2366 over
1338 2328 1508 2368 cannali.
1539 2329 1592 2368 fin
1627 2337 1775 2383 quatro

331 2385 441 2423 zorni
481 2385 695 2437 stagando,
742 2384 780 2422 la
808 2383 1021 2436 superficie
1048 2396 1090 2420 se
1117 2396 1248 2422 venne
1278 2382 1329 2420 ad
1357 2383 1617 2436 coangulare,
1651 2390 1692 2423 et
1713 2384 1774 2423 fa-

332 2451 376 2476 ze
416 2439 545 2476 alume
585 2438 716 2478 lustro
744 2452 859 2477 come
899 2437 1090 2478 cristallo.
1146 2437 1197 2475 El
1229 2436 1356 2476 fundo
1387 2438 1460 2476 0116
1487 2451 1636 2476 avanza
1665 2439 1774 2491 dopo

332 2498 478 2545 quatro
505 2494 635 2542 zorni,
667 2498 892 2531 remettono
920 2493 960 2529 in
990 2490 1027 2528 la
1058 2491 1262 2541 caldiera3
1291 2497 1332 2530 et
1361 2491 1564 2531 zonzendo
1593 2492 1774 2532 dei'aitro

333 2544 498 2586 sahio'ne
523 2547 629 2585 facto
673 2547 761 2585 dela
791 2546 898 2584 dicta
938 2545 1047 2598 piera
1065 2575 1075 2592 ‚
1110 2553 1151 2585 et
1181 2546 1232 2584 de
1255 2559 1373 2598 sopra
1403 2546 1612 2599 spandono
1637 2547 1775 2586 del'al-

259 2606 317 2640 161
335 2609 400 2640 tra
430 2614 582 2653 acqua,
618 2608 656 2639 et
682 2606 867 2640 mettono
896 2615 918 2638 a
950 2599 1118 2652 hoglire.
1149 2607 1189 2639 et
1228 2599 1383 2653 boglito
1413 2615 1529 2640 come
1557 2603 1607 2639 de
1635 2606 1773 2654 sopr'a,

336 2662 512 2694 metteno
558 2656 599 2693 in
627 2656 662 2693 le
690 2655 842 2694 canale.
873 2662 911 2693 et
953 2655 1034 2693 cosi
1062 2669 1103 2692 se
1133 2654 1171 2693 fa
1203 2653 1336 2693 alume
1364 2669 1476 2694 come
1502 2655 1679 2695 cristallo
1707 2655 1775 2695 lu..

339 2716 479 2763 cente,
520 2710 737 2749 mercantia
777 2710 869 2749 viva
910 2715 949 2748 et
990 2716 1176 2749 corrente
1206 2708 1247 2747 in
1277 2709 1411 2754 tuttofl
1440 2709 1621 2760 mundo,
1645 2709 1773 2751 molto
