1916 3210
358 171 466 230 352
831 192 1012 236 nume
1056 192 1311 238 ms‘romA

359 291 587 343 ihacusino,
613 291 734 332 homo
762 290 812 331 de
827 293 961 331 animo
989 291 1142 344 grande
1168 299 1208 331 et
1238 293 1433 347 sapientia
1465 293 1796 351 incomparabile·

361 346 437 386 Nel
465 354 600 401 tempo
628 348 679 386 de
705 348 847 400 q'uesto
872 348 1040 385 Zuanne
1068 347 1316 400 imperadore
1343 350 1358 387 i
1386 349 1508 390 Torci
1548 363 1799 392 comentatu-

362 416 416 442 no
431 415 453 441 a
471 416 608 455 passar
626 416 696 456 per
723 401 765 440 lu
783 400 1022 453 Helespouto
1041 400 1092 440 da
1113 403 1210 442 Asia
1226 403 1264 442 in
1284 403 1461 456 Europa.
1489 405 1552 446 Da
1573 408 1663 447 Asia
1684 406 1798 460 passb

362 457 496 496 Omur
520 471 595 497 con
621 457 771 510 grande
800 455 902 494 stolo
928 455 979 494 de
1003 456 1156 507 'l'urci3
1187 456 1342 511 elquale
1363 455 1578 501 dominava
1603 462 1797 515 Smyrna,

361 512 525 565 Epheso
556 518 596 551 et
622 510 713 550 altri
742 510 847 549 lochi
870 511 1141 550 circumvicini
1170 512 1210 550 in
1242 512 1339 552 Asia
1367 516 1535 558 minore.
1566 517 1628 556 Da
1657 517 1799 556 Prusia

363 566 480 619 passo
497 566 684 613 Orchan,
704 572 848 603 nevote
868 565 917 604 de
929 565 1150 608 Othoman.
1167 567 1219 605 Et
1241 575 1393 620 passate
1409 577 1549 623 queste
1564 577 1680 610 zente
1702 570 1800 611 bar-

361 622 473 670 bare,
487 634 602 660 come
618 620 907 670 latrocinatori,
925 626 1164 673 guastarono
1179 621 1312 661 tutto’l
1329 623 1562 665 Chieroniso
1582 633 1622 664 et
1636 631 1741 666 tutte
1761 625 1800 665 le

361 683 469 715 terre
497 676 694 715 maritime
710 674 759 713 de
769 675 913 713 Tracia
932 689 1047 714 senza
1061 690 1190 727 paura
1207 683 1245 716 et
1263 691 1379 716 senza
1399 687 1602 720 contrasto
1619 681 1670 720 de
1687 680 1801 720 hoste

361 744 528 771 veruna.
587 730 830 769 Discorseno
860 728 939 769 fine
967 729 1004 768 al
1024 731 1301 770 Didimoticho
1330 740 1369 771 et
1397 747 1512 774 verso
1542 734 1581 775 la
1613 735 1689 776 cita
1720 734 1800 774 fine

362 787 402 824 in
430 784 640 831 Silvieria,
672 784 924 838 subiugando
968 791 1072 825 tutta
1100 786 1255 826 Trucia.
1313 787 1388 826 Nel
1417 789 1634 842 tempode
1661 797 1801 844 questo

363 842 531 879 Zuanne
561 839 805 891 Paleologo,
836 839 1002 879 essendo
1026 854 1176 879 ancora
1206 842 1248 879 in
1278 847 1417 882 tenera
1444 844 1532 894 eta,
1561 844 1599 884 la
1628 845 1725 884 isola
1750 844 1802 884 de

362 895 458 934 Asio
491 894 531 933 fo
570 908 687 947 presa
731 896 783 933 da
811 895 996 933 chuesi.
1049 895 1086 935 le
1131 894 1260 934 insule
1298 896 1348 936 de
1389 897 1656 953 l’Arcipela'go
1683 899 1803 939 soron

363 963 479 1002 prese
506 949 557 988 da
586 949 740 998 Latini,
775 948 886 1002 quali
915 963 1063 989 venero
1089 949 1141 989 da
1158 950 1331 992 Navara.
1387 953 1442 992 Et
1467 953 1599 992 tutto’l
1628 953 1803 1008 Pelopo-

364 1019 490 1055 neso,
532 1011 693 1057 excepto
722 1003 1056 1044 Lachiedemonia
1095 1012 1134 1043 et
1180 1006 1411 1046 Monovasia
1428 1037 1439 1058 ,
1468 1015 1507 1048 et
1534 1007 1572 1048 le
1598 1007 1804 1058 Phochie,

366 1060 404 1099 lc
435 1059 555 1114 quale
593 1073 693 1098 sono
739 1059 779 1097 in
811 1059 948 1112 l’Egeo
986 1059 1151 1114 peligo3
1181 1059 1337 1112 leqnale
1364 1062 1489 1102 foron'
1509 1076 1623 1116 prese
1647 1063 1697 1102 da
1724 1066 1806 1104 Ge-

313 1116 492 1157 15nnesi.
529 1115 574 1152 In
604 1119 746 1167 questo
775 1114 993 1153 medesimo
1021 1129 1130 1154 anno
1160 1115 1262 1154 mori
1293 1116 1482 1167 Orcban,
1514 1118 1698 1158 lassando
1727 1117 1806 1158 du-

364 1170 438 1208 cha
467 1169 532 1209 del
558 1182 630 1208 suo
659 1183 778 1222 paese
803 1168 908 1209 male
940 1171 1142 1223 aquistato
1171 1169 1208 1208 el
1237 1184 1311 1209 suo
1328 1172 1391 1210 fiol
1417 1172 1598 1216 Murath.
1629 1172 1681 1212 El
1709 1169 1806 1227 qual

362 1238 478 1278 preso
509 1224 584 1263 che
614 1223 748 1263 hebbe
781 1222 818 1263 le
847 1231 954 1263 terre
985 1225 1034 1264 de
1053 1224 1198 1263 Tratia
1224 1238 1297 1277 per
1322 1226 1476 1266 assedio
1493 1255 1504 1274 ‚
1533 1227 1807 1268 ultimamente

361 1293 478 1333 prese
500 1277 792 1331 Andrianopoli
825 1291 847 1317 e
870 1284 978 1318 tutta
1007 1278 1045 1318 la
1075 1279 1283 1318 Thessalia
1312 1288 1474 1334 excepto
1500 1281 1729 1323 Salonicho.
1765 1290 1808 1324 et

364 1339 564 1386 occupato
595 1335 705 1386 quasi
736 1339 844 1371 tutto
877 1332 1071 1386 l'imperio
1088 1333 1129 1372 di
1159 1334 1295 1383 Greci,
1329 1349 1458 1375 venne
1489 1336 1528 1375 in
1551 1338 1668 1376 Misia
1696 1345 1736 1378 et
1763 1337 1806 1377 in

364 1389 521 1441 Servya
550 1395 590 1427 et
614 1387 669 1426 {ati
691 1388 818 1426 monti
839 1386 890 1426 de
905 1387 1075 1427 Tribali.
1106 1387 1403 1441 Depopulando
1432 1391 1621 1446 adunque
1635 1392 1686 1431 de
1700 1398 1805 1432 tutte

365 1443 405 1483 le
435 1442 634 1496 provintie
661 1442 698 1482 le
729 1442 808 1481 cita
835 1449 873 1481 et
903 1441 940 1480 le
970 1441 1147 1492 castelle,
1177 1443 1213 1481 le
1234 1444 1376 1483 misere
1413 1445 1546 1485 anime
1577 1446 1806 1488 Christiane

363 1497 564 1537 mandava
605 1511 679 1550 per
717 1497 753 1536 el
786 1503 993 1549 portunno
1022 1510 1133 1535 mare
1164 1497 1460 1537 mediterraneo
1488 1499 1539 1539 de
1567 1500 1805 1540 Chieroniso

363 1555 405 1592 in
435 1552 540 1606 paesi
570 1550 719 1592 diversi
758 1565 829 1604 per
858 1550 893 1589 la
923 1551 1021 1590 Asia
1063 1550 1243 1604 grande,
1272 1565 1384 1591 come
1416 1552 1455 1592 la
1483 1561 1590 1593 sorte
1619 1555 1771 1594 cadeva
1790 1584 1804 1606 ‚

363 1608 406 1647 in
446 1606 601 1646 servitii
642 1605 730 1646 dele
771 1606 947 1644 barbare
990 1612 1137 1655 zentc,
1181 1604 1319 1645 lontan
1366 1606 1417 1646 da
1457 1606 1496 1646 la
1527 1609 1656 1661 patria
1688 1623 1709 1648 e
1739 1609 1806 1656 dal

363 1668 576 1715 conspecto
603 1660 645 1700 di
675 1661 755 1699 cari
785 1660 962 1712 parenti,
1007 1659 1077 1698 azo
1107 1659 1181 1698 che
1209 1659 1570 1701 sdementicandosi
1601 1662 1666 1702 del
1695 1665 1807 1703 culto

365 1717 456 1757 dela
483 1730 575 1755 vera
622 1715 711 1755 fede
740 1714 969 1767 evangelica
1009 1714 1288 1754 deventassino
1313 1716 1559 1758 Musulmani
1586 1725 1626 1757 et
1653 1718 1807 1757 inimici

368 1772 457 1812 dela
486 1776 624 1810 sancta
659 1783 790 1809 croce.
850 1768 1047 1808 Vedendo
1085 1768 1275 1822 adunque
1315 1778 1454 1823 queste
1477 1785 1568 1811 cose
1593 1779 1706 1812 tanto
1737 1787 1808 1812 or-

367 1826 489 1866 ribile
519 1831 561 1864 et
586 1823 777 1871 crudele,
809 1824 964 1862 Lazaro
988 1823 1080 1863 siolo
1109 1824 1160 1863 de
1189 1824 1379 1875 stefano,
1410 1826 1566 1879 dispote
1593 1825 1683 1867 dela
1712 1828 1809 1867 Ser-

367 1895 472 1936 vya,
513 1880 647 1919 subito
689 1879 774 1918 fece
804 1879 1008 1917 chiamare
1053 1892 1076 1917 a
1106 1892 1149 1917 se
1185 1880 1281 1917 tutti
1311 1879 1324 1917 i
1357 1879 1497 1919 baroni
1527 1888 1565 1920 et
1593 1882 1808 1936 principali

367 1938 431 1976 del
458 1949 530 1974 suo
561 1935 729 1988 imperio
744 1939 801 1984 ,et
827 1932 1007 1972 adunato
1036 1932 1074 1972 el
1103 1947 1175 1971 suo
1208 1935 1385 1973 exercito
1402 1934 1507 1975 nella
1524 1937 1675 1988 grande
1702 1951 1809 1977 com·

367 1990 512 2045 pagnia
546 1990 596 2029 de
629 1989 807 2028 Cossovo
841 1986 892 2027 de
919 1988 998 2041 qua
1031 1988 1096 2026 dal
1124 1987 1246 2027 fiume
1284 1989 1484 2029 chiamato
1514 1991 1697 2041 Sieniza,
1726 2006 1808 2031 non

370 2047 469 2086 lonzi
502 2044 593 2084 dala
620 2044 758 2083 riccha
807 2043 884 2082 cita
913 2043 964 2081 dc
993 2042 1247 2083 Novamonte
1266 2073 1278 2093 ,
1309 2044 1476 2083 luathco
1505 2046 1549 2084 re
1577 2046 1628 2086 de
1651 2047 1808 2101 Bosyna

368 2101 519 2140 mando
551 2098 739 2138 Vlathico
769 2097 1032 2150 Vlagcnichio
1070 2111 1143 2137 suo
1171 2104 1320 2151 nepote
1346 2112 1419 2137 con
1453 2100 1533 2138 XX
1562 2101 1670 2140 milia
1697 2101 1810 2141 valo-

371 2157 452 2196 rosi
490 2153 732 2194 combatenti
775 2154 816 2191 in
860 2153 969 2191 aiuto
1014 2152 1065 2192 de
1095 2154 1245 2192 Lazaro
1273 2167 1347 2193 suo
1375 2154 1509 2193 vicino
1538 2162 1580 2194 et
1607 2163 1806 2195 consorte.

372 2211 573 2250 Ordinato
601 2208 791 2261 adunque
805 2209 953 2245 Lazaro
970 2205 1008 2245 le
1036 2221 1108 2246 sue
1138 2215 1265 2255 zente‚
1301 2215 1340 2247 et
1358 2209 1433 2247 ben
1463 2209 1640 2263 disposto
1671 2210 1708 2249 el
1737 2224 1810 2250 suo

372 2266 576 2315 exercito,
606 2277 682 2302 con
715 2262 866 2315 grande
894 2262 1026 2300 animo
1055 2268 1096 2301 et
1121 2261 1388 2302 efficacissima
1415 2264 1597 2302 oratione
1624 2266 1810 2304 amoniva

373 2328 413 2359 et
447 2319 684 2358 confortava
711 2320 807 2356 tutti
838 2316 1084 2356 iChristiani
1114 2330 1137 2356 a
1167 2317 1400 2357 combatere
1425 2317 1740 2359 valon-osamente
1769 2325 1811 2358 et

375 2374 591 2413 vendicare
616 2379 729 2412 tante
758 2371 1024 2423 ignominiose
1040 2370 1160 2410 offese
1187 2379 1226 2411 et
1252 2372 1389 2411 damni
1418 2372 1717 2426 incomparabili
1746 2388 1812 2413 re-

374 2431 519 2478 zevuti,
547 2434 802 2467 overamente
822 2427 987 2465 amorir
998 2426 1310 2478 gloriosamente
1337 2441 1409 2481 per
1435 2441 1547 2466 amor
1577 2428 1627 2467 de
1652 2428 1812 2468 Christo

374 2490 513 2523 nostro
553 2482 807 2535 redemptore
835 2488 873 2519 et
900 2494 976 2534 per
1005 2481 1234 2520 defensione
1252 2481 1341 2521 dela
1368 2495 1458 2520 cara
1486 2485 1640 2535 patria,
1669 2483 1711 2522 di
1738 2483 1811 2536 fig-

376 2538 460 2577 lioli
479 2567 491 2588 ,
522 2537 563 2576 di
592 2537 773 2589 parenti,
816 2535 904 2574 dela
935 2534 1026 2575 fede
1053 2542 1095 2574 et
1128 2550 1239 2575 sacra
1268 2543 1307 2575 et
1334 2543 1468 2575 sancta
1500 2537 1612 2590 legge
1638 2551 1812 2590 evange-

377 2593 450 2632 lica
481 2599 584 2631 sotto
615 2591 805 2645 l'insegna
834 2590 923 2629 dela
955 2597 1090 2629 sancta
1120 2605 1250 2630 croce.
1307 2590 1500 2630 Dal'altra
1528 2599 1641 2645 parte
1669 2591 1707 2631 el
1734 2593 1812 2631 du-

378 2662 423 2686 ca
456 2647 625 2686 Amorat
661 2660 731 2698 per
774 2651 886 2684 tante
928 2646 1122 2697 aquistate
1151 2646 1315 2684 victorie
1355 2660 1435 2685 non
1466 2660 1608 2685 maneo
1635 2647 1812 2700 superbo

380 2702 453 2741 che
479 2708 641 2755 potente
682 2701 866 2747 inimico,
908 2699 1111 2737 sitibundo
1138 2700 1203 2737 dcl
1234 2714 1382 2751 sangue
1410 2701 1666 2751 Christiano,
1693 2701 1813 2741 orde-

382 2757 435 2796 nb
462 2757 496 2796 el
531 2757 603 2795 suo
634 2756 802 2794 exercito
829 2768 901 2792 con
932 2754 1084 2807 grande
1112 2755 1263 2807 partica
1290 2753 1377 2793 dele
1407 2769 1495 2795 cose
1527 2755 1704 2797 militari.
1744 2755 1813 2810 *Et
