<?xml version="1.0" encoding="UTF-8"?>
<!DOCTYPE html PUBLIC "-//W3C//DTD XHTML 1.0 Transitional//EN"
    "http://www.w3.org/TR/xhtml1/DTD/xhtml1-transitional.dtd">
<html xmlns="http://www.w3.org/1999/xhtml" xml:lang="en" lang="en">
 <head>
  <title>
</title>
<meta http-equiv="Content-Type" content="text/html;charset=utf-8" />
  <meta name='ocr-system' content='tesseract 3.04.00' />
  <meta name='ocr-capabilities' content='ocr_page ocr_carea ocr_par ocr_line ocrx_word'/>
</head>
<body>
  <div class='ocr_page' id='page_1' title='image "./corpusscriptorum11niebuoft_0594.png"; bbox 0 0 1890 3204; ppageno 0'>
   <div class='ocr_carea' id='block_1_1' title="bbox 308 142 1165 218">
    <p class='ocr_par' dir='ltr' id='par_1_1' title="bbox 308 142 1165 218">
     <span class='ocr_line' id='line_1_1' title="bbox 308 142 1165 218; baseline 0.006 -19"><span class='ocrx_word' id='word_1_1' title='bbox 308 142 423 218; x_wconf 79' lang='lat'><strong>576</strong></span> <span class='ocrx_word' id='word_1_2' title='bbox 874 161 1165 206; x_wconf 66' lang='lat' dir='ltr'><strong>summun-</strong></span> 
     </span>
    </p>
   </div>
   <div class='ocr_carea' id='block_1_2' title="bbox 168 262 1749 2776">
    <p class='ocr_par' dir='ltr' id='par_1_2' title="bbox 301 262 1749 358">
     <span class='ocr_line' id='line_1_2' title="bbox 301 262 1749 358; baseline 0.008 -57"><span class='ocrx_word' id='word_1_3' title='bbox 301 262 458 358; x_wconf 52' lang='grc' dir='ltr'><em>γέἐοῡ,</em></span> <span class='ocrx_word' id='word_1_4' title='bbox 494 265 562 318; x_wconf 89' lang='lat' dir='ltr'><strong>qui</strong></span> <span class='ocrx_word' id='word_1_5' title='bbox 596 265 740 318; x_wconf 83' lang='lat' dir='ltr'><strong>procul</strong></span> <span class='ocrx_word' id='word_1_6' title='bbox 771 263 896 305; x_wconf 88' lang='lat' dir='ltr'><strong>dubio</strong></span> <span class='ocrx_word' id='word_1_7' title='bbox 936 266 969 304; x_wconf 85' lang='lat' dir='ltr'><strong>is</strong></span> <span class='ocrx_word' id='word_1_8' title='bbox 1005 271 1088 315; x_wconf 88' lang='lat' dir='ltr'><strong>est,</strong></span> <span class='ocrx_word' id='word_1_9' title='bbox 1119 263 1233 304; x_wconf 87' lang='lat' dir='ltr'><strong>cuius</strong></span> <span class='ocrx_word' id='word_1_10' title='bbox 1262 262 1329 304; x_wconf 87' lang='lat' dir='ltr'><strong>hic</strong></span> <span class='ocrx_word' id='word_1_11' title='bbox 1373 279 1520 308; x_wconf 85' lang='lat' dir='ltr'><strong>nomen</strong></span> <span class='ocrx_word' id='word_1_12' title='bbox 1553 281 1577 309; x_wconf 86' lang='lat' dir='ltr'><strong>a</strong></span> <span class='ocrx_word' id='word_1_13' title='bbox 1604 275 1749 315; x_wconf 62' lang='lat' dir='ltr'><strong>&gt;nostro</strong></span> 
     </span>
    </p>

    <p class='ocr_par' dir='ltr' id='par_1_3' title="bbox 302 325 1738 358">
     <span class='ocr_line' id='line_1_3' title="bbox 302 325 1738 358; baseline 0.003 0"><span class='ocrx_word' id='word_1_14' title='bbox 302 332 346 358; x_wconf 81' lang='lat' dir='ltr'><strong>re</strong></span> <span class='ocrx_word' id='word_1_15' title='bbox 365 325 488 358; x_wconf 84' lang='lat' dir='ltr'><strong>ertur.</strong></span> <span class='ocrx_word' id='word_1_16' title='bbox 1683 327 1703 336; x_wconf 63' lang='grc'><strong>“’</strong></span> <span class='ocrx_word' id='word_1_17' title='bbox 1722 333 1738 353; x_wconf 72' lang='lat'><strong>‘²</strong></span> 
     </span>
    </p>

    <p class='ocr_par' dir='ltr' id='par_1_4' title="bbox 168 369 1748 918">
     <span class='ocr_line' id='line_1_4' title="bbox 168 369 1747 433; baseline 0.004 -21"><span class='ocrx_word' id='word_1_18' title='bbox 168 369 203 404; x_wconf 83' lang='grc' dir='ltr'><strong>Ρ·</strong></span> <span class='ocrx_word' id='word_1_19' title='bbox 220 371 306 417; x_wconf 79' lang='lat'><strong>24¹-</strong></span> <span class='ocrx_word' id='word_1_20' title='bbox 410 373 460 413; x_wconf 88' lang='lat' dir='ltr'><strong>P.</strong></span> <span class='ocrx_word' id='word_1_21' title='bbox 496 373 582 424; x_wconf 72' lang='lat'><strong>¹⁰4»</strong></span> <span class='ocrx_word' id='word_1_22' title='bbox 609 373 647 414; x_wconf 88' lang='lat'><strong>6.</strong></span> <span class='ocrx_word' id='word_1_23' title='bbox 712 370 758 413; x_wconf 78' lang='grc' dir='ltr'><strong>τὸ</strong></span> <span class='ocrx_word' id='word_1_24' title='bbox 792 372 1045 427; x_wconf 82' lang='grc' dir='ltr'><em>Νυμφαῖον]</em></span> <span class='ocrx_word' id='word_1_25' title='bbox 1101 373 1228 413; x_wconf 84' lang='lat' dir='ltr'><strong>Urbis</strong></span> <span class='ocrx_word' id='word_1_26' title='bbox 1257 375 1371 413; x_wconf 88' lang='lat' dir='ltr'><strong>istius</strong></span> <span class='ocrx_word' id='word_1_27' title='bbox 1399 387 1548 415; x_wconf 83' lang='lat' dir='ltr'><strong>nomen</strong></span> <span class='ocrx_word' id='word_1_28' title='bbox 1576 376 1621 416; x_wconf 88' lang='lat' dir='ltr'><strong>in</strong></span> <span class='ocrx_word' id='word_1_29' title='bbox 1647 391 1747 433; x_wconf 78' lang='lat' dir='ltr'><strong>par-</strong></span> 
     </span>
     <span class='ocr_line' id='line_1_5' title="bbox 298 427 1747 485; baseline 0.003 -18"><span class='ocrx_word' id='word_1_30' title='bbox 298 427 408 468; x_wconf 84' lang='lat' dir='ltr'><strong>tibus</strong></span> <span class='ocrx_word' id='word_1_31' title='bbox 440 428 617 467; x_wconf 81' lang='lat' dir='ltr'>Aeolidis</span> <span class='ocrx_word' id='word_1_32' title='bbox 647 429 798 481; x_wconf 79' lang='lat' dir='ltr'>Lydiae</span> <span class='ocrx_word' id='word_1_33' title='bbox 834 436 904 467; x_wconf 83' lang='lat' dir='ltr'><strong>aut</strong></span> <span class='ocrx_word' id='word_1_34' title='bbox 936 429 1073 468; x_wconf 84' lang='lat' dir='ltr'><strong>Ioniae</strong></span> <span class='ocrx_word' id='word_1_35' title='bbox 1110 429 1151 468; x_wconf 87' lang='lat' dir='ltr'><strong>in</strong></span> <span class='ocrx_word' id='word_1_36' title='bbox 1183 430 1356 482; x_wconf 82' lang='lat' dir='ltr'>antiquis</span> <span class='ocrx_word' id='word_1_37' title='bbox 1383 431 1635 485; x_wconf 79' lang='lat' dir='ltr'><strong>Geographis</strong></span> <span class='ocrx_word' id='word_1_38' title='bbox 1663 443 1747 474; x_wconf 77' lang='lat' dir='ltr'><strong>non</strong></span> 
     </span>
     <span class='ocr_line' id='line_1_6' title="bbox 298 482 1748 540; baseline 0.004 -18"><span class='ocrx_word' id='word_1_39' title='bbox 298 482 522 536; x_wconf 84' lang='lat' dir='ltr'><strong>reperitur:</strong></span> <span class='ocrx_word' id='word_1_40' title='bbox 541 484 797 522; x_wconf 74' lang='lat' dir='ltr'>Ptolemaeus</span> <span class='ocrx_word' id='word_1_41' title='bbox 814 482 964 523; x_wconf 84' lang='lat' dir='ltr'><strong>Strabo</strong></span> <span class='ocrx_word' id='word_1_42' title='bbox 981 489 1022 522; x_wconf 85' lang='lat' dir='ltr'><strong>et</strong></span> <span class='ocrx_word' id='word_1_43' title='bbox 1032 483 1256 536; x_wconf 82' lang='lat' dir='ltr'><strong>Stephanus</strong></span> <span class='ocrx_word' id='word_1_44' title='bbox 1271 485 1311 523; x_wconf 92' lang='lat' dir='ltr'><strong>in</strong></span> <span class='ocrx_word' id='word_1_45' title='bbox 1324 485 1498 524; x_wconf 81' lang='lat' dir='ltr'><strong>Taurica</strong></span> <span class='ocrx_word' id='word_1_46' title='bbox 1510 485 1546 524; x_wconf 92' lang='lat' dir='ltr'>N</span> <span class='ocrx_word' id='word_1_47' title='bbox 1548 487 1748 540; x_wconf 81' lang='lat' dir='ltr'><strong>ymphae-</strong></span> 
     </span>
     <span class='ocr_line' id='line_1_7' title="bbox 298 537 1746 590; baseline 0.003 -13"><span class='ocrx_word' id='word_1_48' title='bbox 298 551 368 577; x_wconf 89' lang='lat' dir='ltr'><strong>um</strong></span> <span class='ocrx_word' id='word_1_49' title='bbox 397 537 547 576; x_wconf 89' lang='lat' dir='ltr'><strong>habent</strong></span> <span class='ocrx_word' id='word_1_50' title='bbox 574 539 680 576; x_wconf 87' lang='lat' dir='ltr'><strong>inter</strong></span> <span class='ocrx_word' id='word_1_51' title='bbox 713 538 1031 590; x_wconf 82' lang='lat' dir='ltr'>Panticapaeum</span> <span class='ocrx_word' id='word_1_52' title='bbox 1076 546 1117 578; x_wconf 88' lang='lat' dir='ltr'><strong>et</strong></span> <span class='ocrx_word' id='word_1_53' title='bbox 1144 538 1429 578; x_wconf 86' lang='lat' dir='ltr'><strong>Theodosiam.</strong></span> <span class='ocrx_word' id='word_1_54' title='bbox 1486 539 1746 583; x_wconf 80' lang='lat' dir='ltr'><strong>Abrahamus</strong></span> 
     </span>
     <span class='ocr_line' id='line_1_8' title="bbox 299 591 1745 647; baseline 0.003 -15"><span class='ocrx_word' id='word_1_55' title='bbox 299 591 480 632; x_wconf 85' lang='lat' dir='ltr'><strong>Ortelius</strong></span> <span class='ocrx_word' id='word_1_56' title='bbox 511 591 631 631; x_wconf 90' lang='lat' dir='ltr'><strong>huius</strong></span> <span class='ocrx_word' id='word_1_57' title='bbox 649 592 781 631; x_wconf 87' lang='lat' dir='ltr'><strong>nostri</strong></span> <span class='ocrx_word' id='word_1_58' title='bbox 795 593 837 631; x_wconf 90' lang='lat' dir='ltr'><strong>in</strong></span> <span class='ocrx_word' id='word_1_59' title='bbox 859 592 988 646; x_wconf 84' lang='lat' dir='ltr'><strong>Lydia</strong></span> <span class='ocrx_word' id='word_1_60' title='bbox 1010 592 1235 647; x_wconf 85' lang='lat' dir='ltr'><strong>Nymphaei</strong></span> <span class='ocrx_word' id='word_1_61' title='bbox 1258 593 1416 633; x_wconf 87' lang='lat' dir='ltr'><strong>nullum</strong></span> <span class='ocrx_word' id='word_1_62' title='bbox 1442 594 1615 635; x_wconf 86' lang='lat' dir='ltr'><strong>verbum</strong></span> <span class='ocrx_word' id='word_1_63' title='bbox 1635 596 1745 642; x_wconf 77' lang='lat' dir='ltr'><strong>facit.</strong></span> 
     </span>
     <span class='ocr_line' id='line_1_9' title="bbox 298 644 1740 702; baseline 0.004 -16"><span class='ocrx_word' id='word_1_64' title='bbox 298 652 344 686; x_wconf 81' lang='lat' dir='ltr'><strong>at</strong></span> <span class='ocrx_word' id='word_1_65' title='bbox 375 648 574 698; x_wconf 81' lang='lat' dir='ltr'><strong>Gregoras</strong></span> <span class='ocrx_word' id='word_1_66' title='bbox 599 646 759 686; x_wconf 87' lang='lat' dir='ltr'><strong>duobus</strong></span> <span class='ocrx_word' id='word_1_67' title='bbox 791 647 832 686; x_wconf 89' lang='lat' dir='ltr'><strong>in</strong></span> <span class='ocrx_word' id='word_1_68' title='bbox 862 647 958 687; x_wconf 86' lang='lat' dir='ltr'><strong>locis</strong></span> <span class='ocrx_word' id='word_1_69' title='bbox 992 647 1044 687; x_wconf 90' lang='lat' dir='ltr'><strong>de</strong></span> <span class='ocrx_word' id='word_1_70' title='bbox 1074 661 1123 688; x_wconf 86' lang='lat' dir='ltr'><strong>eo</strong></span> <span class='ocrx_word' id='word_1_71' title='bbox 1151 646 1336 701; x_wconf 85' lang='lat' dir='ltr'><strong>loquitur</strong></span> <span class='ocrx_word' id='word_1_72' title='bbox 1364 649 1528 702; x_wconf 88' lang='lat' dir='ltr'><strong>oppido.</strong></span> <span class='ocrx_word' id='word_1_73' title='bbox 1555 650 1624 690; x_wconf 81' lang='lat' dir='ltr'><strong>tib.</strong></span> <span class='ocrx_word' id='word_1_74' title='bbox 1641 664 1666 691; x_wconf 71' lang='grc' dir='ltr'>α</span> <span class='ocrx_word' id='word_1_75' title='bbox 1697 644 1740 692; x_wconf 75' lang='lat' dir='ltr'><strong>in</strong></span> 
     </span>
     <span class='ocr_line' id='line_1_10' title="bbox 298 700 1746 759; baseline 0.005 -20"><span class='ocrx_word' id='word_1_76' title='bbox 298 700 402 751; x_wconf 75' lang='lat' dir='ltr'><strong>tine,</strong></span> <span class='ocrx_word' id='word_1_77' title='bbox 428 701 502 739; x_wconf 83' lang='lat' dir='ltr'><strong>uhi</strong></span> <span class='ocrx_word' id='word_1_78' title='bbox 531 701 581 740; x_wconf 88' lang='lat' dir='ltr'><strong>de</strong></span> <span class='ocrx_word' id='word_1_79' title='bbox 609 701 801 741; x_wconf 88' lang='lat' dir='ltr'><strong>Iohannis</strong></span> <span class='ocrx_word' id='word_1_80' title='bbox 829 703 967 742; x_wconf 81' lang='lat' dir='ltr'><strong>Ducae</strong></span> <span class='ocrx_word' id='word_1_81' title='bbox 993 702 1130 752; x_wconf 84' lang='lat' dir='ltr'><strong>obitu,</strong></span> <span class='ocrx_word' id='word_1_82' title='bbox 1179 704 1249 757; x_wconf 88' lang='lat' dir='ltr'><strong>qui</strong></span> <span class='ocrx_word' id='word_1_83' title='bbox 1280 705 1319 743; x_wconf 89' lang='lat' dir='ltr'><strong>in</strong></span> <span class='ocrx_word' id='word_1_84' title='bbox 1344 716 1392 742; x_wconf 93' lang='lat' dir='ltr'><strong>eo</strong></span> <span class='ocrx_word' id='word_1_85' title='bbox 1420 703 1546 744; x_wconf 89' lang='lat' dir='ltr'><strong>obiit:</strong></span> <span class='ocrx_word' id='word_1_86' title='bbox 1575 707 1672 759; x_wconf 78' lang='grc' dir='ltr'><strong>περὶ</strong></span> <span class='ocrx_word' id='word_1_87' title='bbox 1697 703 1746 746; x_wconf 82' lang='grc' dir='ltr'><strong>τὸ</strong></span> 
     </span>
     <span class='ocr_line' id='line_1_11' title="bbox 297 751 1743 812; baseline 0.005 -18"><span class='ocrx_word' id='word_1_88' title='bbox 297 756 531 808; x_wconf 84' lang='grc' dir='ltr'><em>Νυμφαῖον</em></span> <span class='ocrx_word' id='word_1_89' title='bbox 566 751 656 795; x_wconf 84' lang='grc' dir='ltr'><em>τότε</em></span> <span class='ocrx_word' id='word_1_90' title='bbox 685 752 934 807; x_wconf 78' lang='grc' dir='ltr'><em>ποιούμενος</em></span> <span class='ocrx_word' id='word_1_91' title='bbox 959 755 1034 804; x_wconf 81' lang='grc' dir='ltr'><strong>τὰς</strong></span> <span class='ocrx_word' id='word_1_92' title='bbox 1063 753 1299 810; x_wconf 80' lang='grc' dir='ltr'><em>διατριβάς.</em></span> <span class='ocrx_word' id='word_1_93' title='bbox 1327 764 1367 799; x_wconf 88' lang='lat' dir='ltr'><strong>et</strong></span> <span class='ocrx_word' id='word_1_94' title='bbox 1394 757 1467 797; x_wconf 87' lang='lat' dir='ltr'><strong>lib.</strong></span> <span class='ocrx_word' id='word_1_95' title='bbox 1491 758 1520 799; x_wconf 89' lang='lat'><strong>6</strong></span> <span class='ocrx_word' id='word_1_96' title='bbox 1545 773 1630 812; x_wconf 77' lang='lat' dir='ltr'><strong>cap.</strong></span> <span class='ocrx_word' id='word_1_97' title='bbox 1653 755 1743 810; x_wconf 54' lang='grc' dir='ltr'><strong>ἀΰ,</strong></span> 
     </span>
     <span class='ocr_line' id='line_1_12' title="bbox 295 810 1747 867; baseline 0.003 -18"><span class='ocrx_word' id='word_1_98' title='bbox 295 810 365 849; x_wconf 89' lang='lat' dir='ltr'><strong>ubi</strong></span> <span class='ocrx_word' id='word_1_99' title='bbox 397 810 448 849; x_wconf 89' lang='lat' dir='ltr'><strong>de</strong></span> <span class='ocrx_word' id='word_1_100' title='bbox 462 810 821 865; x_wconf 82' lang='lat' dir='ltr'><strong>Porphyrogenito</strong></span> <span class='ocrx_word' id='word_1_101' title='bbox 846 811 970 852; x_wconf 85' lang='lat' dir='ltr'><strong>verba</strong></span> <span class='ocrx_word' id='word_1_102' title='bbox 990 811 1100 852; x_wconf 80' lang='lat' dir='ltr'><strong>facit:</strong></span> <span class='ocrx_word' id='word_1_103' title='bbox 1130 811 1223 852; x_wconf 73' lang='grc' dir='ltr'><strong>ἐπεὶ</strong></span> <span class='ocrx_word' id='word_1_104' title='bbox 1251 811 1299 853; x_wconf 71' lang='grc' dir='ltr'><strong>δὲ</strong></span> <span class='ocrx_word' id='word_1_105' title='bbox 1311 813 1412 859; x_wconf 81' lang='grc' dir='ltr'><em>τέως</em></span> <span class='ocrx_word' id='word_1_106' title='bbox 1430 811 1539 867; x_wconf 60' lang='grc' dir='ltr'><strong>περί</strong></span> <span class='ocrx_word' id='word_1_107' title='bbox 1554 811 1603 854; x_wconf 77' lang='grc' dir='ltr'><strong>τὸ</strong></span> <span class='ocrx_word' id='word_1_108' title='bbox 1620 815 1747 867; x_wconf 84' lang='grc' dir='ltr'><strong><em>Νυμ-</em></strong></span> 
     </span>
     <span class='ocr_line' id='line_1_13' title="bbox 295 861 1058 918; baseline 0.003 -14"><span class='ocrx_word' id='word_1_109' title='bbox 295 866 427 918; x_wconf 81' lang='grc' dir='ltr'><em>φαῖον</em></span> <span class='ocrx_word' id='word_1_110' title='bbox 453 863 528 917; x_wconf 75' lang='grc' dir='ltr'><strong>τῆς</strong></span> <span class='ocrx_word' id='word_1_111' title='bbox 554 863 726 912; x_wconf 76' lang='grc' dir='ltr'><strong><em>Λυδίας</em></strong></span> <span class='ocrx_word' id='word_1_112' title='bbox 754 861 957 918; x_wconf 76' lang='grc' dir='ltr'><strong>ἐτύγχανε</strong></span> <span class='ocrx_word' id='word_1_113' title='bbox 985 873 1058 906; x_wconf 88' lang='lat' dir='ltr'><strong>etc.</strong></span> 
     </span>
    </p>

    <p class='ocr_par' dir='ltr' id='par_1_5' title="bbox 293 917 1747 1137">
     <span class='ocr_line' id='line_1_14' title="bbox 410 917 1745 975; baseline 0.005 -18"><span class='ocrx_word' id='word_1_114' title='bbox 410 917 459 957; x_wconf 92' lang='lat' dir='ltr'><strong>P.</strong></span> <span class='ocrx_word' id='word_1_115' title='bbox 495 918 583 967; x_wconf 86' lang='lat'><strong>105,</strong></span> <span class='ocrx_word' id='word_1_116' title='bbox 606 921 642 959; x_wconf 80' lang='lat'><strong>3.</strong></span> <span class='ocrx_word' id='word_1_117' title='bbox 673 921 1058 971; x_wconf 79' lang='grc' dir='ltr'><em>πυκτακοκομιστοῦ</em></span> <span class='ocrx_word' id='word_1_118' title='bbox 1071 919 1086 975; x_wconf 92' lang='grc'>]</span> <span class='ocrx_word' id='word_1_119' title='bbox 1129 920 1410 973; x_wconf 84' lang='lat' dir='ltr'><strong>Phavorinus,</strong></span> <span class='ocrx_word' id='word_1_120' title='bbox 1440 918 1745 972; x_wconf 64' lang='lat' dir='ltr'><strong>monticulum}</strong></span> 
     </span>
     <span class='ocr_line' id='line_1_15' title="bbox 293 969 1743 1030; baseline 0.006 -20"><span class='ocrx_word' id='word_1_121' title='bbox 293 971 393 1023; x_wconf 77' lang='grc' dir='ltr'><em>παρ’</em></span> <span class='ocrx_word' id='word_1_122' title='bbox 417 969 615 1028; x_wconf 79' lang='grc' dir='ltr'><em>Ὁμήρῳ,</em></span> <span class='ocrx_word' id='word_1_123' title='bbox 644 970 718 1026; x_wconf 73' lang='grc' dir='ltr'><strong>τήν</strong></span> <span class='ocrx_word' id='word_1_124' title='bbox 745 971 967 1027; x_wconf 75' lang='grc' dir='ltr'><em>ἐπιστολήν</em></span> <span class='ocrx_word' id='word_1_125' title='bbox 1006 971 1121 1028; x_wconf 77' lang='grc' dir='ltr'><em>παρὰ</em></span> <span class='ocrx_word' id='word_1_126' title='bbox 1157 978 1242 1021; x_wconf 84' lang='grc' dir='ltr'><em>τοῖς</em></span> <span class='ocrx_word' id='word_1_127' title='bbox 1265 970 1442 1027; x_wconf 70' lang='grc' dir='ltr'><em>ὕστερον</em></span> <span class='ocrx_word' id='word_1_128' title='bbox 1484 975 1617 1030; x_wconf 79' lang='grc' dir='ltr'><em>δηλοῖ.</em></span> <span class='ocrx_word' id='word_1_129' title='bbox 1662 992 1743 1018; x_wconf 84' lang='grc' dir='ltr'><strong>πν-</strong></span> 
     </span>
     <span class='ocr_line' id='line_1_16' title="bbox 294 1022 1747 1088; baseline 0.006 -24"><span class='ocrx_word' id='word_1_130' title='bbox 294 1022 388 1074; x_wconf 78' lang='grc' dir='ltr'><strong>κτός</strong></span> <span class='ocrx_word' id='word_1_131' title='bbox 415 1028 530 1082; x_wconf 86' lang='lat' dir='ltr'><strong>apud</strong></span> <span class='ocrx_word' id='word_1_132' title='bbox 555 1028 780 1069; x_wconf 83' lang='lat' dir='ltr'><strong><em>Homerum</em></strong></span> <span class='ocrx_word' id='word_1_133' title='bbox 801 1029 970 1070; x_wconf 83' lang='lat' dir='ltr'><em>abacum</em></span> <span class='ocrx_word' id='word_1_134' title='bbox 997 1045 1063 1070; x_wconf 80' lang='lat' dir='ltr'><strong>seu</strong></span> <span class='ocrx_word' id='word_1_135' title='bbox 1086 1030 1268 1071; x_wconf 78' lang='lat' dir='ltr'><strong>tabulam</strong></span> <span class='ocrx_word' id='word_1_136' title='bbox 1293 1029 1523 1085; x_wconf 54' lang='lat' dir='ltr'><strong>significat,</strong></span> <span class='ocrx_word' id='word_1_137' title='bbox 1550 1031 1663 1088; x_wconf 83' lang='lat' dir='ltr'><strong>apud</strong></span> <span class='ocrx_word' id='word_1_138' title='bbox 1675 1044 1747 1072; x_wconf 47' lang='lat' dir='ltr'><strong>&#39;m&#39;-</strong></span> 
     </span>
     <span class='ocr_line' id='line_1_17' title="bbox 293 1082 729 1137; baseline 0.007 -18"><span class='ocrx_word' id='word_1_139' title='bbox 293 1082 484 1121; x_wconf 78' lang='lat' dir='ltr'><strong>centiores</strong></span> <span class='ocrx_word' id='word_1_140' title='bbox 507 1083 729 1137; x_wconf 80' lang='lat' dir='ltr'><strong>epistolam.</strong></span> 
     </span>
    </p>

    <p class='ocr_par' dir='ltr' id='par_1_6' title="bbox 290 1134 1745 1685">
     <span class='ocr_line' id='line_1_18' title="bbox 405 1134 1745 1198; baseline 0.004 -22"><span class='ocrx_word' id='word_1_141' title='bbox 405 1135 456 1176; x_wconf 89' lang='lat' dir='ltr'><strong>P.</strong></span> <span class='ocrx_word' id='word_1_142' title='bbox 493 1137 580 1189; x_wconf 80' lang='lat'>106,</span> <span class='ocrx_word' id='word_1_143' title='bbox 616 1153 679 1178; x_wconf 83' lang='lat'><strong>22.</strong></span> <span class='ocrx_word' id='word_1_144' title='bbox 750 1135 773 1178; x_wconf 82' lang='grc' dir='ltr'>ὅ</span> <span class='ocrx_word' id='word_1_145' title='bbox 816 1137 863 1178; x_wconf 79' lang='grc' dir='ltr'><strong>δὲ</strong></span> <span class='ocrx_word' id='word_1_146' title='bbox 890 1138 1021 1191; x_wconf 79' lang='grc' dir='ltr'><em>μέγας</em></span> <span class='ocrx_word' id='word_1_147' title='bbox 1042 1134 1284 1194; x_wconf 71' lang='grc' dir='ltr'><em>μαγίστωρ]</em></span> <span class='ocrx_word' id='word_1_148' title='bbox 1355 1140 1540 1192; x_wconf 72' lang='lat' dir='ltr'><strong>Magnus·</strong></span> <span class='ocrx_word' id='word_1_149' title='bbox 1556 1141 1745 1198; x_wconf 78' lang='lat' dir='ltr'><strong>magister</strong></span> 
     </span>
     <span class='ocr_line' id='line_1_19' title="bbox 293 1188 1742 1248; baseline 0.006 -20"><span class='ocrx_word' id='word_1_150' title='bbox 293 1188 460 1229; x_wconf 87' lang='lat' dir='ltr'><strong>militiae</strong></span> <span class='ocrx_word' id='word_1_151' title='bbox 501 1192 898 1248; x_wconf 84' lang='lat' dir='ltr'><strong>Hierosolymitanae</strong></span> <span class='ocrx_word' id='word_1_152' title='bbox 946 1201 1043 1233; x_wconf 90' lang='lat' dir='ltr'><strong>tunc</strong></span> <span class='ocrx_word' id='word_1_153' title='bbox 1101 1194 1177 1233; x_wconf 87' lang='lat' dir='ltr'><strong>fuit</strong></span> <span class='ocrx_word' id='word_1_154' title='bbox 1215 1195 1360 1234; x_wconf 85' lang='lat' dir='ltr'><strong>Frater</strong></span> <span class='ocrx_word' id='word_1_155' title='bbox 1403 1194 1656 1236; x_wconf 66' lang='lat' dir='ltr'><strong>philibertus</strong></span> <span class='ocrx_word' id='word_1_156' title='bbox 1688 1196 1742 1246; x_wconf 71' lang='lat' dir='ltr'><strong>de</strong></span> 
     </span>
     <span class='ocr_line' id='line_1_20' title="bbox 292 1244 1743 1304; baseline 0.005 -21"><span class='ocrx_word' id='word_1_157' title='bbox 292 1244 479 1293; x_wconf 85' lang='lat' dir='ltr'><strong>Nailaco,</strong></span> <span class='ocrx_word' id='word_1_158' title='bbox 518 1250 679 1288; x_wconf 89' lang='lat' dir='ltr'><strong>natione</strong></span> <span class='ocrx_word' id='word_1_159' title='bbox 725 1247 893 1299; x_wconf 84' lang='lat' dir='ltr'>Gallus,</span> <span class='ocrx_word' id='word_1_160' title='bbox 937 1255 978 1288; x_wconf 89' lang='lat' dir='ltr'><strong>et</strong></span> <span class='ocrx_word' id='word_1_161' title='bbox 1003 1255 1223 1302; x_wconf 86' lang='lat' dir='ltr'><strong>antequam</strong></span> <span class='ocrx_word' id='word_1_162' title='bbox 1252 1263 1420 1303; x_wconf 85' lang='lat' dir='ltr'><strong>magnus</strong></span> <span class='ocrx_word' id='word_1_163' title='bbox 1447 1251 1635 1304; x_wconf 82' lang='lat' dir='ltr'><strong>magister</strong></span> <span class='ocrx_word' id='word_1_164' title='bbox 1659 1251 1743 1290; x_wconf 82' lang='lat' dir='ltr'><strong>ele-</strong></span> 
     </span>
     <span class='ocr_line' id='line_1_21' title="bbox 291 1300 1742 1357; baseline 0.005 -20"><span class='ocrx_word' id='word_1_165' title='bbox 291 1305 380 1340; x_wconf 82' lang='lat' dir='ltr'><strong>ctus</strong></span> <span class='ocrx_word' id='word_1_166' title='bbox 405 1300 568 1353; x_wconf 89' lang='lat' dir='ltr'><strong>fuisset,</strong></span> <span class='ocrx_word' id='word_1_167' title='bbox 609 1303 854 1357; x_wconf 87' lang='lat' dir='ltr'><strong>Aquitaniae</strong></span> <span class='ocrx_word' id='word_1_168' title='bbox 891 1302 1024 1342; x_wconf 89' lang='lat' dir='ltr'><strong>Prior.</strong></span> <span class='ocrx_word' id='word_1_169' title='bbox 1064 1311 1222 1343; x_wconf 89' lang='lat' dir='ltr'><strong>creatus</strong></span> <span class='ocrx_word' id='word_1_170' title='bbox 1251 1303 1327 1344; x_wconf 85' lang='lat' dir='ltr'><strong>fuit</strong></span> <span class='ocrx_word' id='word_1_171' title='bbox 1363 1304 1742 1345; x_wconf 57' lang='lat' dir='ltr'><strong>sociorumsuffra-</strong></span> 
     </span>
     <span class='ocr_line' id='line_1_22' title="bbox 291 1353 1742 1414; baseline 0.006 -23"><span class='ocrx_word' id='word_1_172' title='bbox 291 1353 369 1405; x_wconf 83' lang='lat' dir='ltr'><strong>giis</strong></span> <span class='ocrx_word' id='word_1_173' title='bbox 409 1369 516 1395; x_wconf 87' lang='lat' dir='ltr'><strong>anno</strong></span> <span class='ocrx_word' id='word_1_174' title='bbox 555 1358 683 1411; x_wconf 79' lang='lat'>1595,</span> <span class='ocrx_word' id='word_1_175' title='bbox 725 1366 771 1397; x_wconf 88' lang='lat' dir='ltr'><strong>ut</strong></span> <span class='ocrx_word' id='word_1_176' title='bbox 795 1357 868 1396; x_wconf 91' lang='lat' dir='ltr'><strong>lib.</strong></span> <span class='ocrx_word' id='word_1_177' title='bbox 898 1356 926 1408; x_wconf 75' lang='grc'><em>4</em></span> <span class='ocrx_word' id='word_1_178' title='bbox 954 1358 1078 1397; x_wconf 80' lang='lat' dir='ltr'><strong>tradit</strong></span> <span class='ocrx_word' id='word_1_179' title='bbox 1118 1358 1288 1398; x_wconf 84' lang='lat' dir='ltr'><strong>Iacobus</strong></span> <span class='ocrx_word' id='word_1_180' title='bbox 1316 1359 1468 1399; x_wconf 90' lang='lat' dir='ltr'><strong>Bosius.</strong></span> <span class='ocrx_word' id='word_1_181' title='bbox 1495 1373 1605 1399; x_wconf 79' lang='lat' dir='ltr'><strong>anno</strong></span> <span class='ocrx_word' id='word_1_182' title='bbox 1640 1360 1742 1414; x_wconf 73' lang='lat'><strong>¹4⁰9</strong></span> 
     </span>
     <span class='ocr_line' id='line_1_23' title="bbox 291 1409 1742 1468; baseline 0.004 -20"><span class='ocrx_word' id='word_1_183' title='bbox 291 1409 407 1449; x_wconf 84' lang='lat' dir='ltr'>Pisas</span> <span class='ocrx_word' id='word_1_184' title='bbox 435 1411 593 1465; x_wconf 86' lang='lat' dir='ltr'><strong>appulit</strong></span> <span class='ocrx_word' id='word_1_185' title='bbox 622 1413 673 1452; x_wconf 87' lang='lat' dir='ltr'><strong>ad</strong></span> <span class='ocrx_word' id='word_1_186' title='bbox 705 1412 930 1452; x_wconf 89' lang='lat' dir='ltr'><strong>Concilium</strong></span> <span class='ocrx_word' id='word_1_187' title='bbox 966 1413 1166 1465; x_wconf 87' lang='lat' dir='ltr'><strong>proficisci</strong></span> <span class='ocrx_word' id='word_1_188' title='bbox 1209 1414 1408 1468; x_wconf 81' lang='lat' dir='ltr'><strong>cogitans,</strong></span> <span class='ocrx_word' id='word_1_189' title='bbox 1438 1421 1480 1454; x_wconf 84' lang='lat' dir='ltr'><strong>et:</strong></span> <span class='ocrx_word' id='word_1_190' title='bbox 1504 1414 1742 1455; x_wconf 75' lang='lat' dir='ltr'><strong>Constanti-</strong></span> 
     </span>
     <span class='ocr_line' id='line_1_24' title="bbox 290 1463 1740 1523; baseline 0.005 -22"><span class='ocrx_word' id='word_1_191' title='bbox 290 1464 377 1503; x_wconf 89' lang='lat' dir='ltr'><strong>ensi</strong></span> <span class='ocrx_word' id='word_1_192' title='bbox 410 1463 606 1506; x_wconf 83' lang='lat' dir='ltr'><strong>interfuit.</strong></span> <span class='ocrx_word' id='word_1_193' title='bbox 678 1467 870 1506; x_wconf 89' lang='lat' dir='ltr'><strong>Rhodum</strong></span> <span class='ocrx_word' id='word_1_194' title='bbox 898 1466 1043 1506; x_wconf 89' lang='lat' dir='ltr'><strong>deinde</strong></span> <span class='ocrx_word' id='word_1_195' title='bbox 1065 1467 1188 1507; x_wconf 85' lang='lat' dir='ltr'><strong>rediit</strong></span> <span class='ocrx_word' id='word_1_196' title='bbox 1216 1468 1463 1520; x_wconf 71' lang='lat' dir='ltr'><strong>ann0142o,</strong></span> <span class='ocrx_word' id='word_1_197' title='bbox 1491 1476 1531 1508; x_wconf 86' lang='lat' dir='ltr'><strong>et</strong></span> <span class='ocrx_word' id='word_1_198' title='bbox 1555 1469 1740 1523; x_wconf 79' lang='lat' dir='ltr'><strong>sequenti</strong></span> 
     </span>
     <span class='ocr_line' id='line_1_25' title="bbox 297 1516 1738 1569; baseline 0.006 -13"><span class='ocrx_word' id='word_1_199' title='bbox 297 1516 394 1569; x_wconf 72' lang='lat'><strong>¹4²¹</strong></span> <span class='ocrx_word' id='word_1_200' title='bbox 427 1520 550 1569; x_wconf 89' lang='lat' dir='ltr'><strong>obiit,</strong></span> <span class='ocrx_word' id='word_1_201' title='bbox 593 1527 639 1560; x_wconf 86' lang='lat' dir='ltr'><strong>ut</strong></span> <span class='ocrx_word' id='word_1_202' title='bbox 674 1521 782 1560; x_wconf 90' lang='lat' dir='ltr'><strong>idem</strong></span> <span class='ocrx_word' id='word_1_203' title='bbox 819 1521 964 1560; x_wconf 91' lang='lat' dir='ltr'><strong>Bosius</strong></span> <span class='ocrx_word' id='word_1_204' title='bbox 1002 1521 1069 1560; x_wconf 90' lang='lat' dir='ltr'><strong>lib.</strong></span> <span class='ocrx_word' id='word_1_205' title='bbox 1103 1523 1127 1562; x_wconf 85' lang='lat'><strong>5</strong></span> <span class='ocrx_word' id='word_1_206' title='bbox 1165 1528 1349 1561; x_wconf 87' lang='lat' dir='ltr'><strong>testatur.</strong></span> <span class='ocrx_word' id='word_1_207' title='bbox 1378 1536 1522 1563; x_wconf 86' lang='lat' dir='ltr'><strong>verum</strong></span> <span class='ocrx_word' id='word_1_208' title='bbox 1553 1523 1606 1563; x_wconf 86' lang='lat' dir='ltr'><strong>de</strong></span> <span class='ocrx_word' id='word_1_209' title='bbox 1629 1523 1738 1564; x_wconf 79' lang='lat' dir='ltr'><strong>iuius</strong></span> 
     </span>
     <span class='ocr_line' id='line_1_26' title="bbox 291 1571 1739 1631; baseline 0.004 -20"><span class='ocrx_word' id='word_1_210' title='bbox 291 1571 453 1626; x_wconf 87' lang='lat' dir='ltr'><strong>incepto</strong></span> <span class='ocrx_word' id='word_1_211' title='bbox 470 1576 667 1629; x_wconf 82' lang='lat' dir='ltr'><strong>Smyrnae</strong></span> <span class='ocrx_word' id='word_1_212' title='bbox 686 1583 862 1615; x_wconf 81' lang='lat' dir='ltr'><strong>castrum</strong></span> <span class='ocrx_word' id='word_1_213' title='bbox 885 1577 1036 1615; x_wconf 86' lang='lat' dir='ltr'><strong>iterum</strong></span> <span class='ocrx_word' id='word_1_214' title='bbox 1063 1576 1262 1615; x_wconf 84' lang='lat' dir='ltr'><strong>excitandi</strong></span> <span class='ocrx_word' id='word_1_215' title='bbox 1292 1577 1422 1631; x_wconf 85' lang='lat' dir='ltr'><strong>deque</strong></span> <span class='ocrx_word' id='word_1_216' title='bbox 1447 1591 1543 1616; x_wconf 90' lang='lat' dir='ltr'><strong>cum</strong></span> <span class='ocrx_word' id='word_1_217' title='bbox 1566 1575 1739 1618; x_wconf 81' lang='lat' dir='ltr'><strong>Sultano</strong></span> 
     </span>
     <span class='ocr_line' id='line_1_27' title="bbox 290 1627 1734 1685; baseline 0.003 -18"><span class='ocrx_word' id='word_1_218' title='bbox 290 1627 517 1668; x_wconf 88' lang='lat' dir='ltr'><strong>Mehemete</strong></span> <span class='ocrx_word' id='word_1_219' title='bbox 546 1629 756 1685; x_wconf 83' lang='lat' dir='ltr'><strong>colloquiis</strong></span> <span class='ocrx_word' id='word_1_220' title='bbox 784 1630 953 1671; x_wconf 85' lang='lat' dir='ltr'><strong>verbum</strong></span> <span class='ocrx_word' id='word_1_221' title='bbox 979 1629 1135 1670; x_wconf 90' lang='lat' dir='ltr'><strong>nullum</strong></span> <span class='ocrx_word' id='word_1_222' title='bbox 1168 1631 1277 1670; x_wconf 84' lang='lat' dir='ltr'><strong>facit.</strong></span> <span class='ocrx_word' id='word_1_223' title='bbox 1731 1659 1734 1661; x_wconf 20' lang='grc' dir='ltr'><strong>Δ</strong></span> 
     </span>
    </p>

    <p class='ocr_par' dir='ltr' id='par_1_7' title="bbox 286 1683 1741 2160">
     <span class='ocr_line' id='line_1_28' title="bbox 401 1683 1736 1739; baseline 0.001 -17"><span class='ocrx_word' id='word_1_224' title='bbox 401 1683 450 1722; x_wconf 85' lang='grc' dir='ltr'><strong>Ρ.</strong></span> <span class='ocrx_word' id='word_1_225' title='bbox 487 1697 578 1737; x_wconf 87' lang='lat'>109,</span> <span class='ocrx_word' id='word_1_226' title='bbox 608 1685 647 1724; x_wconf 79' lang='lat'><strong>5.</strong></span> <span class='ocrx_word' id='word_1_227' title='bbox 702 1684 775 1725; x_wconf 79' lang='grc' dir='ltr'><strong>τοῦ</strong></span> <span class='ocrx_word' id='word_1_228' title='bbox 804 1685 1076 1739; x_wconf 79' lang='grc' dir='ltr'><strong>Σουσμανοῦ]</strong></span> <span class='ocrx_word' id='word_1_229' title='bbox 1134 1685 1355 1726; x_wconf 84' lang='lat' dir='ltr'><strong>susmanus</strong></span> <span class='ocrx_word' id='word_1_230' title='bbox 1385 1684 1454 1724; x_wconf 88' lang='lat' dir='ltr'><strong>ille</strong></span> <span class='ocrx_word' id='word_1_231' title='bbox 1483 1684 1638 1739; x_wconf 80' lang='lat' dir='ltr'><strong>Mysiae</strong></span> <span class='ocrx_word' id='word_1_232' title='bbox 1669 1684 1736 1724; x_wconf 85' lang='lat' dir='ltr'><strong>in-</strong></span> 
     </span>
     <span class='ocr_line' id='line_1_29' title="bbox 290 1737 1736 1792; baseline 0.002 -16"><span class='ocrx_word' id='word_1_233' title='bbox 290 1737 452 1777; x_wconf 80' lang='lat' dir='ltr'><strong>ferioris</strong></span> <span class='ocrx_word' id='word_1_234' title='bbox 476 1737 555 1777; x_wconf 84' lang='lat' dir='ltr'><strong>dux</strong></span> <span class='ocrx_word' id='word_1_235' title='bbox 587 1739 691 1787; x_wconf 84' lang='lat' dir='ltr'><strong>fuit,</strong></span> <span class='ocrx_word' id='word_1_236' title='bbox 723 1754 747 1778; x_wconf 87' lang='lat' dir='ltr'><strong>a</strong></span> <span class='ocrx_word' id='word_1_237' title='bbox 774 1740 948 1778; x_wconf 85' lang='lat' dir='ltr'><strong>Baiazite</strong></span> <span class='ocrx_word' id='word_1_238' title='bbox 974 1741 1090 1779; x_wconf 88' lang='lat' dir='ltr'><strong>vivus</strong></span> <span class='ocrx_word' id='word_1_239' title='bbox 1118 1747 1261 1792; x_wconf 82' lang='lat' dir='ltr'><strong>captus</strong></span> <span class='ocrx_word' id='word_1_240' title='bbox 1290 1746 1331 1779; x_wconf 84' lang='lat' dir='ltr'><strong>et</strong></span> <span class='ocrx_word' id='word_1_241' title='bbox 1358 1741 1400 1778; x_wconf 92' lang='lat' dir='ltr'><strong>in</strong></span> <span class='ocrx_word' id='word_1_242' title='bbox 1427 1753 1634 1780; x_wconf 83' lang='lat' dir='ltr'><strong>carcerem</strong></span> <span class='ocrx_word' id='word_1_243' title='bbox 1661 1739 1736 1779; x_wconf 83' lang='lat' dir='ltr'><strong>de-</strong></span> 
     </span>
     <span class='ocr_line' id='line_1_30' title="bbox 288 1793 1741 1848; baseline 0.002 -18"><span class='ocrx_word' id='word_1_244' title='bbox 288 1798 436 1831; x_wconf 80' lang='lat' dir='ltr'><strong>trusus.</strong></span> <span class='ocrx_word' id='word_1_245' title='bbox 467 1799 515 1831; x_wconf 88' lang='lat' dir='ltr'><strong>ut</strong></span> <span class='ocrx_word' id='word_1_246' title='bbox 542 1794 667 1833; x_wconf 88' lang='lat' dir='ltr'><strong>vitam</strong></span> <span class='ocrx_word' id='word_1_247' title='bbox 682 1795 931 1847; x_wconf 81' lang='lat' dir='ltr'><strong>impetraret,</strong></span> <span class='ocrx_word' id='word_1_248' title='bbox 967 1794 1071 1833; x_wconf 83' lang='lat' dir='ltr'><strong>filius</strong></span> <span class='ocrx_word' id='word_1_249' title='bbox 1099 1795 1205 1848; x_wconf 86' lang='lat' dir='ltr'><strong>patri</strong></span> <span class='ocrx_word' id='word_1_250' title='bbox 1239 1793 1493 1848; x_wconf 86' lang='lat' dir='ltr'><strong>cognominis</strong></span> <span class='ocrx_word' id='word_1_251' title='bbox 1519 1793 1741 1834; x_wconf 73' lang='lat' dir='ltr'><strong>musulma-</strong></span> 
     </span>
     <span class='ocr_line' id='line_1_31' title="bbox 289 1847 1737 1904; baseline 0.003 -20"><span class='ocrx_word' id='word_1_252' title='bbox 289 1847 483 1894; x_wconf 89' lang='lat' dir='ltr'><strong>nissavit,</strong></span> <span class='ocrx_word' id='word_1_253' title='bbox 522 1849 632 1900; x_wconf 88' lang='lat' dir='ltr'><strong>quod</strong></span> <span class='ocrx_word' id='word_1_254' title='bbox 668 1863 692 1887; x_wconf 92' lang='lat' dir='ltr'><strong>a</strong></span> <span class='ocrx_word' id='word_1_255' title='bbox 727 1849 975 1888; x_wconf 88' lang='lat' dir='ltr'><strong>Leunclavio</strong></span> <span class='ocrx_word' id='word_1_256' title='bbox 1011 1848 1080 1888; x_wconf 90' lang='lat' dir='ltr'><strong>lib.</strong></span> <span class='ocrx_word' id='word_1_257' title='bbox 1125 1849 1151 1890; x_wconf 88' lang='lat'><strong>5</strong></span> <span class='ocrx_word' id='word_1_258' title='bbox 1194 1850 1387 1904; x_wconf 88' lang='lat' dir='ltr'><strong>scriptum</strong></span> <span class='ocrx_word' id='word_1_259' title='bbox 1422 1856 1493 1889; x_wconf 87' lang='lat' dir='ltr'><strong>est.</strong></span> <span class='ocrx_word' id='word_1_260' title='bbox 1550 1850 1737 1889; x_wconf 82' lang='lat' dir='ltr'><strong>Susmani</strong></span> 
     </span>
     <span class='ocr_line' id='line_1_32' title="bbox 287 1901 1736 1956; baseline 0.003 -17"><span class='ocrx_word' id='word_1_261' title='bbox 287 1901 489 1940; x_wconf 87' lang='lat' dir='ltr'><strong>Laonicus</strong></span> <span class='ocrx_word' id='word_1_262' title='bbox 516 1917 677 1956; x_wconf 88' lang='lat' dir='ltr'><strong>quoque</strong></span> <span class='ocrx_word' id='word_1_263' title='bbox 704 1902 773 1942; x_wconf 92' lang='lat' dir='ltr'><strong>lib.</strong></span> <span class='ocrx_word' id='word_1_264' title='bbox 808 1917 821 1943; x_wconf 90' lang='lat'>1</span> <span class='ocrx_word' id='word_1_265' title='bbox 858 1905 1101 1943; x_wconf 86' lang='lat' dir='ltr'><strong>mentionem</strong></span> <span class='ocrx_word' id='word_1_266' title='bbox 1130 1904 1263 1944; x_wconf 89' lang='lat' dir='ltr'><strong>habet.</strong></span> <span class='ocrx_word' id='word_1_267' title='bbox 1322 1905 1621 1943; x_wconf 83' lang='lat' dir='ltr'><strong>Cantacuzenus</strong></span> <span class='ocrx_word' id='word_1_268' title='bbox 1648 1917 1736 1943; x_wconf 85' lang='lat' dir='ltr'><strong>me-</strong></span> 
     </span>
     <span class='ocr_line' id='line_1_33' title="bbox 286 1957 1738 2012; baseline 0.003 -18"><span class='ocrx_word' id='word_1_269' title='bbox 286 1957 406 1995; x_wconf 89' lang='lat' dir='ltr'><strong>minit</strong></span> <span class='ocrx_word' id='word_1_270' title='bbox 434 1958 555 1996; x_wconf 86' lang='lat' dir='ltr'><strong>etiam</strong></span> <span class='ocrx_word' id='word_1_271' title='bbox 598 1958 668 1997; x_wconf 90' lang='lat' dir='ltr'><strong>lib.</strong></span> <span class='ocrx_word' id='word_1_272' title='bbox 699 1959 721 1997; x_wconf 80' lang='lat'>5</span> <span class='ocrx_word' id='word_1_273' title='bbox 752 1973 840 2011; x_wconf 83' lang='lat' dir='ltr'><strong>cap.</strong></span> <span class='ocrx_word' id='word_1_274' title='bbox 873 1972 895 1997; x_wconf 83' lang='lat'>2</span> <span class='ocrx_word' id='word_1_275' title='bbox 925 1959 1129 2008; x_wconf 83' lang='lat' dir='ltr'><strong>Sismani3</strong></span> <span class='ocrx_word' id='word_1_276' title='bbox 1180 1961 1249 2012; x_wconf 85' lang='lat' dir='ltr'><strong>qui</strong></span> <span class='ocrx_word' id='word_1_277' title='bbox 1291 1958 1499 1998; x_wconf 79' lang='lat' dir='ltr'><strong>Michaelis</strong></span> <span class='ocrx_word' id='word_1_278' title='bbox 1526 1958 1738 2012; x_wconf 84' lang='lat' dir='ltr'><strong>Mysorum</strong></span> 
     </span>
     <span class='ocr_line' id='line_1_34' title="bbox 287 2011 1737 2066; baseline 0.003 -18"><span class='ocrx_word' id='word_1_279' title='bbox 287 2011 393 2063; x_wconf 80' lang='lat' dir='ltr'><strong>regis</strong></span> <span class='ocrx_word' id='word_1_280' title='bbox 421 2011 526 2051; x_wconf 84' lang='lat' dir='ltr'><strong>filius</strong></span> <span class='ocrx_word' id='word_1_281' title='bbox 552 2020 658 2063; x_wconf 86' lang='lat' dir='ltr'><strong>erat,</strong></span> <span class='ocrx_word' id='word_1_282' title='bbox 685 2012 757 2065; x_wconf 89' lang='lat' dir='ltr'><strong>qui</strong></span> <span class='ocrx_word' id='word_1_283' title='bbox 785 2013 835 2052; x_wconf 90' lang='lat' dir='ltr'><strong>ad</strong></span> <span class='ocrx_word' id='word_1_284' title='bbox 865 2014 1020 2052; x_wconf 77' lang='lat' dir='ltr'><strong>Tui-cos</strong></span> <span class='ocrx_word' id='word_1_285' title='bbox 1053 2015 1242 2066; x_wconf 83' lang='lat' dir='ltr'><strong>primum,</strong></span> <span class='ocrx_word' id='word_1_286' title='bbox 1272 2013 1419 2053; x_wconf 89' lang='lat' dir='ltr'><strong>deinde</strong></span> <span class='ocrx_word' id='word_1_287' title='bbox 1449 2012 1612 2066; x_wconf 89' lang='lat' dir='ltr'><strong>Cpolim</strong></span> <span class='ocrx_word' id='word_1_288' title='bbox 1636 2027 1737 2065; x_wconf 87' lang='lat' dir='ltr'><strong>pro-</strong></span> 
     </span>
     <span class='ocr_line' id='line_1_35' title="bbox 287 2065 1740 2123; baseline 0.002 -20"><span class='ocrx_word' id='word_1_289' title='bbox 287 2065 403 2118; x_wconf 80' lang='lat' dir='ltr'><strong>fugit.</strong></span> <span class='ocrx_word' id='word_1_290' title='bbox 432 2065 547 2106; x_wconf 89' lang='lat' dir='ltr'><strong>illum</strong></span> <span class='ocrx_word' id='word_1_291' title='bbox 576 2068 783 2122; x_wconf 85' lang='lat' dir='ltr'><strong>repetebat</strong></span> <span class='ocrx_word' id='word_1_292' title='bbox 810 2067 1042 2108; x_wconf 87' lang='lat' dir='ltr'><strong>Alexander</strong></span> <span class='ocrx_word' id='word_1_293' title='bbox 1069 2069 1277 2123; x_wconf 84' lang='lat' dir='ltr'><strong>Mysorum</strong></span> <span class='ocrx_word' id='word_1_294' title='bbox 1308 2082 1405 2120; x_wconf 86' lang='lat' dir='ltr'><strong>rex,</strong></span> <span class='ocrx_word' id='word_1_295' title='bbox 1448 2070 1519 2121; x_wconf 83' lang='lat' dir='ltr'><strong>qui</strong></span> <span class='ocrx_word' id='word_1_296' title='bbox 1548 2067 1740 2108; x_wconf 84' lang='lat' dir='ltr'><strong>Michaeli</strong></span> 
     </span>
     <span class='ocr_line' id='line_1_36' title="bbox 289 2128 546 2160; baseline 0.004 -1"><span class='ocrx_word' id='word_1_297' title='bbox 289 2128 546 2160; x_wconf 84' lang='lat' dir='ltr'><strong>successerat.</strong></span> 
     </span>
    </p>

    <p class='ocr_par' dir='ltr' id='par_1_8' title="bbox 287 2174 1739 2776">
     <span class='ocr_line' id='line_1_37' title="bbox 373 2174 1739 2231; baseline 0.004 -18"><span class='ocrx_word' id='word_1_298' title='bbox 373 2174 450 2213; x_wconf 70' lang='lat' dir='ltr'><strong>&#39;P.</strong></span> <span class='ocrx_word' id='word_1_299' title='bbox 488 2190 573 2229; x_wconf 84' lang='lat'>109,</span> <span class='ocrx_word' id='word_1_300' title='bbox 606 2193 643 2231; x_wconf 85' lang='lat'><strong>7.</strong></span> <span class='ocrx_word' id='word_1_301' title='bbox 701 2174 806 2216; x_wconf 75' lang='grc' dir='ltr'><em>κατὰ</em></span> <span class='ocrx_word' id='word_1_302' title='bbox 839 2177 915 2216; x_wconf 76' lang='grc' dir='ltr'><strong>τοῦ</strong></span> <span class='ocrx_word' id='word_1_303' title='bbox 952 2174 1116 2224; x_wconf 84' lang='grc' dir='ltr'><em>Δουκός</em></span> <span class='ocrx_word' id='word_1_304' title='bbox 1145 2175 1328 2230; x_wconf 81' lang='grc' dir='ltr'><strong><em>Ναξίας]</em></strong></span> <span class='ocrx_word' id='word_1_305' title='bbox 1388 2176 1658 2217; x_wconf 85' lang='lat' dir='ltr'><strong>Leunclavius</strong></span> <span class='ocrx_word' id='word_1_306' title='bbox 1688 2177 1739 2218; x_wconf 82' lang='lat' dir='ltr'><strong>de</strong></span> 
     </span>
     <span class='ocr_line' id='line_1_38' title="bbox 288 2227 1738 2285; baseline 0.002 -18"><span class='ocrx_word' id='word_1_307' title='bbox 288 2227 361 2268; x_wconf 88' lang='lat' dir='ltr'><strong>illo</strong></span> <span class='ocrx_word' id='word_1_308' title='bbox 387 2228 495 2269; x_wconf 84' lang='lat' dir='ltr'><strong>bello</strong></span> <span class='ocrx_word' id='word_1_309' title='bbox 525 2239 564 2270; x_wconf 85' lang='lat' dir='ltr'><strong>et</strong></span> <span class='ocrx_word' id='word_1_310' title='bbox 590 2231 748 2285; x_wconf 88' lang='lat' dir='ltr'><strong>praelio</strong></span> <span class='ocrx_word' id='word_1_311' title='bbox 774 2231 875 2270; x_wconf 85' lang='lat' dir='ltr'><strong>nihil</strong></span> <span class='ocrx_word' id='word_1_312' title='bbox 905 2232 1039 2271; x_wconf 88' lang='lat' dir='ltr'><strong>habet.</strong></span> <span class='ocrx_word' id='word_1_313' title='bbox 1098 2233 1323 2281; x_wconf 90' lang='lat' dir='ltr'><strong>Laonicus‚</strong></span> <span class='ocrx_word' id='word_1_314' title='bbox 1353 2230 1420 2270; x_wconf 91' lang='lat' dir='ltr'><strong>lib.</strong></span> <span class='ocrx_word' id='word_1_315' title='bbox 1451 2232 1480 2281; x_wconf 76' lang='grc'><em>4</em></span> <span class='ocrx_word' id='word_1_316' title='bbox 1512 2245 1594 2270; x_wconf 90' lang='lat' dir='ltr'><strong>non</strong></span> <span class='ocrx_word' id='word_1_317' title='bbox 1621 2231 1738 2284; x_wconf 84' lang='lat' dir='ltr'><strong>longe</strong></span> 
     </span>
     <span class='ocr_line' id='line_1_39' title="bbox 289 2283 1738 2334; baseline 0.002 -13"><span class='ocrx_word' id='word_1_318' title='bbox 289 2297 312 2322; x_wconf 90' lang='lat' dir='ltr'><strong>a</strong></span> <span class='ocrx_word' id='word_1_319' title='bbox 342 2283 448 2330; x_wconf 83' lang='lat' dir='ltr'><strong>fine,</strong></span> <span class='ocrx_word' id='word_1_320' title='bbox 480 2299 592 2325; x_wconf 90' lang='lat' dir='ltr'><strong>more</strong></span> <span class='ocrx_word' id='word_1_321' title='bbox 621 2301 693 2327; x_wconf 91' lang='lat' dir='ltr'><strong>suo</strong></span> <span class='ocrx_word' id='word_1_322' title='bbox 733 2287 903 2326; x_wconf 87' lang='lat' dir='ltr'><strong>confuso</strong></span> <span class='ocrx_word' id='word_1_323' title='bbox 936 2294 975 2326; x_wconf 86' lang='lat' dir='ltr'><strong>et</strong></span> <span class='ocrx_word' id='word_1_324' title='bbox 1002 2287 1189 2326; x_wconf 78' lang='lat' dir='ltr'><strong>intricate</strong></span> <span class='ocrx_word' id='word_1_325' title='bbox 1218 2285 1319 2325; x_wconf 90' lang='lat' dir='ltr'><strong>illud</strong></span> <span class='ocrx_word' id='word_1_326' title='bbox 1340 2293 1502 2334; x_wconf 84' lang='lat' dir='ltr'><strong>narrat,</strong></span> <span class='ocrx_word' id='word_1_327' title='bbox 1533 2293 1573 2325; x_wconf 86' lang='lat' dir='ltr'><strong>et</strong></span> <span class='ocrx_word' id='word_1_328' title='bbox 1600 2284 1738 2325; x_wconf 85' lang='lat' dir='ltr'><strong>classis</strong></span> 
     </span>
     <span class='ocr_line' id='line_1_40' title="bbox 287 2338 1739 2381; baseline 0.003 -6"><span class='ocrx_word' id='word_1_329' title='bbox 287 2338 467 2376; x_wconf 88' lang='lat' dir='ltr'><strong>Venetae</strong></span> <span class='ocrx_word' id='word_1_330' title='bbox 504 2341 648 2381; x_wconf 88' lang='lat' dir='ltr'><strong>ducem</strong></span> <span class='ocrx_word' id='word_1_331' title='bbox 684 2341 806 2381; x_wconf 83' lang='lat' dir='ltr'><strong>fuisse</strong></span> <span class='ocrx_word' id='word_1_332' title='bbox 844 2342 1011 2380; x_wconf 87' lang='lat' dir='ltr'><strong>Petrum</strong></span> <span class='ocrx_word' id='word_1_333' title='bbox 1053 2340 1339 2380; x_wconf 84' lang='lat' dir='ltr'><strong>Lauredanum</strong></span> <span class='ocrx_word' id='word_1_334' title='bbox 1378 2340 1527 2380; x_wconf 85' lang='lat' dir='ltr'><strong>asserit.</strong></span> <span class='ocrx_word' id='word_1_335' title='bbox 1566 2355 1590 2379; x_wconf 86' lang='lat' dir='ltr'><strong>a</strong></span> <span class='ocrx_word' id='word_1_336' title='bbox 1622 2341 1739 2379; x_wconf 87' lang='lat' dir='ltr'><strong>Duca</strong></span> 
     </span>
     <span class='ocr_line' id='line_1_41' title="bbox 287 2391 1737 2450; baseline 0.001 -19"><span class='ocrx_word' id='word_1_337' title='bbox 287 2391 470 2431; x_wconf 85' lang='lat' dir='ltr'><strong>dissentit</strong></span> <span class='ocrx_word' id='word_1_338' title='bbox 505 2395 546 2432; x_wconf 86' lang='lat' dir='ltr'><strong>in</strong></span> <span class='ocrx_word' id='word_1_339' title='bbox 584 2410 632 2435; x_wconf 92' lang='lat' dir='ltr'><strong>eo</strong></span> <span class='ocrx_word' id='word_1_340' title='bbox 671 2396 781 2450; x_wconf 92' lang='lat' dir='ltr'><strong>quod</strong></span> <span class='ocrx_word' id='word_1_341' title='bbox 825 2396 988 2449; x_wconf 85' lang='lat' dir='ltr'><strong>scripsit</strong></span> <span class='ocrx_word' id='word_1_342' title='bbox 1025 2396 1075 2435; x_wconf 84' lang='lat' dir='ltr'><strong>de</strong></span> <span class='ocrx_word' id='word_1_343' title='bbox 1107 2397 1299 2443; x_wconf 88' lang='lat' dir='ltr'><strong>Venetis,</strong></span> <span class='ocrx_word' id='word_1_344' title='bbox 1328 2391 1403 2446; x_wconf 78' lang='grc' dir='ltr'><strong>τήν</strong></span> <span class='ocrx_word' id='word_1_345' title='bbox 1433 2407 1478 2433; x_wconf 83' lang='grc' dir='ltr'><strong>τε</strong></span> <span class='ocrx_word' id='word_1_346' title='bbox 1509 2391 1737 2444; x_wconf 78' lang='grc' dir='ltr'><em>Λάμψακα</em></span> 
     </span>
     <span class='ocr_line' id='line_1_42' title="bbox 288 2446 1738 2503; baseline 0.003 -19"><span class='ocrx_word' id='word_1_347' title='bbox 288 2446 507 2502; x_wconf 71' lang='grc' dir='ltr'><strong><em>πολιορκίᾳ</em></strong></span> <span class='ocrx_word' id='word_1_348' title='bbox 531 2448 846 2502; x_wconf 74' lang='grc' dir='ltr'><em>παρεστήσαντο</em></span> <span class='ocrx_word' id='word_1_349' title='bbox 863 2480 874 2500; x_wconf 91' lang='grc'><strong>,</strong></span> <span class='ocrx_word' id='word_1_350' title='bbox 914 2448 986 2490; x_wconf 83' lang='grc' dir='ltr'>καί</span> <span class='ocrx_word' id='word_1_351' title='bbox 1021 2447 1214 2503; x_wconf 73' lang='grc' dir='ltr'><em>φυλακήν</em></span> <span class='ocrx_word' id='word_1_352' title='bbox 1241 2449 1530 2502; x_wconf 77' lang='grc' dir='ltr'><em>ἐγκατέλιπον,</em></span> <span class='ocrx_word' id='word_1_353' title='bbox 1561 2449 1634 2488; x_wconf 75' lang='grc' dir='ltr'><strong>καί</strong></span> <span class='ocrx_word' id='word_1_354' title='bbox 1659 2446 1738 2487; x_wconf 79' lang='grc' dir='ltr'><strong>αὖ·</strong></span> 
     </span>
     <span class='ocr_line' id='line_1_43' title="bbox 290 2493 1738 2559; baseline 0.002 -21"><span class='ocrx_word' id='word_1_355' title='bbox 290 2498 358 2539; x_wconf 82' lang='grc' dir='ltr'><em>τοί</em></span> <span class='ocrx_word' id='word_1_356' title='bbox 383 2493 535 2556; x_wconf 73' lang='grc' dir='ltr'><em>ᾤχοντο</em></span> <span class='ocrx_word' id='word_1_357' title='bbox 565 2503 627 2542; x_wconf 79' lang='grc' dir='ltr'><strong>ἐπ’</strong></span> <span class='ocrx_word' id='word_1_358' title='bbox 655 2501 773 2544; x_wconf 86' lang='grc' dir='ltr'><em>οἴκου·</em></span> <span class='ocrx_word' id='word_1_359' title='bbox 799 2499 1098 2553; x_wconf 73' lang='grc' dir='ltr'><em>ἀποπλέοντες,</em></span> <span class='ocrx_word' id='word_1_360' title='bbox 1126 2505 1400 2559; x_wconf 78' lang='lat' dir='ltr'><strong>Lampsacum</strong></span> <span class='ocrx_word' id='word_1_361' title='bbox 1427 2503 1636 2543; x_wconf 80' lang='lat' dir='ltr'><strong>deditione</strong></span> <span class='ocrx_word' id='word_1_362' title='bbox 1664 2516 1738 2542; x_wconf 86' lang='lat' dir='ltr'><strong>ac-</strong></span> 
     </span>
     <span class='ocr_line' id='line_1_44' title="bbox 289 2558 1738 2614; baseline 0.001 -19"><span class='ocrx_word' id='word_1_363' title='bbox 289 2564 479 2609; x_wconf 79' lang='lat' dir='ltr'><strong>ceperunt</strong></span> <span class='ocrx_word' id='word_1_364' title='bbox 492 2585 504 2605; x_wconf 87' lang='lat'>‚</span> <span class='ocrx_word' id='word_1_365' title='bbox 532 2558 790 2614; x_wconf 80' lang='lat' dir='ltr'><strong>impositoque</strong></span> <span class='ocrx_word' id='word_1_366' title='bbox 825 2560 1030 2613; x_wconf 78' lang='lat' dir='ltr'><strong>praesidio</strong></span> <span class='ocrx_word' id='word_1_367' title='bbox 1062 2560 1223 2598; x_wconf 85' lang='lat' dir='ltr'><strong>domum</strong></span> <span class='ocrx_word' id='word_1_368' title='bbox 1248 2560 1549 2610; x_wconf 77' lang='lat' dir='ltr'><strong>renavigarunt.</strong></span> <span class='ocrx_word' id='word_1_369' title='bbox 1603 2558 1738 2597; x_wconf 87' lang='lat' dir='ltr'><strong>Ducas</strong></span> 
     </span>
     <span class='ocr_line' id='line_1_45' title="bbox 289 2610 1738 2668; baseline 0.001 -20"><span class='ocrx_word' id='word_1_370' title='bbox 289 2610 397 2662; x_wconf 87' lang='lat' dir='ltr'><strong>ipsos</strong></span> <span class='ocrx_word' id='word_1_371' title='bbox 432 2610 582 2651; x_wconf 87' lang='lat' dir='ltr'><strong>frustra</strong></span> <span class='ocrx_word' id='word_1_372' title='bbox 620 2620 792 2653; x_wconf 88' lang='lat' dir='ltr'><strong>tentasse</strong></span> <span class='ocrx_word' id='word_1_373' title='bbox 819 2615 957 2654; x_wconf 88' lang='lat' dir='ltr'><strong>scribit</strong></span> <span class='ocrx_word' id='word_1_374' title='bbox 999 2621 1041 2654; x_wconf 89' lang='lat' dir='ltr'><strong>et</strong></span> <span class='ocrx_word' id='word_1_375' title='bbox 1071 2615 1231 2668; x_wconf 92' lang='lat' dir='ltr'><strong>Cpolim</strong></span> <span class='ocrx_word' id='word_1_376' title='bbox 1261 2614 1476 2665; x_wconf 83' lang='lat' dir='ltr'><strong>navigasse.</strong></span> <span class='ocrx_word' id='word_1_377' title='bbox 1534 2611 1738 2651; x_wconf 81' lang='lat' dir='ltr'><strong>Phi-anzes</strong></span> 
     </span>
     <span class='ocr_line' id='line_1_46' title="bbox 290 2664 1738 2720; baseline 0.003 -18"><span class='ocrx_word' id='word_1_378' title='bbox 290 2664 359 2703; x_wconf 88' lang='lat' dir='ltr'><strong>lib.</strong></span> <span class='ocrx_word' id='word_1_379' title='bbox 385 2678 397 2703; x_wconf 85' lang='grc' dir='ltr'>ι</span> <span class='ocrx_word' id='word_1_380' title='bbox 431 2666 580 2716; x_wconf 82' lang='lat' dir='ltr'><strong>cap.51</strong></span> <span class='ocrx_word' id='word_1_381' title='bbox 614 2669 867 2720; x_wconf 88' lang='lat' dir='ltr'><strong>paucissimis</strong></span> <span class='ocrx_word' id='word_1_382' title='bbox 896 2669 1027 2709; x_wconf 88' lang='lat' dir='ltr'><strong>verbis</strong></span> <span class='ocrx_word' id='word_1_383' title='bbox 1053 2669 1103 2708; x_wconf 91' lang='lat' dir='ltr'><strong>de</strong></span> <span class='ocrx_word' id='word_1_384' title='bbox 1133 2668 1204 2707; x_wconf 92' lang='lat' dir='ltr'><strong>illo</strong></span> <span class='ocrx_word' id='word_1_385' title='bbox 1230 2667 1335 2707; x_wconf 89' lang='lat' dir='ltr'><strong>bello</strong></span> <span class='ocrx_word' id='word_1_386' title='bbox 1365 2667 1539 2716; x_wconf 84' lang='lat' dir='ltr'><strong>disserit,</strong></span> <span class='ocrx_word' id='word_1_387' title='bbox 1572 2666 1738 2707; x_wconf 87' lang='lat' dir='ltr'><strong>ducem-</strong></span> 
     </span>
     <span class='ocr_line' id='line_1_47' title="bbox 291 2717 1572 2776; baseline 0.002 -19"><span class='ocrx_word' id='word_1_388' title='bbox 291 2732 372 2773; x_wconf 86' lang='lat' dir='ltr'><strong>que</strong></span> <span class='ocrx_word' id='word_1_389' title='bbox 397 2717 533 2764; x_wconf 83' lang='lat' dir='ltr'><strong>classis</strong></span> <span class='ocrx_word' id='word_1_390' title='bbox 560 2722 739 2763; x_wconf 84' lang='lat' dir='ltr'><strong>Venetae</strong></span> <span class='ocrx_word' id='word_1_391' title='bbox 777 2724 947 2764; x_wconf 87' lang='lat' dir='ltr'><strong>Petrum</strong></span> <span class='ocrx_word' id='word_1_392' title='bbox 981 2724 1265 2764; x_wconf 84' lang='lat' dir='ltr'><strong>Lauredanum</strong></span> <span class='ocrx_word' id='word_1_393' title='bbox 1297 2723 1420 2776; x_wconf 76' lang='lat' dir='ltr'><strong>fuisse</strong></span> <span class='ocrx_word' id='word_1_394' title='bbox 1447 2728 1572 2761; x_wconf 85' lang='lat' dir='ltr'><strong>notat.</strong></span> 
     </span>
    </p>
   </div>
  </div>
 </body>
</html>
