1916 3210
309 135 429 206 414
790 153 975 198 υυοΛΕ
1004 152 1282 198 ⁴msToRm

311 257 429 310 lava}
456 263 498 299 et
523 268 600 313 per
625 254 766 311 quello
795 256 871 296 che
899 254 938 294 al
966 254 1021 294 fin
1037 254 1078 295 fo
1105 256 1362 311 cognosiuto,
1390 257 1637 314 consigliava
1665 260 1770 304 (90υὲ-

309 314 435 367 segiio
460 313 695 368 pernicioso
724 317 869 351 contra
901 309 1103 363 l'imperio
1137 311 1180 351 di
1207 313 1341 356 Greci.
1396 311 1452 354 Et
1479 315 1628 356 alcuna
1655 315 1768 358 voitu

312 370 528 422 riportava
557 369 696 408 alcuni
723 365 870 406 secreti
903 365 955 404 de
981 365 1140 405 Turchi
1183 366 1235 406 de
1265 381 1370 422 poco
1398 377 1606 411 momento
1628 369 1770 414 'afim'-

310 422 536 477 peradore‚
615 437 662 463 er
697 427 897 461 mostrare
941 419 978 459 el
1020 421 1227 461 contrario
1270 423 1335 462 del
1372 437 1447 464 suo
1491 427 1770 467 contaminato

223 523 225 526 Α
310 492 421 520 core.
477 481 545 518 Ma
575 475 856 530 limperadore
887 474 1178 516 dissimulando
1218 485 1422 518 mostrava
1452 493 1535 520 non
1565 481 1766 522 adveder-

277 577 279 581 ⁸
311 547 353 573 se
380 533 422 573 di
451 535 510 573 soi
538 532 721 586 ingemui,
751 537 790 569 et
815 529 1013 570 mandava
1044 532 1140 570 altri
1171 531 1451 584 ambaxadori,
1483 535 1512 575 li
1543 535 1767 590 quali‘non

312 587 515 642 podivano
542 588 623 626 mai
657 584 903 626 concludere
927 585 1074 625 alcuna
1097 600 1208 630 cosa.
1265 588 1342 628 Poi
1373 591 1516 630 veniva
1543 588 1771 646 Theologo,

310 649 357 683 et
384 645 479 697 quel
508 642 583 683 che
622 641 759 680 voliva
787 640 980 680 otteniva.
1036 641 1121 681 Con
1155 649 1299 696 queste
1325 650 1412 684 arte
1440 645 1559 686 vivea
1587 642 1770 686 Theolo-

312 710 392 752 go3
434 710 508 751 per
550 697 588 737 el
616 696 817 750 conseglio
861 695 928 734 del
970 697 1089 750 quale
1118 696 1155 736 la
1192 698 1405 751 provision
1433 699 1484 739 de
1511 700 1686 741 Mustafa
1717 700 1771 741 de

314 753 451 806 asperi
480 752 582 791 CCC
622 751 734 790 milia
763 765 837 804 per
884 750 1020 790 alcuni
1048 750 1176 804 tempi
1219 753 1264 792 fo
1293 766 1456 807 sospesa
1477 762 1518 795 et
1546 751 1771 796 altha-cose

315 807 571 861 consegliava
600 807 808 860 Theologo
837 812 984 846 contu-a
1012 806 1294 860 l’imperadore
1332 816 1377 848 et
1398 809 1436 848 la
1467 810 1570 858 cita,
1603 809 1681 851 che
1707 810 1771 850 al-

315 862 394 901 fine
420 861 572 901 mostrb
621 863 677 901 lui
704 875 813 902 esser
849 860 1012 901 inimico
1039 860 1091 901 de
1132 861 1331 916 l’imperio
1361 863 1412 904 de
1437 865 1578 910 Greci.
1633 866 1703 906 Ma
1730 865 1770 905 la

313 918 514 971 sapientia
544 923 583 956 et
611 918 762 957 iustitia
797 916 849 956 de
877 914 986 956 l’alto
1023 915 1179 957 faetore
1205 918 1330 958 molte
1355 919 1464 959 volte
1491 919 1534 959 in
1566 934 1653 960 uno
1682 920 1773 975 pic‘-

315 973 406 1012 colo
435 979 643 1012 momento
675 971 795 1012 desfa
823 972 859 1011 le
889 969 1072 1012 fabriche
1096 970 1171 1011 che
1196 986 1271 1026 per
1299 973 1420 1028 longo
1454 980 1596 1029 tempo
1623 975 1772 1016 {brono

316 1028 514 1070 lavorabe.
587 1026 849 1067 Cavalcando
899 1040 957 1066 un
1000 1040 1126 1066 zorno
1157 1027 1195 1067 el
1235 1027 1368 1068 ducha
1408 1029 1665 1070 Mechemeth
1706 1030 1772 1070 ala

315 1082 479 1134 caccia,
509 1093 595 1122 uno
631 1083 797 1136 zignaro
835 1082 922 1121 use-“1
960 1081 1046 1121 fora
1075 1081 1143 1121 del
1175 1082 1312 1127 bosco.
1380 1083 1438 1124 Et
1477 1083 1707 1126 ,amenando
1733 1085 1770 1125 el

315 1137 449 1177 ducha
479 1138 518 1177 {a
537 1151 607 1177 sua
629 1138 743 1177 lanza
769 1143 911 1176 contra
939 1138 977 1177 el
1006 1137 1188 1191 zignaro,
1217 1144 1370 1179 cazette
1395 1139 1447 1179 da
1476 1140 1644 1190 cavallo,
1674 1153 1772 1195 pre-

312 1206 361 1232 so
396 1191 464 1231 dal
496 1193 642 1233 morbo
685 1191 918 1243 comitiale,
959 1191 1034 1232 che
1077 1206 1153 1245 per
1180 1192 1287 1233 altro
1315 1193 1517 1234 vocabulo
1543 1209 1585 1235 se
1612 1195 1772 1235 chiama

316 1247 571 1302 epilempsia.
640 1247 795 1287 Levato
829 1246 1021 1301 adunque
1062 1248 1144 1287 dali
1173 1249 1231 1287 soi
1261 1249 1439 1304 satrapi‚
1469 1249 1510 1289 fo
1537 1256 1701 1305 portato
1727 1250 1770 1290 iu

318 1302 589 1356 Andrinopoli
631 1303 699 1342 nel
737 1316 810 1342 suo
846 1303 1006 1355 palazo.
1078 1302 1133 1342 Et
1165 1302 1353 1343 chiamati
1382 1305 1476 1344 tutti
1505 1305 1534 1344 li
1563 1305 1771 1346 excellenti

242 1363 305 1408 ¹24
320 1357 466 1397 medici
507 1357 557 1397 da
603 1357 712 1410 longi
753 1364 792 1396 et
817 1356 866 1396 da
896 1371 1039 1410 presso
1071 1357 1123 1396 ad
1152 1358 1353 1398 medicare
1379 1359 1416 1398 el
1445 1359 1602 1411 ducha,
1631 1361 1673 1400 lo
1703 1373 1772 1400 ex-

319 1413 445 1452 ercito
473 1426 516 1452 se
543 1412 636 1452 levi)
677 1414 719 1451 in
750 1427 862 1451 arme
880 1441 893 1463 ,
937 1418 980 1451 et
1007 1426 1086 1452 con
1117 1413 1270 1466 grande
1300 1427 1461 1453 remore
1487 1428 1603 1454 corse
1629 1415 1668 1454 al
1697 1429 1773 1470 pa-

318 1467 433 1517 lazo,
474 1467 677 1522 gridando
722 1466 838 1506 voler
864 1467 1013 1506 vedere
1049 1466 1088 1506 el
1115 1481 1188 1507 suo
1216 1467 1364 1508 ducha.
1432 1469 1494 1508 La
1523 1469 1678 1509 matina
1706 1483 1771 1510 se-

319 1529 471 1576 quente
510 1521 540 1561 li
582 1522 765 1576 deputati
806 1522 1008 1571 asistenti,
1038 1522 1215 1562 secondo
1241 1523 1279 1562 la
1306 1522 1402 1563 loro
1430 1537 1602 1575 usanza,
1627 1538 1771 1564 mena-

319 1591 424 1617 rono
453 1578 538 1617 fora
569 1576 854 1632 Mechemeth3
884 1578 921 1616 el
949 1577 1071 1631 quale
1090 1576 1398 1631 puthamente
1429 1586 1622 1619 mostrato
1650 1586 1691 1619 et
1718 1580 1771 1619 da

317 1634 414 1672 tutti
452 1632 632 1683 veduto,
671 1646 747 1671 con
783 1632 935 1686 grande
975 1632 1156 1685 alegreza
1193 1632 1235 1672 fo
1261 1632 1435 1673 salutato
1462 1634 1514 1674 da
1546 1635 1588 1673 lu
1620 1636 1773 1674 exerci-

319 1694 379 1730 to.
435 1687 584 1726 L'altro
614 1701 737 1726 zorno
768 1687 922 1727 anchor
947 1701 1070 1740 preso
1099 1687 1152 1727 da
1180 1686 1220 1727 la
1247 1687 1503 1742 epilempsia,
1534 1695 1702 1740 cazette,
1731 1695 1774 1729 et

319 1742 515 1782 innodata
555 1741 595 1782 la
621 1742 786 1794 lingua,
815 1741 1073 1782 mancandoli
1102 1742 1141 1782 la
1170 1755 1279 1793 voce,
1310 1743 1361 1782 ad
1387 1744 1489 1783 hora
1519 1743 1571 1783 de
1599 1758 1772 1798 vespero

320 1798 438 1852 passi)
480 1797 532 1838 da
577 1804 718 1852 questa
749 1797 844 1837 vita.
916 1797 1008 1837 Cos}
1046 1796 1083 1837 el
1111 1797 1244 1837 ducha
1280 1797 1536 1838 Machemeth
1566 1799 1702 1853 compi
1735 1798 1774 1838 el

319 1853 471 1893 ducato
514 1866 537 1892 e
572 1852 613 1892 la
641 1854 725 1891 vita
751 1866 823 1892 sua
867 1853 908 1891 in
939 1852 1236 1906 Andrinopoli,
1262 1851 1429 1893 nel-sno
1461 1853 1604 1907 palazo
1633 1853 1685 1893 da
1712 1853 1773 1893 lui

318 1908 542 1958 fabricato,
574 1907 763 1948 havendo
794 1921 894 1961 pace
921 1921 997 1946 con
1025 1908 1065 1947 lo
1096 1907 1354 1961 imperadore
1382 1915 1423 1947 et
1448 1909 1544 1948 tutti
1574 1908 1771 1948 Christia-

321 1964 393 2013 ni,
423 1968 591 2016 excepto
636 1976 713 2002 con
756 1961 783 2001 li
822 1963 974 2015 signori
1012 1962 1231 2006 Venitiani.
1304 1963 1458 2014 Questo
1491 1964 1532 2003 fo
1558 1963 1685 2003 humo
1717 1963 1770 2003 da

320 2026 472 2058 natura
500 2024 714 2058 mansueto
745 2023 787 2056 et
820 2018 998 2071 benigno
1029 2032 1052 2057 a
1079 2019 1194 2067 tutti,
1229 2024 1268 2057 et
1297 2032 1412 2058 verso
1440 2018 1660 2058 Christiani
1687 2017 1774 2058 cle-

324 2080 460 2113 mente
487 2080 528 2113 et
566 2072 904 2116 misericordioso.
979 2073 1034 2112 Et
1063 2080 1206 2126 questa
1247 2073 1369 2112 credo
1397 2072 1474 2113 che
1505 2074 1609 2113 fosse
1637 2073 1675 2113 la
1704 2087 1773 2113 ca-

323 2143 425 2167 xone
452 2128 528 2167 che
555 2129 592 2168 le
624 2128 767 2168 sot-elle
799 2127 910 2167 fatali
941 2127 1116 2167 filarono
1158 2142 1232 2182 per
1262 2128 1318 2177 lui
1349 2127 1386 2167 le
1414 2128 1481 2168 fila
1506 2128 1679 2167 mancho
1706 2141 1772 2167 se-

323 2197 423 2222 vere
457 2183 531 2223 che
566 2197 642 2237 per
669 2183 699 2223 li
738 2185 801 2223 soi
828 2183 1090 2236 progenitori,
1132 2183 1161 2222 li
1189 2183 1301 2237 quali
1330 2190 1595 2223 sostessenero
1623 2182 1774 2222 acerba

323 2245 485 2288 morte3
517 2238 652 2279 alcuni
680 2238 732 2278 de
761 2252 897 2278 amaro
924 2238 1075 2278 tossico
1094 2268 1106 2289 ,
1136 2237 1270 2277 alcuni
1304 2237 1597 2291 ignobilmente
1625 2238 1774 2277 forono

320 2293 586 2346 strangulati,
618 2294 710 2334 altri
743 2308 822 2333 con
851 2293 973 2347 spade
1004 2292 1285 2333 crudelmente
1312 2293 1483 2346 tagiiati.
1540 2292 1679 2331 Costui
1707 2306 1774 2332 so-

326 2347 394 2398 lo,
426 2362 499 2401 per
526 2362 634 2389 essex·
661 2349 834 2388 mancho
869 2349 1032 2388 subdito
1072 2348 1126 2387 ali
1157 2347 1249 2387 vitii
1279 2354 1322 2387 ct
1348 2348 1422 2400 piii
1447 2346 1774 2387 misericordioso

324 2409 366 2442 et
391 2403 593 2456 benigno,
635 2404 781 2444 merito
823 2406 952 2443 moi-ir
980 2404 1031 2443 de
1063 2410 1194 2442 morte
1229 2404 1301 2455 pia
1332 2402 1520 2454 benigna.
1582 2403 1706 2454 Dapo
1732 2400 1773 2440 la

326 2465 460 2496 morte
488 2458 539 2496 de
566 2459 820 2498 Mechemeth
850 2460 887 2498 el
914 2473 987 2498 suo
1014 2458 1285 2511 primogenito
1318 2456 1441 2511 figliol
1465 2458 1604 2496 Morat
1637 2470 1773 2495 rema-

327 2526 369 2551 se
405 2512 587 2566 principe
620 2513 671 2552 de
700 2514 880 2564 Turclii3
926 2514 963 2553 el
989 2515 1105 2567 quale
1147 2513 1189 2552 in
1232 2513 1329 2566 quel
1368 2520 1506 2565 tempo
1537 2526 1578 2551 se
1605 2517 1774 2550 trovava

329 2581 530 2620 governar
576 2567 628 2607 ali
675 2569 822 2607 confini
862 2568 1096 2618 d'Amasia‚
1149 2568 1342 2607 mandato
1391 2567 1442 2605 da
1481 2581 1555 2606 suo
1594 2572 1710 2618 patre
1749 2580 1773 2604 a

254 2622 453 2675 125quelli
482 2621 588 2661 lochi
629 2623 753 2662 vicini
780 2624 831 2663 de
860 2624 1130 2677 Tun-copersi,
1171 2623 1318 2661 azochh
1356 2620 1480 2675 quelli
1520 2621 1570 2659 de
1613 2621 1774 2660 Amasin

331 2677 387 2717 nb
416 2676 680 2717 rebellasseno
701 2708 712 2728 ‚
742 2679 891 2731 perche
920 2693 1042 2718 erano
1070 2679 1119 2717 de
1151 2691 1232 2718 una
1260 2678 1516 2731 generatione
1544 2683 1583 2715 et
1611 2676 1770 2715 sazeva-

331 2747 385 2772 no
419 2746 553 2787 spesso
588 2732 697 2772 dieto
728 2747 804 2772 con
848 2734 1146 2788 Turchopersi,
1193 2733 1321 2772 molto
1370 2729 1650 2771 conversando
1696 2743 1773 2769 con
