1884 3216
297 162 408 229 246
672 178 856 224 nucAE
891 172 1179 228 incamus
1213 179 1441 222 NEPo'ns

162 289 196 321 P.
218 291 280 327 138
291 280 440 323 λαλίαν
465 277 609 336 μάχης
634 282 844 334 γενέσθαι.
915 276 938 318 ὅ
969 277 1016 318 δὲ
1045 276 1243 331 βασιλευς
1273 279 1466 335 προορῶν
1490 275 1536 320 τὸ
1564 279 1742 333 μέλλον,

153 334 194 367 v·
217 346 370 402 Ιιοπρὸ
399 348 444 398 ἓξ
478 348 624 402 μηνῶν
667 341 756 399 εἶχε
781 342 834 387 τὰ
865 341 1053 399 φρούρια
1081 343 1126 385 ἐν
1154 345 1396 402 ἐπιμελείᾳ,
1426 346 1499 386 καί
1526 342 1628 394 τούς
1653 360 1744 399 χω·

289 413 408 468 ρι’τας
435 410 536 461 τούς
566 411 689 466 ἐγγύς
716 410 790 464 τῆς
806 406 966 457 πόλεως
994 406 1128 463 ἔνδον,
1158 409 1231 450 καί
1245 407 1319 452 τόν
1344 407 1617 464 θεριζόμενον
1644 405 1743 460 στοί-

285 494 370 533 χην
396 479 470 520 καί
495 476 571 526 τὰς
599 473 894 529 λικμιζομένας
921 470 1084 523 ἅλωνας
1113 472 1231 518 ἔνδον
1261 471 1469 528 ἐκόμιζον.
1523 473 1546 516 ὅ
1575 473 1742 530 δὲ-ἧγε-

286 542 381 597 μῶν
425 541 662 598 ἆπαρτίσας
689 541 826 588 καλῶς
863 539 910 580 τό
939 535 1168 594 φρούριον,
1196 538 1270 584 καί
1293 542 1353 590 εἰς
1379 538 1516 595 πάχος
1541 538 1594 583 τοὶ
1623 538 1783 594 τείχηὸ

287 612 362 651 καί
388 606 488 658 τούς
530 608 717 661 πύργους
744 602 778 646 λ’
820 602 1042 657 σπιθαμὰς
1066 606 1272 659 ἐκτείνας,
1302 604 1378 648 καί
1396 604 1445 648 τό
1472 602 1586 660 ὕψος
1605 607 1666 656 εἰς
1693 602 1743 648 τὸ

288 676 472 730 ἀρκοῦν,
505 670 577 714 καί
602 673 647 713 ἐν
673 672 731 728 τῷ
761 668 905 727 πύργῳ
954 671 1032 723 τοῦ
1059 672 1202 713 Χαλίλ
1230 671 1366 713 πασία
1390 671 1534 726 χιόνας
1559 671 1746 726 χαλκοῦς

287 738 547 788 α’πολῦοντας
571 738 728 792 πέτρας
758 735 863 791 ὑπὲρ
888 732 1115 786 ἑξακοσίων
1143 738 1296 791 λίτρων
1321 735 1367 779 ‘to'
1396 736 1540 794 βάρος,
1566 736 1641 780 καὶ
1663 736 1746 780 τόν

288 806 426 847 αὐτοῦ
443 800 697 845 πιστοτάτων
720 799 883 843 δούλων
910 798 1077 857 Φεροόζ
1093 799 1222 856 ’Λγαν
1245 800 1419 854 ὀνόματι
1445 801 1667 856 παραδοὺς
1693 799 1744 847 τό

286 871 513 923 πολίχνιον,
542 869 824 923 παραγγείλας
848 867 962 923 αὐτῷ
987 868 1093 920 ναῦς
1112 866 1188 916 τὰς
1218 867 1296 923 ἀφ’
1315 863 1616 922 Ἑλλησπόντου
1637 866 1745 924 πρὸς
1762 883 1812 911 ω

248 941 275 973 Β
287 933 455 978 Πόντον
474 936 547 975 καί
565 931 642 982 τοὶς
659 931 741 974 οἷπὸ
756 931 930 975 Πόντου
945 929 1051 986 πρὸς
1065 931 1374 987 Ἑλλήσποντον,
1395 930 1475 974 κᾶν
1493 932 1640 983 ὁποίας
1657 928 1744 990 ἄρα

286 1002 511 1048 αὔθεντίας
539 997 829 1053 τυγχάνουσιν,
854 996 938 1040 εἴτε
965 1000 1006 1040 Γ
1003 1003 1189 1040 ενουῖται
1216 997 1298 1039 εἴτε
1311 999 1501 1054 Βένετοι,
1517 1001 1745 1044 Κωνσταν-

265 1070 581 1117 ,τινουπολῖται,
604 1065 872 1120 Καφατηνοί,
900 1062 1248 1119 Τραπεζούντιοι,
1271 1061 1505 1119 Ἀμισηνοιζ
1524 1062 1746 1119 Savaria-soa,
1805 1114 1807 1117 v

283 1131 358 1173 καί
383 1131 423 1171 οἱ
447 1131 493 1172 ἑκ
517 1133 590 1184 τῆς
615 1131 720 1184 ἐμῆς
749 1130 1000 1181 αὕθεντιάς,
1033 1127 1262 1171 ὁποιασοῦν
1279 1128 1411 1184 τύχης
1437 1124 1517 1173 κᾶν
1535 1123 1630 1183 ὦσι,
1649 1131 1746 1185 νῆες

283 1195 466 1251 τριήρεις
514 1192 675 1250 διήρεις
711 1191 866 1248 βάλκαι
912 1192 1093 1243 οἶκοὶτια,
1125 1193 1183 1249 μὴ
1222 1193 1456 1236 πλείτωσαν
1481 1193 1581 1250 πρὶν
1608 1193 1810 1249 zaid-15

284 1277 434 1309 σαντες
460 1258 514 1302 τοὶ
544 1258 660 1302 ἱστία
703 1258 750 1301 τὸ
780 1261 1032 1314 κομμέρκιον
1059 1257 1252 1313 διδόναι,
1285 1257 1359 1300 καὶ
1385 1256 1520 1310 οὕτως
1545 1258 1621 1315 τήν
1646 1257 1747 1303 ὄδόν

286 1326 428 1367 αὐτῶν
456 1326 802 1379 πορευέσθωσαν.
833 1321 859 1378 ἦ
900 1325 946 1366 δὲ
982 1321 1253 1378 α’πειθὴσασα
1281 1325 1386 1372 ναῦς
1413 1325 1487 1366 καί
1510 1324 1571 1379 μὴ
1598 1325 1746 1368 ἐνδοῦ-

284 1406 342 1433 σα
371 1388 451 1431 σ’ὐν
483 1391 537 1446 τῇ
560 1386 797 1446 πετροβόλῳ
831 1387 1213 1443 καταποντισθήτω.
1243 1391 1378 1431 ταῦτα
1406 1387 1480 1431 καί
1505 1390 1628 1446 ἕτερα
1651 1389 1746 1431 δια-

285 1453 516 1506 ταξάμενος
543 1452 567 1495 ὅ
600 1453 789 1506 ἀλαζών,
821 1452 922 1504 δοὺς
952 1453 1067 1510 αὐτῷ
1094 1452 1167 1494 καί
1204 1455 1497 1506 τετρακοσίους
1535 1455 1655 1504 νέους
1683 1456 1744 1504 εἰς

247 1517 483 1576 Ωφυλακὴν
524 1520 602 1560 τοῦ
633 1517 870 1572 πολιχνιόυ,
899 1517 1029 1568 αὐτὸς
1055 1520 1116 1568 εἰς
1141 1516 1489 1574 Ἀδριανούπολιν
1517 1516 1740 1574 ἐπορεύετο
1755 1534 1809 1569 ao

285 1585 460 1640 τέτρασι
499 1584 606 1638 μησί
631 1582 678 1625 τό
717 1585 801 1624 πᾶν
840 1584 1100 1639 α’παρτίσας,
1144 1580 1225 1638 ἤδη
1256 1585 1329 1638 τῆς
1357 1583 1581 1638 ἡγεμονίας
1610 1585 1743 1628 αὐτοῦ

286 1652 508 1705 τρέχοντος
539 1651 738 1706 δευτέρου
763 1648 911 1705 ἔτους,
945 1650 1026 1692 οἶπὸ
1070 1652 1118 1692 δὲ
1144 1648 1317 1699 κτίσεως
1343 1647 1504 1704 κόσμου
1533 1652 1607 1711 ,ςῖ
1625 1650 1712 1701 ξα’.

290 1805 449 1849 aliquam
487 1805 667 1839 adducere
699 1806 897 1846 sollicitus,
931 1806 1070 1839 bellum
1098 1805 1211 1839 indici
1251 1804 1372 1839 subito
1406 1805 1524 1840 iussit.
1547 1805 1743 1851 imperator

292 1852 400 1885 rebus
426 1851 497 1884 sibi
521 1852 697 1896 praevisis
721 1853 964 1897 prospiciens,
993 1858 1078 1885 ante
1103 1864 1166 1886 sex
1188 1863 1329 1885 menses
1352 1851 1534 1897 praesidia
1550 1854 1742 1898 suppleve-

288 1904 366 1938 rat,
412 1904 450 1931 et
496 1899 648 1931 rusticos
681 1899 883 1931 vicinorum
918 1910 1091 1944 pagorum
1125 1900 1221 1933 intra
1242 1899 1387 1932 moenia
1410 1898 1511 1932 urbis
1538 1905 1743 1946 receperat;

291 1944 355 1988 qui
382 1955 524 1977 omnem
547 1955 700 1977 messem
728 1945 767 1977 in
791 1946 901 1990 spica,
928 1946 1162 1991 triticumque
1193 1957 1310 1979 vanno
1337 1950 1527 1991 purgatum
1551 1945 1590 1979 in
1615 1945 1743 1985 urbem

287 1997 609 2035 comportaverant.
637 1997 791 2024 castrum
817 1992 957 2028 interea
996 1993 1162 2037 princeps
1193 1991 1416 2025 Mehemetes
1456 1991 1623 2026 omnibus
1658 2004 1743 2038 patr

289 2037 388 2070 tibus
418 2038 593 2080 absolvit,
626 2049 728 2070 muro
772 2044 808 2072 et
836 2038 994 2072 turribus
1021 2039 1117 2073 XXX
1141 2039 1343 2084 palmorum
1368 2038 1629 2080 crassitudine,
1656 2040 1743 2075 alti-.

286 2083 417 2116 tudine
458 2085 568 2117 etiam
608 2086 839 2121 convenienti
883 2085 1079 2119 fabricatis.
1115 2086 1228 2131 inque
1259 2085 1350 2119 turri
1375 2097 1482 2130 quam
1508 2085 1606 2118 Halil
1633 2086 1742 2120 Bassa

287 2129 558 2172 aedificaverat,
596 2136 776 2165 tormenta
814 2143 926 2165 aenea
951 2132 1161 2174 collocavit,
1194 2143 1287 2176 quae
1314 2131 1457 2177 lapides
1479 2131 1541 2165 DC
1567 2131 1740 2165 librarum

285 2177 408 2221 pondo
447 2177 702 2222 explodeban-t.
725 2179 816 2211 arcis
853 2178 1039 2212 custodiae
1065 2178 1276 2211 Pheruzium
1301 2179 1411 2223 Agam
1437 2189 1576 2212 servum
1601 2178 1671 2211 sibi
1697 2179 1740 2212 fi-

287 2223 511 2256 delissimum
547 2225 742 2268 praefecit3
781 2225 1002 2270 mandatque
1037 2226 1071 2257 ei
1112 2231 1153 2258 ut
1176 2236 1307 2266 naves,
1348 2225 1536 2265 triremes,
1560 2224 1739 2266 biremes,

286 2270 429 2313 navigia
455 2276 491 2303 et
515 2271 642 2312 acatia,
671 2283 921 2317 quaecumque
946 2271 991 2304 ab
1016 2271 1254 2316 Hellesponto
1281 2271 1326 2303 ad
1349 2272 1501 2304 Pontum
1525 2271 1583 2304 vel
1608 2283 1628 2303 a
1646 2272 1740 2304 Pon-

286 2322 325 2350 to
355 2316 401 2349 ad
427 2316 703 2361 Hellespontum
728 2319 957 2363 navigarent,
994 2319 1250 2362 cuiuscumque
1278 2318 1536 2350 dominationis
1560 2329 1601 2350 ac
1626 2317 1739 2352 ditio-

287 2363 368 2402 nis,
407 2362 641 2405 Genuenses‚
667 2364 849 2405 Venetae,
890 2365 1128 2409 Cpolitanae,
1165 2363 1410 2408 Caphatinae‚
1448 2364 1739 2408 Trapezuntiae,

285 2409 497 2451 Amysinae.
523 2410 762 2455 Sinopenses‚
799 2413 872 2444 sive
899 2412 1029 2451 etiam,
1065 2411 1187 2456 inquit
1210 2411 1294 2451 ille,
1323 2410 1551 2443 subditorum
1575 2422 1738 2445 meorum

287 2455 445 2495 fuerint,
494 2458 804 2501 praeternavigare
852 2457 1136 2503 prohibeantur,
1172 2457 1244 2490 nisi
1283 2457 1382 2501 prius
1417 2457 1610 2490 contractis
1648 2458 1739 2491 velis

285 2501 439 2544 vectigal
463 2502 661 2535 navarchae
688 2505 840 2545 solvant,
869 2515 941 2549 quo
974 2515 1085 2548 penso
1110 2503 1336 2548 praetervehi
1365 2509 1512 2548 queant.
1538 2515 1631 2548 quae
1653 2515 1737 2537 vero

287 2549 386 2580 navis
413 2559 486 2580 non
522 2549 845 2594 obtemperaverit,
886 2556 1066 2584 tormento
1098 2555 1266 2595 quassata
1291 2549 1527 2594 demergatur.
1552 2549 1608 2582 his
1637 2551 1738 2583 aliis-

285 2606 358 2638 que
384 2595 613 2635 constitutis,
643 2596 814 2640 plleruzio
840 2597 899 2630 CD
926 2598 1095 2631 iuvenum
1123 2596 1168 2629 ad
1193 2596 1299 2630 castri
1336 2596 1537 2629 custodiam
1558 2596 1738 2640 praesidi-

285 2652 344 2673 um
373 2641 541 2685 reliquit,
587 2647 623 2674 et
656 2642 931 2688 Adrianopolim
966 2644 1125 2676 insolens
1163 2643 1226 2675 ille
1252 2654 1294 2675 ae
1321 2643 1497 2688 superbus
1521 2642 1737 2684 revertitur,

285 2687 540 2731 quadrimestri
565 2693 725 2733 tempore
753 2691 824 2723 fine
861 2691 962 2735 operi
987 2690 1181 2734 imposne,
1210 2689 1352 2735 imperii
1387 2690 1443 2722 sui
1483 2699 1578 2722 anno
1609 2699 1736 2724 secun-

287 2733 332 2767 do
357 2733 523 2777 labente3
548 2735 611 2779 qui
639 2736 709 2769 suit
734 2735 779 2769 ab
807 2736 894 2770 orbe
936 2736 1082 2770 condito
1111 2737 1197 2781 6961
1233 2735 1383 2780 (Christi
1413 2735 1527 2782 1452).
