1884 3216
69 501 85 528 'n

686 56 705 80 Υ
1186 69 1197 80 1
1343 74 1357 91 x

332 153 442 208 266
663 170 845 214 nucu:
882 139 1168 212 micumis
1205 170 1427 213 mons

328 272 402 313 καί
435 273 780 326 πρωτοστριὶτορα
817 272 962 312 τοῦτον
999 270 1188 325 ε’τιζιιησε,
1227 271 1301 313 κατ’
1325 269 1454 320 αὕτὸς
1480 270 1555 327 τὴν
1581 271 1758 330 φίάαζῃη

326 338 409 379 τῶν
435 334 541 390 πρὸς
570 335 615 378 τὸ
644 333 845 377 maduo»
873 336 1072 387 κειμένων
1097 337 1265 390 τειχέων
1287 336 1526 390 α’νελάβετο.
1578 339 1651 381 κατ’
1664 334 1757 393 7130

326 395 434 456 ἦσαν
462 399 638 456 ὁρῶντες
667 399 738 442 τὸν
764 398 968 453 τύραννον
997 400 1086 441 ἐκεῖ
1104 398 1180 450 τὰς
1206 400 1358 452 σκευὰς
1381 401 1456 452 τὰς
1481 399 1768 458 πετροβόλους

326 464 558 523 πηγνύοντα
592 467 666 507 καί
706 463 781 518 τὴν
821 459 949 518 ἄλλην
974 466 1114 506 πᾶσαν
1152 466 1380 520 α’ντᾴιαχον
1419 469 1464 509 ἐν
1482 471 1578 516 ’τοῖς
1602 469 1757 523 τειχοις

323 525 565 585 παράταξιν.
593 526 833 584 εὐεργέτησε
858 531 906 571 δὲ
932 529 1064 588 τούτῳ
1092 532 1166 572 καί
1185 531 1254 573 διὰ
1284 530 1593 586 χρυσοβούλλου
1619 531 1790 589 maim-5

323 611 454 648 ματος
490 594 567 650 τήν
593 597 718 650 νῆσον
748 596 946 650 Λῆμνον,
986 595 1027 638 εἶ
1060 596 1452 652 α’ποκρουσθήσεται
1489 598 1511 639 ὁ
1554 600 1754 652 Μεχεμὲτ

323 659 397 702 καὶ
433 658 804 715 ὖποστραφήσεται
851 654 1059 715 ἄπρακτος
1099 662 1143 711 ἐξ
1183 655 1243 703 ὧν
1270 665 1435 717 θαρρεῖ
1457 664 1656 718 κερδᾶναι
1679 665 1755 717 τῆς

322 723 494 774 πόλεως.
565 723 698 766 ἔκτοτε
733 717 808 766 οὖν
835 723 1039 778 ἐμάχοντο
1082 712 1270 780 ἧρωῖκαῗς
1313 727 1352 768 οἱ
1380 726 1674 786 ,νζατῖνόοσύν
1697 729 1754 786 τῷ

282 790 485 846 ΒἸωάννῃ
501 821 514 842 ,
545 786 809 844 ἐξερχόμενοι
835 791 881 832 ἐκ
908 792 990 832 τῶν
1013 793 1155 832 πυλῶν
1176 793 1249 846 τῆς
1275 789 1455 846 πόλεως,
1485 794 1559 836 καὶ
1583 791 1753 846 ἱστάμε-

320 870 384 897 νοι
414 857 459 897 ἐν
486 855 542 912 τῷ
568 853 648 905 ἔξω
676 855 838 912 κάστρῳ
867 858 940 897 καί
958 856 1002 897 ἐν
1029 858 1079 913 τῇ
1105 853 1268 914 τάφρῳ.
1323 855 1516 908 πολλάκις
1542 857 1616 900 καί
1640 857 1752 908 ἐκτὸς
1770 873 1815 900 ιο

317 921 391 974 τῆς
415 918 582 975 τάφρου
609 921 864 974 ἐκπηδῶντες
891 923 1203 964 ἑσυνεπλέκοντο
1230 927 1316 971 τοῖς
1349 921 1547 979 Τούρκοις
1567 924 1751 977 Ῥωμαῖ-

319 1000 382 1037 οι,
413 987 513 1027 ποτὲ
537 986 615 1038 μὲν
640 987 816 1042 α’φέντες
845 988 945 1029 ποτὲ
975 987 1022 1029 δὲ
1048 986 1336 1040 λαμβάνοντες.
1393 986 1501 1043 πλὴν
1526 982 1752 1033 τοῦτοοιῖκ

317 1044 371 1103 ἦν
401 1050 562 1092 α’πάδον
589 1055 676 1099 τοῖς
695 1050 933 1104 Ῥωμαίοις.
1011 1050 1084 1093 καί
1105 1052 1184 1106 γὰρ
1213 1047 1384 1094 εὔκολον
1409 1049 1463 1096 ἂν
1489 1054 1618 1095 εἰπεῖν
1643 1050 1754 1097 εἶναι

317 1116 390 1156 ἕνα
414 1114 632 1168 Ῥωμαίων
658 1113 764 1170 πρὸς
791 1114 920 1158 εἴκοσι
956 1116 1192 1171 Τούρκους·
1223 1119 1270 1159 τί
1292 1117 1486 1160 ἐδύναντο
1515 1133 1752 1173 καταπροσ-

318 1181 487 1235 ωπῆσαι
522 1180 595 1222 καί
632 1182 839 1233 ἐξελθεῖνς
879 1179 985 1236 πλήν
1011 1181 1037 1236 ἦ
1065 1180 1195 1235 βουλὴ
1221 1184 1383 1224 ἐδίδοτο
1405 1179 1513 1225 ὥστε
1540 1181 1749 1231 τούςῬωτ
1767 1183 1814 1224 15

313 1248 467 1297 μαίους
497 1247 743 1298 α’ντιμαχεῖν
771 1247 816 1287 ἐκ
849 1249 933 1288 τῶν
959 1248 1112 1300 τειχῶν
1159 1246 1229 1288 διὰ
1259 1250 1342 1289 τῶν
1369 1245 1681 1302 προμαχώνων,
1710 1245 1751 1289 οἱ

312 1313 392 1361 μὲν
419 1310 490 1352 διὰ
514 1312 850 1365 τζαγραβολικῶν
880 1313 1036 1364 βελῶν,
1066 1309 1114 1352 οῖ’
1131 1313 1178 1353 δὲ
1206 1311 1275 1353 διὰ
1302 1311 1501 1366 τοξικῶν,
1530 1304 1649 1353 ἄλλοι
1676 1309 1748 1352 διὰ

312 1375 636 1428 μολυβδοβόλων
671 1377 965 1428 α’πολυομένων
1020 1374 1089 1417 διὰ
1135 1379 1321 1429 βοτανῶν
1364 1378 1483 1420 πέντε
1523 1376 1596 1418 καὶ
1646 1378 1749 1419 δέκα

269 1439 445 1492 (Ζόμοῦ,
481 1439 634 1495 σμικροὶ
671 1440 730 1489 ὥς
763 1438 899 1495 κάρυα
927 1439 1114 1483 Ποντικοὶ
1153 1439 1197 1483 τὸ
1230 1443 1432 1496 μέγεθος,
1465 1443 1745 1484 ἀποτελοῦντα

313 1504 494 1558 δύναμιν
531 1506 728 1561 τρήσεως,
759 1504 816 1556 ὥς
840 1506 880 1547 εἰ
904 1499 1249 1560 τύχοι“’ἐμπεσεῖν
1271 1505 1536 1565 σιδηροφόρῳ
1563 1506 1743 1561 σώματι,
1758 1525 1810 1551 20

311 1571 385 1611 καί
423 1569 496 1625 τὴν
538 1570 697 1612 α’σπίδα
736 1569 809 1612 καί
846 1569 890 1613 τὸ
925 1574 1048 1624 σῶμα
1088 1571 1317 1627 διατρήσας
1343 1574 1558 1626 ἐξέρχεται
1585 1573 1657 1614 καί
1687 1573 1747 1621 εἷς

310 1629 412 1676 ἄλλο
439 1637 660 1691 μεταπηδᾷ
675 1668 688 1688 ,
716 1637 755 1678 εἰ
779 1635 901 1690 τύχοι
918 1668 930 1691 ,
963 1634 1056 1679 εἶτα
1083 1639 1127 1688 ἑξ
1155 1637 1291 1679 αὐτοῦ
1318 1640 1376 1686 εἰς
1404 1639 1561 1693 ἕτερον,
1580 1636 1663 1695 ,ἕως
1680 1631 1746 1679 ,οὗ

306 1811 404 1839 terea
428 1805 613 1840 beneficiis
660 1813 696 1840 et
726 1809 995 1852 protostratoris
1024 1808 1199 1853 dignitate
1234 1820 1315 1842 eum
1337 1808 1594 1843 cohonestavit.
1618 1808 1648 1842 is
1671 1809 1742 1843 ita-

307 1863 378 1897 que
401 1863 583 1885 murorum
614 1859 753 1898 partem
777 1855 913 1898 palatio
937 1855 1091 1888 vicinam
1122 1855 1294 1889 tuendam
1317 1857 1494 1900 suscepit:
1518 1866 1601 1888 nam
1620 1861 1742 1899 tyran-

302 1909 391 1931 num
419 1904 598 1932 tormenta
635 1911 747 1933 aenea
781 1901 965 1945 lapidibus
994 1902 1202 1936 emittendis
1227 1907 1351 1947 parata
1373 1908 1580 1947 ceterasque
1606 1901 1653 1935 ad
1676 1913 1742 1947 op-

301 1945 535 1990 pugnandum
567 1946 750 1979 machinas
788 1946 955 1981 adversus
980 1948 1081 1981 illam
1115 1954 1254 1993 partem
1279 1949 1455 1982 collocare
1479 1948 1742 1982 animadverte-

302 1997 392 2024 rant.
416 1992 612 2038 imperator
634 1993 783 2038 insuper
806 2005 914 2027 aurea
939 1994 1041 2027 bulla
1066 1995 1239 2028 Lemnum
1262 1995 1416 2028 insulam
1440 1995 1592 2028 Iohanni
1617 1995 1739 2039 Longo

302 2038 473 2080 donavit,
513 2039 543 2072 si
569 2038 667 2073 urbis
694 2040 923 2074 obsidionem
957 2042 1095 2074 solvere
1121 2047 1286 2082 coactus,
1310 2052 1421 2087 reque
1448 2042 1582 2075 insecta
1609 2041 1738 2086 pedem

300 2084 522 2118 Mehemetes
558 2086 718 2119 referret.
783 2087 902 2120 Latini
937 2087 1099 2121 Iohanne
1135 2088 1226 2121 (luce
1250 2089 1337 2121 alias
1360 2089 1473 2133 portis
1497 2087 1596 2121 urbis
1621 2098 1739 2120 erum-

300 2136 447 2175 pentes,
473 2132 562 2165 alias
587 2132 626 2165 in
651 2133 820 2167 exteriori
845 2145 947 2166 muro
972 2140 1126 2176 stantes,
1157 2134 1376 2180 quandoque
1393 2135 1431 2167 in
1460 2135 1590 2167 fossam
1613 2133 1739 2166 desili-

301 2183 403 2210 entes
439 2179 632 2212 fortissime
669 2186 928 2224 pugnaverunt.
965 2182 1106 2224 saepius
1133 2183 1240 2214 etiam
1279 2181 1374 2214 fossa
1398 2186 1564 2225 superata
1591 2181 1735 2213 Romaei

300 2224 399 2256 vario
424 2235 600 2266 successu,
626 2226 733 2259 modo
759 2227 947 2269 cedentes,
972 2227 1080 2260 modo
1105 2228 1262 2272 captivos
1280 2228 1415 2260 Turcos
1438 2226 1632 2266 trahentes,
1657 2237 1737 2260 cum

301 2267 358 2302 his
398 2281 524 2304 manus
569 2283 793 2306 conseruere.
833 2273 901 2306 hoc
947 2279 1067 2307 tamen
1108 2275 1270 2307 Romaeis
1310 2274 1456 2306 minime
1489 2272 1737 2315 conducebat3

301 2316 438 2361 quippe
464 2328 586 2350 verum
612 2318 711 2352 dictu
740 2318 909 2353 adversus
946 2320 1074 2365 viginti
1101 2321 1131 2352 Τ
1134 2331 1236 2353 urcos
1263 2321 1454 2352 Romaeum
1479 2330 1590 2352 unum
1617 2319 1737 2352 stetis-

301 2372 363 2395 se:
389 2364 550 2396 cominus
578 2376 658 2398 cum
673 2366 799 2399 Tui-cis
827 2378 986 2411 pugnare
1012 2367 1201 2411 eruptione
1229 2366 1322 2399 facta
1346 2366 1410 2411 qui
1434 2365 1628 2410 poterant?
1652 2375 1737 2410 pro-

299 2413 425 2453 pterea
446 2411 637 2443 consilium
661 2411 785 2446 datum
811 2418 888 2454 est,
913 2419 954 2447 ut
981 2413 1125 2446 Romaei
1150 2425 1169 2446 a
1196 2413 1474 2458 propugnaculis
1500 2412 1563 2444 alii
1587 2411 1735 2456 quidem

299 2455 446 2496 iaculis,
473 2457 535 2489 alii
564 2458 701 2502 sagittis
724 2465 945 2503 pugnarent3
970 2460 1032 2492 alii
1058 2460 1179 2492 cannis
1205 2459 1327 2492 ferreis
1355 2458 1519 2503 globulos
1545 2457 1736 2503 plumbeos

298 2500 338 2534 in
366 2500 488 2535 hostes
534 2504 749 2538 emitterent.
777 2505 813 2538 hi
842 2506 945 2551 quini
968 2506 1025 2540 vel
1061 2506 1167 2547 (leni,
1191 2517 1321 2538 nucum
1347 2506 1573 2538 Ponticarum
1597 2505 1734 2548 magni-

299 2546 440 2589 tudine,
462 2549 609 2593 pulvere
634 2551 839 2594 ignescente
864 2553 971 2585 simul
996 2553 1127 2593 emissi,
1151 2552 1221 2585 vim
1245 2551 1452 2596 perforandi
1474 2563 1514 2584 ac
1539 2555 1733 2596 penetran-

299 2593 337 2626 di
362 2593 517 2635 habent,
541 2596 592 2629 ita
615 2603 676 2637 ut,
703 2598 741 2631 in
762 2598 944 2632 hominem
968 2599 1061 2632 ferro
1088 2604 1260 2632 armatum
1278 2598 1308 2630 si
1333 2597 1504 2631 ceciderit
1529 2607 1639 2636 unus,
1665 2596 1732 2628 cli-

297 2651 406 2684 peum
429 2646 466 2674 et
501 2652 628 2686 corpus
669 2645 915 2679 transadactus
938 2645 1132 2691 pervadat,
1157 2646 1193 2678 in
1220 2645 1403 2689 aliumque
1431 2644 1576 2677 obvium
1600 2642 1732 2675 transi-

299 2686 386 2727 liat,
413 2693 450 2720 et
471 2687 516 2720 ab
542 2688 610 2722 hoc
634 2690 672 2723 in
700 2691 809 2724 alium
824 2717 833 2732 ,
859 2691 975 2725 donec
993 2693 1046 2725 vis
1070 2691 1226 2737 pulveris
1251 2691 1472 2735 refrigescat,
1497 2689 1637 2733 hocque
1662 2689 1732 2721 im-

296 2739 384 2778 petu
410 2733 480 2768 duo
507 2735 565 2768 vel
596 2741 666 2769 tres
702 2737 866 2772 homines
890 2739 1045 2773 interfici
1080 2738 1185 2772 simul
1211 2744 1369 2783 possunt.
1398 2735 1598 2773 machinam
1625 2735 1741 2769 istam-
