1890 3204
284 169 398 224 διο
845 181 1127 226 numium

391 286 441 328 P.
466 285 575 338 255,
616 299 648 326 ι.
705 283 810 325 κατὰ
852 285 926 324 τοῦ
967 279 1165 336 Χοσρόου
1182 279 1209 336 ]
1268 278 1461 321 Heraclio
1498 281 1725 335 imperante

280 342 526 383 Hunnorum
556 342 740 381 Avarum
772 354 839 379 rex
873 339 1084 392 Chaganus
1114 336 1275 390 Cpolim
1303 335 1472 376 adortus
1503 343 1595 386 est,
1623 335 1722 379 dum

141 397 181 431 V.
204 399 265 445 ¹95
279 397 486 438 Cliosroes
515 396 556 435 in
586 396 681 435 Asia
722 394 882 448 imperii
914 393 1139 446 provincias
1167 391 1441 445 populabatur
1465 397 1506 430 et
1535 390 1722 435 Heracli..

222 487 224 489 ,
277 467 346 492 um
392 452 431 502 in
472 452 691 492 Persarum
725 448 1010 503 propulsandis
1053 445 1603 487 incursionibusdistineret.
1626 451 1723 500 post

276 522 405 547 annos
436 520 532 546 vero
549 506 600 545 36
630 505 855 557 imperante
867 502 1133 543 Constantino
1161 501 1374 555 Pogonato
1403 501 1578 554 Agareni
1606 501 1722 555 Cpo-

275 561 347 601 lim
375 562 633 601 obsederunt.
665 560 787 599 tertio
827 559 904 598 sub
931 559 1074 598 Leone
1105 557 1260 597 Isaurio
1291 555 1416 596 iidem
1445 556 1620 610 Agareui
1646 569 1723 599 ur-

273 616 369 657 bem
397 621 702 670 oppugnarunt.
732 614 875 667 hisque
910 613 1099 666 angustiis
1127 624 1290 664 pressae
1317 611 1421 650 urbi.
1440 618 1504 651 ter
1531 611 1720 652 Beatissi-

274 686 339 711 ma
369 668 483 724 virgo
523 669 773 723 flodegetria
818 683 938 722 opem
966 667 1084 714 tulit,
1125 674 1171 719 ut
1200 665 1346 706 Graeci
1372 665 1537 706 docent.
1566 665 1640 705 has
1664 665 1720 706 ob

272 741 411 766 causas
451 732 490 778 et
534 723 637 763 tanti
679 724 866 763 beneficii
908 735 1105 763 memores
1139 719 1326 774 Cpoleos.
1359 719 1518 761 incolae
1547 720 1720 768 sabbato

272 782 438 834 quintae
468 780 718 832 septimanae
746 779 1014 827 ieiuniorum,
1058 777 1099 816 id
1127 783 1187 815 est
1213 789 1328 816 more
1353 782 1491 815 nostro
1517 775 1559 815 lo
1593 775 1720 818 uendi

270 837 438 874 sabbato
467 841 561 873 ante
589 834 845 872 Dominicam
874 833 1085 886 passionis,
1115 830 1334 870 secundam
1363 828 1543 883 vigiliam
1563 790 1721 872 ¹i’alatii

270 890 559 938 celebrabant,
593 902 700 955 quae
727 888 799 940 τῆς
831 887 1063 927 α’καθὼτου
1093 885 1336 933 vocabatur,
1363 884 1404 924 in
1433 899 1514 939 qua
1542 883 1720 938 hymnus

270 942 496 990 α’καθίστος
526 952 565 983 et
593 940 831 990 ολρνύκτιος
857 957 879 981 a
905 943 1013 982 clero
1042 949 1085 982 et
1127 939 1239 980 laicis
1267 939 1469 980 stantibus
1491 953 1566 994 per
1590 946 1721 981 totam

270 1006 431 1038 noctem
462 1001 701 1039 canebatur.
727 994 954 1044 α’κάθιστος
981 997 1091 1037 enim
1119 995 1321 1049 appellata
1349 1001 1410 1035 est
1428 994 1498 1035 iila
1526 993 1719 1035 solemni-

269 1061 330 1094 tas
361 1062 580 1107 propterea
609 1052 723 1108 quod
753 1067 776 1091 a
804 1052 1006 1092 stantibus
1023 1082 1037 1102 ‚
1066 1065 1150 1091 non
1180 1050 1415 1091 sedentibus
1443 1047 1721 1091 indesinenter

268 1109 446 1164 hymnus
473 1110 712 1148 canebatur.
840 1144 843 1145 γ
1614 1143 1618 1145 Α

382 1167 435 1204 Ρ.
461 1163 556 1212 255,
594 1164 654 1204 16.
710 1162 755 1203 ἐν
782 1158 886 1213 μηνὶ
909 1158 1170 1215 Δεκεμβρίῳ]
1245 1158 1486 1200 Leonardus
1513 1157 1716 1204 Chiensisx

269 1234 410 1258 veram
441 1220 636 1274 quoniam
662 1233 732 1258 nec
763 1219 868 1256 ratio
897 1230 969 1255 nec
993 1217 1214 1254 auctorit-as
1242 1227 1313 1254 nec
1340 1215 1488 1255 variae
1512 1211 1722 1254 scholae-11

268 1274 425 1313 Isidori
452 1274 728 1328 Neophytique
758 1271 965 1326 opiniones
992 1270 1180 1309 adversus
1207 1271 1424 1309 Romanae
1450 1268 1637 1308 ecclesiae
1647 1268 1718 1323 fi..

266 1329 360 1368 dem
386 1338 501 1368 stare
520 1337 712 1383 poterant
729 1357 741 1379 ‚
766 1335 896 1365 actum
924 1334 980 1364 est
1004 1324 1207 1364 industria
1233 1333 1271 1363 et
1302 1325 1505 1378 probitate
1534 1325 1720 1378 praefati

271 1384 428 1423 domini
458 1382 697 1422 cardinalis
716 1412 728 1433 ,
758 1390 800 1420 ut
826 1389 972 1419 sancta
997 1380 1091 1419 anio
1122 1381 1360 1419 assentiente
1389 1380 1628 1434 imperatore
1653 1393 1717 1419 se-

268 1447 441 1491 natuque
460 1468 472 1485 ,
506 1439 540 1476 si
562 1451 645 1478 non
664 1437 766 1490 ficta
776 1437 885 1486 suit,
915 1435 1161 1487 firmaretur·
1184 1435 1527 1489 celebrareturque
1553 1434 1719 1474 secundo
1751 1477 1755 1482 .

268 1491 367 1531 Idus
394 1492 648 1541 Decembris,
689 1489 939 1545 Spiridionis
985 1489 1166 1543 episcopi
1191 1490 1318 1527 sancti
1348 1488 1436 1528 die.
1476 1487 1548 1542 qui
1579 1487 1718 1541 pridie

271 1547 366 1586 Idus
394 1547 632 1586 Decembris
662 1546 925 1586 duodecimus
954 1549 1015 1582 est
1044 1543 1202 1582 mensis.

254 1610 256 1613 ’
382 1601 438 1640 P:
471 1602 563 1650 256,
597 1616 633 1656 7.
666 1593 820 1653 ἄφετε,
849 1595 1020 1651 ἴδωμεν]
1052 1597 1234 1650 Allegata
1260 1610 1382 1650 quam
1409 1596 1594 1649 proxime
1621 1609 1715 1636 ver-

270 1656 325 1695 ba
353 1656 585 1705 Leouardi,
614 1657 652 1695 .ςὶ
677 1670 757 1694 non
770 1653 1006 1709 fictasuit,
1035 1653 1255 1692 confirmat
1280 1652 1347 1691 hic
1375 1650 1522 1690 Ducas.

143 1722 177 1754 P.
192 1722 260 1757 266
382 1710 436 1749 P.
468 1711 566 1761 258,
596 1711 635 1750 6.
692 1711 791 1762 Cap.
827 1709 891 1760 37.
949 1708 1152 1746 Laonicus
1189 1707 1215 1745 l.
1243 1707 1271 1748 8
1314 1705 1354 1744 in
1382 1704 1588 1758 principio
1618 1718 1718 1744 con-

269 1764 493 1817 sulendus,
540 1766 611 1819 qui
653 1770 895 1818 apparatum
923 1761 1045 1800 istum
1074 1762 1266 1802 describit
1315 1760 1603 1813 machinaeque
1640 1760 1715 1799 ad..

268 1822 510 1860 vectionem.
568 1820 807 1860 Leonardus
837 1817 959 1857 etiam
987 1816 1172 1857 Chiensis
1200 1815 1436 1864 adeundus,
1486 1821 1525 1854 et
1555 1814 1717 1854 Plu-an-

269 1889 332 1914 zes
362 1874 431 1914 lib.
463 1876 485 1915 5
515 1890 550 1915 c.
579 1875 623 1916 8.
1610 1867 1627 1877 Γ

380 1930 429 1969 Ρ.
460 1930 555 1978 258,
589 1931 655 1971 25..
709 1926 737 1982 ἢ
777 1926 824 1968 δὲ
852 1923 1128 1980 Σελυμβριά]
1186 1926 1315 1979 Capta
1345 1925 1461 1978 Cpoli
1488 1923 1717 1978 Selymbria

268 1983 518 2024 deditionem
546 1986 655 2025 fecit.

380 2041 432 2083 P.
460 2040 554 2094 259,
585 2039 624 2091 4.
681 2032 902 2090 σκῆπτρα]
958 2036 1036 2074 Hic
1074 2049 1151 2089 pro
1188 2036 1331 2074 turmis
1369 2035 1554 2087 equitum
1581 2032 1715 2073 tribus

270 2102 507 2148 usurpatum
554 2095 743 2147 σκῆπτρα
781 2090 877 2141 τρία
897 2121 909 2140 ,
953 2104 1057 2145 quae
1081 2090 1158 2130 sub
1184 2090 1354 2129 totidem
1381 2088 1522 2128 bandis
1547 2102 1618 2128 seu
1644 2102 1714 2129 ve-

269 2149 372 2189 xillis
400 2149 600 2202 stipendia
627 2148 841 2188 faciebant.
1226 2171 1232 2174 —

381 2205 430 2244 P.
457 2204 549 2258 259,
583 2218 640 2258 ¹9-
698 2198 889 2254 κανὼν]
926 2201 1068 2240 Canon
1086 2199 1154 2239 hic
1181 2213 1261 2253 pro
1289 2196 1540 2252 poenitentia
1561 2204 1602 2236 et
1621 2211 1716 2251 poe·

268 2273 320 2298 na
352 2273 456 2313 quae
482 2258 713 2311 poenitenti
741 2256 955 2296 indicitur.

359 2314 430 2362 ,R
460 2313 557 2363 260,
587 2313 626 2365 4.
685 2307 902 2367 φελώνεις]
959 2310 1157 2350 Penulam
1184 2309 1504 2360 interpretantur
1523 2304 1712 2346 alii:‘sed

269 2382 393 2421 genus
421 2371 543 2408 vestis
573 2369 801 2408 communis
831 2367 929 2406 olim
956 2367 1044 2405 fuit.
1070 2365 1246 2418 pallium
1276 2367 1437 2402 vertere
1465 2362 1612 2409 nolui,
1653 2361 1712 2400 si..

268 2423 433 2476 quidem
474 2424 751 2463 sacerdotibus
780 2436 859 2460 non
899 2421 1110 2469 convenit,
1141 2417 1213 2459 sed
1242 2416 1335 2458 solis
1363 2415 1677 2469 archiepiscopis
1695 2443 1710 2467 ‚

269 2478 416 2531 quibus
448 2493 471 2517 a
505 2492 664 2518 summo
694 2477 886 2531 pontifice
914 2476 1154 2525 confertur3
1188 2489 1212 2512 a
1242 2486 1323 2527 quo
1355 2472 1477 2512 etiam
1505 2471 1602 2510 olim
1630 2484 1708 2523 pa-

267 2533 467 2572 triarchae
483 2533 686 2585 Cpolitani
713 2532 754 2571 id
783 2538 1037 2584 acceperunt.
1068 2530 1212 2569 stolam
1238 2525 1500 2580 interpretari
1526 2525 1706 2578 placuit,

268 2602 371 2641 quae
414 2588 601 2627 omnibus
639 2587 921 2627 sacerdotibus
963 2586 1154 2626 convenit
1193 2591 1235 2624 et
1275 2580 1450 2636 propria
1486 2586 1558 2618 est.
1589 2579 1710 2619 hodie

267 2642 374 2696 apud
400 2644 571 2682 Graecos
603 2657 683 2681 non
714 2640 1132 2695 solum'patriarchae
1161 2639 1230 2679 sed
1260 2644 1302 2679 et
1331 2637 1507 2690 episcopi
1537 2634 1708 2688 pallium

295 2705 430 2740 erunt.

269 2712 292 2752 g
378 2752 428 2793 P.
459 2751 550 2801 261,
586 2764 616 2790 1.
673 2749 718 2789 ἐν
746 2750 804 2805 τῷ
834 2751 919 2806 ναῷ
948 2748 1104 2802 αὐτῆς]
1137 2746 1402 2788 vocabantur
1430 2744 1612 2786 oratoria
1639 2743 1710 2785 illa
