1890 3204
295 194 410 249 626
768 220 772 225 ·
866 208 1153 251 numum
1171 219 1177 243 ι

291 319 374 353 tem
395 326 422 366 9
447 326 503 352 m.
519 311 560 364 5,
577 312 693 352 Luna
718 311 960 366 Capricorni
981 311 1148 364 gradum
1170 323 1217 350 ια
1235 324 1289 350 m.
1303 310 1343 360 6,
1364 310 1566 351 Saturnus
1584 310 1732 354 Cancri

289 367 401 423 grad.
417 368 467 407 23
496 382 551 410 m.
567 368 632 417 30,
652 370 804 421 Iupiter
816 367 1048 420 Capricorni
1064 365 1187 419 grad.
1203 379 1257 405 20
1276 381 1327 405 m.
1348 367 1414 419 39,
1434 367 1574 406 Venus
1586 367 1734 408 Leonis

290 423 400 476 grad.
424 423 475 462 25
492 437 544 465 m.
557 423 597 471 6,
615 423 839 461 Mercurius
854 420 1034 474 Virginis
1051 421 1162 474 grad.
1184 436 1211 476 9
1229 435 1281 460 m.
1295 421 1332 460 5.
1363 421 1493 460 nodus
1513 422 1735 463 ascendetis

232 484 234 487 ’
289 491 360 518 seu
380 483 501 530 caput
511 477 709 516 Draconis
729 477 898 529 Aquarii
915 490 974 529 gr.
995 489 1043 530 19
1057 491 1110 514 m.
1128 476 1191 519 50.
1204 490 1295 529 pars
1313 476 1504 516 fortunae
1524 477 1566 516 in
1585 476 1732 531 Capri*-

291 534 400 572 corni
415 532 528 585 grad.
545 547 595 571 22
613 546 664 572 m.
679 545 720 584 9.
736 545 840 583 quae
851 530 1018 570 deberet*
1031 533 1176 583 reponi
1186 533 1227 570 in
1243 531 1414 584 Aquarii
1430 530 1542 584 grad.
1556 531 1608 571 23
1625 532 1733 573 mci.

290 603 336 627 ex
366 588 462 626 locis
489 601 617 640 porro
631 586 795 625 Saturni
824 591 866 625 et
890 587 1032 625 Luna‘e
1059 592 1169 625 certo
1196 586 1474 626 concludimus
1500 599 1586 626 non
1613 588 1732 643 posse

291 642 512 681 convenire
547 641 614 680 alii
656 653 764 679 anno
796 654 919 693 quam
952 640 1101 679 Christi
1124 641 1221 681 621.
1249 640 1337 680 loca
1363 654 1464 680 vero
1490 642 1618 681 trium
1644 641 1733 696 plur

289 705 474 736 netarum
501 695 553 734 ad
583 696 687 734 diem
717 695 917 748 Septemb.
948 709 994 746 2,
1023 695 1127 735 hora
1157 701 1252 735 ante
1278 696 1484 735 meridiem
1514 698 1658 745 tertia,
1682 700 1732 737 ek}

291 751 513 790 Ptolemaei
541 750 690 789 tabulis
711 751 1059 803 computavimus,
1091 758 1195 804 quae
1222 764 1305 789 non
1335 751 1476 790 eadem
1502 765 1548 790 ac
1562 751 1734 805 Stepha—

287 821 364 845 nus
393 807 547 844 invenit
577 819 620 844 se
647 805 763 844 nobis
792 804 1043 844 obtulerunt.
1074 806 1302 844 invenimus
1334 807 1441 844 enim
1469 804 1733 847 locum'sotis

286 863 328 899 in
359 860 537 914 Virginis
578 874 636 913 gr.
679 858 789 898 8'm.
828 860 875 899 16
903 874 934 899 s.
962 861 1041 910 53,
1078 861 1218 899 Lunae
1246 860 1287 898 in
1316 860 1563 913 Capricorni¹
1586 867 1646 914 g'r.
1675 873 1730 900 πο

287 929 338 953 m.
370 914 422 965 45
449 930 478 953 s.
506 928 583 961 22,
631 915 794 954 Saturni
835 915 876 953 in
915 915 1065 953 Cancri
1092 914 1203 968 grad.
1234 912 1296 954 23¹
1324 912 1397 965 43''
1431 929 1469 969 7.
1498 915 1610 954 iuna*
1631 927 1732 955 vem

286 969 441 1009 tabulas
468 977 629 1008 nostras
659 968 901 1008 Philolaicas
934 976 1024 1009 erat
1057 970 1120 1009 sol
1149 971 1189 1009 in
1218 970 1396 1024 Virginis
1428 983 1493 1023 gr.
1529 983 1574 1008 ιι
1601 983 1654 1008 m.
1676 969 1734 1010 56

287 1040 306 1063 s
332 1039 423 1078 '¹9’
467 1026 584 1062 Luna
623 1025 665 1062 in
703 1024 943 1076 Capricorni
980 1039 1043 1078 gr.
1074 1025 1126 1063 23
1155 1039 1212 1063 m.
1239 1023 1294 1076 44
1322 1039 1352 1064 s.
1384 1024 1437 1075 8,
1462 1024 1663 1077 Saturnus
1688 1023 1731 1063 iu

287 1080 434 1117 Cancri
457 1079 568 1131 grad.
597 1078 652 1117 26
683 1093 733 1117 m.
768 1081 817 1120 35
851 1093 880 1118 s.
900 1078 968 1133 49.
1027 1078 1315 1119 Constantinus
1344 1078 1734 1134 Porphyro'gennetia

286 1134 354 1172 lib.
390 1134 440 1172 de
470 1133 823 1173 administratione
852 1133 1037 1187 imperii,
1066 1135 1115 1173 ad
1143 1134 1372 1173 Roman‘um
1398 1133 1733 1188 Porpliyrogeni-

286 1196 375 1228 tum
402 1188 448 1227 F.
494 1202 638 1235 suum,
681 1202 767 1242 cap.
801 1188 850 1228 16
890 1189 938 1227 ad
979 1203 1133 1228 annum
1162 1189 1305 1229 mundi
1337 1189 1472 1238 6230,
1500 1188 1643 1232 ludici.
1666 1189 1731 1238 X,

288 1244 465 1282 Heraclii
500 1246 546 1282 m
565 1274 574 1292 ,
607 1244 856 1295 Septembris
884 1244 994 1283 diem
1030 1245 1077 1292 3,
1105 1244 1247 1283 feriam
1276 1245 1327 1293 5,
1358 1243 1611 1297 Stephanum
1638 1242 1734 1283 -th'e-

288 1313 353 1337 ma
380 1297 551 1337 coeleste
579 1299 830 1337 constituisse
854 1298 995 1341 tradit.
1042 1313 1187 1338 verum
1216 1298 1408 1353 equidem
1434 1305 1496 1338 est
1522 1289 1734 1352 Septemb·
1767 1333 1771 1343 ,

290 1353 398 1392 diem
427 1354 448 1391 3
481 1368 527 1392 co
556 1366 662 1391 anuo
692 1353 814 1392 fuisse
842 1353 984 1392 feriam
1014 1354 1054 1394 5.
1081 1354 1152 1393 sed
1179 1355 1212 1393 si
1239 1355 1375 1394 thema
1402 1353 1455 1393 ad
1481 1350 1741 1402 diem=istam‘

290 1415 470 1446 erectum
499 1415 578 1456 est,
615 1414 712 1446 tunc
752 1408 849 1447 luna
877 1410 919 1447 in
941 1407 1177 1461 Aquarium
1204 1410 1438 1461 transierat,
1464 1408 1576 1462 quod
1603 1422 1732 1463 repu-

290 1469 389 1515 gnat
417 1462 570 1500 calculo
598 1469 638 1501 et
667 1464 838 1516 figurae.

159 1523 192 1557 P.
210 1532 274 1567 277
399 1518 450 1558 P.
479 1517 574 1570 319,
613 1516 671 1555 ¹8.
745 1518 841 1569 Cap.
872 1515 938 1567 43.
1003 1512 1076 1556 καὶ
1105 1513 1187 1556 α’πό
1213 1511 1344 1570 ῥόδου
1375 1515 1559 1571 φρέριοι]
1617 1518 1733 1557 Iaco-

289 1571 367 1610 bus
395 1572 534 1609 Bosius
572 1572 640 1609 lib.
672 1586 693 1625 7
732 1571 836 1610 Hist.
876 1571 1042 1611 militiae
1073 1570 1350 1624 Hierosolym.
1381 1586 1474 1610 cum
1501 1574 1616 1612 Duca
1645 1586 1735 1611 om·-

289 1628 387 1664 nino
427 1627 570 1675 sentit,
615 1633 654 1664 et
691 1627 887 1678 Magnum
924 1628 1161 1679 magistrum
1208 1626 1353 1665 audaci
1394 1626 1571 1680 fortique
1599 1627 1734 1666 animo

288 1681 568 1733 respondisse,
605 1688 645 1719 et
672 1681 844 1734 vectigal
875 1681 1094 1720 Mehemeti
1132 1681 1311 1734 pendere
1339 1681 1506 1720 omnino
1537 1681 1732 1722 renuisse.

403 1736 453 1773 P.
485 1734 580 1785 524,
619 1749 677 1785 ιι.
736 1732 760 1773 ὃ
787 1731 943 1787 ῥαχειά
969 1736 1157 1790 λέγεται]
1215 1736 1326 1774 Idem
1359 1736 1500 1775 Bosius
1528 1736 1599 1777 lih.
1627 1751 1650 1791 7
1683 1736 1736 1776 ad

288 1804 442 1829 annum
463 1789 563 1839 1455
581 1790 630 1828 de
645 1790 751 1829 bello
767 1790 944 1829 Rhodiis
972 1790 1124 1829 indicto
1152 1798 1192 1830 et
1219 1791 1378 1829 munito
1408 1786 1546 1829 casti-0²
1568 1787 1729 1831 Nan-an-

289 1845 352 1898 gia
374 1845 416 1883 in
437 1844 566 1883 insula
581 1845 678 1893 C00‚
709 1859 815 1897 quae
828 1845 967 1896 Lango
992 1845 1115 1898 vulgo
1138 1845 1310 1885 dicitur:
1336 1844 1490 1884 mando
1513 1845 1548 1884 il
1569 1845 1736 1898 general

290 1900 362 1939 del
385 1913 494 1939 mare
521 1913 596 1938 con
616 1900 653 1937 lc
676 1900 814 1952 galere
844 1908 883 1938 et
909 1901 1006 1938 altri
1030 1901 1206 1940 vast-elli
1228 1902 1380 1939 armati
1401 1900 1518 1939 della
1533 1900 1736 1952 Religione

289 1970 316 1993 a
341 1953 570 2008 provedere
607 1955 648 1992 la
676 1956 874 2005 sortezza
912 1955 958 1993 di
995 1954 1216 2008 Narangia
1255 1954 1453 1994 nell’isola
1496 1953 1544 1993 di
1582 1953 1733 2008 Longo.

289 2010 445 2048 Rachia
461 2016 499 2047 et
515 2009 716 2062 Narangia
745 2009 923 2048 eiusdem
954 2009 1033 2049 loci
1059 2010 1280 2063 appellatio
1306 2016 1366 2048 est
1393 2024 1417 2048 a
1447 2009 1570 2061 variis
1598 2012 1732 2050 natio-

288 2064 409 2103 nibus
435 2063 705 2103 diversimode
732 2067 952 2103 enuntiata.
991 2065 1219 2103 notandum
1246 2070 1382 2103 autem
1409 2070 1451 2103 et
1464 2064 1627 2104 Bosium
1657 2076 1734 2104 an-

288 2133 342 2158 no
369 2118 467 2171 1457
498 2119 647 2157 referre
678 2120 884 2158 obsessum
918 2119 1039 2158 fuisse
1065 2120 1245 2158 aTurcis
1272 2133 1342 2173 per
1360 2133 1411 2158 20
1441 2117 1528 2158 dies
1554 2125 1732 2159 castrum

289 2173 649 2223 Landimachium3
684 2189 805 2227 quam
838 2175 1089 2213 obsidionem
1118 2176 1253 2213 nescio
1286 2188 1384 2213 num
1410 2187 1457 2212 ea
1487 2173 1541 2212 sit
1569 2171 1620 2212 de
1649 2179 1732 2226 qua'

288 2228 424 2267 Ducas
466 2227 545 2266 hoc
581 2227 674 2267 loco
717 2229 903 2268 disserit:
955 2235 995 2268 et
1031 2230 1200 2268 fortasse
1244 2229 1283 2268 in
1309 2227 1473 2267 nomine
1500 2227 1577 2266 loci
1607 2231 1730 2267 error

289 2282 487 2321 admissus
526 2282 578 2321 ab
620 2283 817 2323 alterutro
855 2284 978 2322 fuerit
996 2314 1007 2334 ‚
1054 2292 1092 2323 et
1122 2299 1143 2323 a
1176 2285 1298 2323 Bosio
1324 2283 1476 2322 biennii
1505 2282 1730 2336 parachro-

289 2352 452 2376 nismus.

395 2393 446 2430 P.
484 2392 583 2442 528,
622 2392 683 2431 18.
744 2394 838 2445 Cap.
873 2391 937 2444 44.
995 2388 1158 2445 Αἴνου]
1234 2391 1372 2431 Aenus
1400 2392 1498 2430 urbs
1527 2390 1729 2431 Thraciae

288 2446 340 2484 ad
368 2461 479 2485 mare
522 2447 645 2485 situm
669 2463 680 2486 τ
724 2450 946 2500 oppositam
986 2447 1109 2486 habet
1137 2447 1317 2486 Thasum
1345 2446 1531 2486 insulam.
1563 2445 1728 2485 imbrus

285 2501 417 2540 insula
449 2502 570 2540 maris
596 2504 742 2554 Aegaei
791 2503 909 2541 hodie
938 2502 1122 2542 Lembro.

398 2557 447 2598 P.
478 2557 569 2604 330,
610 2571 667 2595 11.
729 2553 889 2610 Θάσον]
947 2557 1104 2596 Thasus
1132 2556 1263 2596 insula
1289 2556 1416 2596 hodie
1446 2555 1589 2603 Tamo,
1621 2554 1725 2594 freto

283 2610 399 2649 brevi
430 2625 452 2648 a
484 2611 660 2649 Thracia
689 2613 900 2650 disiuncta.

393 2665 443 2705 P.
475 2666 570 2711 331,
596 2681 631 2717 7.
689 2664 876 2717 ἔπαρχον
908 2664 1278 2718 Καλλιουηόλεως]
1337 2664 1555 2703 Adnotavit
1587 2663 1725 2700 Leun-

282 2720 433 2758 ciavius
460 2720 707 2772 temporibus
736 2719 813 2758 illis
839 2720 1137 2759 contostaulum
1169 2734 1239 2759 seu
1272 2718 1599 2758 archithalassum
1628 2717 1726 2756 Bas-

281 2788 365 2813 sam
394 2789 557 2829 quoque
587 2776 707 2813 suis-sc
738 2789 807 2813 seu
838 2777 1147 2828 gubernatorem
1175 2773 1433 2827 Callipoleos.
