1890 3204
0 1395 33 1621 iix-‘earnflfinz
15 1302 18 1303 =
6 1228 25 1251 f
0 1168 2 1170 ⁴
14 1106 18 1113 „,

16 2281 26 2300 a>

23 2661 37 2690 ἡ
18 2616 28 2654 ⁶
6 2431 41 2611 τεὴν-’ἕψε
4 2410 32 2421 τ’
11 2306 30 2390 '²

625 192 701 234 An
741 193 861 236 cn.
900 193 1098 235 xxxvn.
1138 192 1335 236 NOTAE.
1573 175 1688 234 613

229 290 398 326 nnntnr.
430 282 502 324 sed
541 281 665 324 calcis
692 284 814 334 albo,
859 298 954 326 cum
979 298 1088 326 anno
1117 283 1222 338 ’1647
1249 298 1319 325 eos
1345 283 1686 335 considerabam,

228 348 276 383 ut
301 347 347 381 et
373 346 486 380 totus
526 341 735 379 moenium
769 339 976 394 ambitus,
1005 340 1163 381 inducti
1196 345 1347 392 erant,
1379 339 1436 381 ita
1468 347 1514 381 ut
1548 344 1689 384 oculos

226 395 386 451 fugeret
413 395 647 449 sculpturae
675 395 890 450 elegantia.

295 472 297 476 v
341 450 392 491 P.
419 450 518 499 265,
550 449 592 490 6.
648 449 727 497 ἕως
751 452 828 491 τοῦ
846 449 1121 506 Κοσμηδῗου]
1178 451 1243 492 ne
1272 449 1478 491 Cosmidio
1506 451 1689 494 Zonaras

226 506 380 548 Annal.
410 506 548 546 Tomo
579 505 605 545 5
635 505 676 545 in
695 507 880 547 Romano
909 509 1150 560 Lecapeno3
1191 521 1238 546 ex
1258 520 1348 560 ¹quo
1375 504 1430 545 ad
1462 505 1579 546 littus
1611 509 1690 547 Ce-

227 561 355 602 ratini
381 561 497 610 sinus
522 566 635 601 extra
653 561 799 601 urbem
825 563 948 602 situm
976 562 1097 602 fuisse
1117 569 1239 616 patet.
1268 562 1343 602 καί
1369 557 1477 601 κατὰ
1508 558 1583 602 τὸν
1611 563 1691 603 τοῦ

226 615 469 668 Κοσμιδίου
497 612 688 668 αἰγιαλὸν
712 625 788 660 etc.
822 619 982 658 Nicetas
1011 619 1131 658 etiam
1160 620 1201 657 in
1220 617 1467 658 Annalibus:
1497 612 1590 669 ἧδὲ
1619 618 1690 658 ἴπ-

227 685 318 719 noc.
343 667 454 723 μετὰ
493 672 568 724 τῆς
609 672 947 726 προβεβλημένης
990 673 1117 725 πεζῆς
1144 672 1349 723 στρατιάς
1373 671 1433 727 τῷ
1463 672 1688 729 Κοσμιὸἴῳ

225 725 493 781 wormat,
519 724 676 779 μικρὰν
693 724 975 782 ἑφευρηκότες
1001 727 1047 768 ἐκ
1072 728 1156 768 τῶν
1177 726 1400 777 Ῥωμαίων
1429 724 1688 780 ἀντίστασιν,

225 779 328 835 περὶ
360 777 436 834 τὴν
481 780 572 822 ἐκεῖ
589 794 669 822 που
709 783 902 837 γέφυραν
930 782 1004 823 καί
1029 779 1103 823 τὸν
1129 781 1350 835 λεγόμενον
1387 779 1596 835 τρυπηῐόν
1625 782 1688 824 M·

225 838 321 878 θον.
390 832 465 876 καὶ
502 832 555 877 τὰ
597 837 677 887 μὲν
715 840 840 877 πλοῖα
888 836 961 878 καί
988 834 1030 879 αἱ
1060 840 1155 888 νῆες
1181 838 1256 877 καί
1282 834 1321 877 οἱ
1355 834 1569 888 δρόμωνες
1602 839 1694 880 ἐκεῖ

166 913 168 915 >
225 904 315 938 ,που
340 891 632 944 προσίσχουσι.
662 894 806 947 copiae
833 903 1031 949 equestres
1064 894 1326 945 (Latinorum)
1356 908 1443 932 cnm
1465 894 1655 947 peditatu
1673 925 1685 946 ,

225 947 301 1003 qui
335 947 618 997 antecedebat,
670 947 916 988 Cosmidium
953 957 1174 1004 occupant,
1224 962 1317 989 cum
1359 948 1558 1002 langmde
1587 951 1688 1003 ipsis

226 1003 460 1044 restitissent
489 1002 660 1043 Romaei
676 1034 689 1054 ,
724 1005 797 1059 qni
823 1005 885 1043 ad
918 1014 1081 1060 pontem
1110 1005 1195 1043 illic
1223 1012 1487 1044 constructum
1516 1013 1552 1044 ec
1581 1006 1691 1059 lapi·

227 1057 326 1099 dem
355 1056 614 1112 Perfer-atum
643 1059 887 1114 appellatum
917 1062 1137 1100 stationem
1164 1059 1374 1102 habebant.
1404 1059 1526 1099 fuisse
1554 1069 1691 1100 autem

228 1111 366 1153 locum
395 1113 511 1154 illum
558 1113 670 1154 extra
699 1114 812 1154 urbis
841 1130 978 1155 muros
1006 1129 1052 1154 ex
1081 1115 1223 1155 eodem
1252 1113 1342 1154 loco
1372 1122 1558 1154 constat:
1591 1130 1691 1168 σκη-

227 1166 304 1216 νάς
331 1181 378 1208 τε
406 1162 545 1221 ὀρθὰς
571 1163 715 1223 ἑώρων
744 1166 781 1209 οἱ
811 1169 857 1209 ἐν
883 1174 970 1218 τοῖς
999 1170 1170 1222 τείχεσι.
1197 1178 1330 1209 erecta
1356 1172 1528 1210 tentor-ia
1556 1171 1689 1221 (Lati-

223 1225 383 1272 norum)
421 1223 636 1275 videbant,
675 1225 744 1264 ‹m‘
792 1226 908 1265 intra
946 1240 1076 1266 muros
1117 1234 1243 1268 erant.
1283 1232 1324 1264 et
1362 1239 1450 1279 cap.
1480 1239 1563 1279 seq.
1593 1229 1689 1267 satis

225 1278 407 1320 ostendit
437 1279 574 1319 Ducas
602 1280 653 1319 ad
682 1241 796 1321 littus
823 1281 1000 1320 Ceratini
1029 1283 1141 1321 sinus
1171 1289 1281 1321 extra
1314 1280 1455 1321 urbem
1487 1281 1688 1322 Cosmidi—

228 1349 298 1375 um
326 1335 449 1375 situm
479 1334 616 1375 suisse-
646 1335 760 1376 locus
788 1350 883 1389 ergo
913 1336 979 1376 ille
1005 1336 1056 1375 ad
1084 1342 1312 1376 extremum
1342 1337 1457 1378 littus
1483 1337 1594 1376 sinus
1612 1338 1689 1377 Ce-

229 1391 353 1431 ratini
380 1389 483 1430 situs
513 1397 602 1431 erat
629 1390 739 1431 iuxta
767 1399 934 1444 pontem
963 1392 1003 1430 S.
1025 1392 1268 1442 Mainantis,
1297 1397 1339 1432 et
1370 1391 1473 1438 alius
1503 1407 1588 1432 esse
1615 1407 1689 1432 ne-

228 1447 321 1500 quit
378 1451 514 1487 meter
543 1459 635 1485 eum
665 1448 736 1501 qui
765 1446 890 1486 hodie
918 1446 1156 1486 Ai-bazai·i
1182 1446 1430 1500 appellatur,
1461 1449 1527 1486 cui
1558 1450 1692 1487 vicina

229 1508 292 1542 est
323 1503 349 1541 lt
369 1501 524 1542 eschita
556 1501 654 1542 l'UP
684 1502 916 1556 appellata,
945 1502 988 1542 in
1018 1517 1098 1556 qua
1128 1502 1286 1555 collegii
1314 1502 1534 1543 doctorum
1561 1509 1601 1543 et
1630 1502 1692 1543 le-

229 1556 519 1611 gisperitomm
561 1557 768 1610 pontifex,
816 1557 982 1611 Muphti
1028 1558 1275 1611 appellatus,
1320 1559 1555 1622 imperatori
1584 1572 1691 1599 novo

228 1611 451 1666 imperium
499 1611 648 1666 adepto
665 1642 677 1659 .
735 1613 926 1668 precibus
980 1613 1228 1668 quibusdam
1264 1613 1440 1667 addius,
1486 1614 1694 1655 acinacem

228 1669 294 1709 cin
324 1669 370 1707 it.

297 1683 322 1723 g
340 1723 392 1763 P.
425 1722 520 1773 264,
546 1722 584 1763 8.
614 1720 754 1771 Θωμᾶ
781 1723 856 1762 τοῦ
892 1723 940 1762 δὲ
959 1720 1150 1779 Ἀκίνου]
1208 1724 1252 1764 Β.
1271 1723 1451 1764 Thomas
1479 1723 1530 1764 de
1561 1724 1694 1779 Aqui-

228 1791 286 1818 no
322 1778 565 1830 opusculum
606 1778 766 1830 scnipsit
803 1778 995 1818 adversus
1035 1781 1239 1828 Graecos,
1283 1780 1391 1833 quod
1429 1779 1603 1819 Urbano
1633 1780 1693 1820 lV

229 1831 418 1887 pontifici
456 1834 632 1874 maximo
677 1833 892 1873 dedicavit.
939 1840 1047 1874 extat
1085 1835 1243 1874 editum
1284 1835 1327 1874 in
1369 1848 1543 1888 operum
1585 1835 1694 1875 illius
1706 1846 1826 1881 μηδι

231 1894 350 1929 tomo
387 1901 461 1944 ¹73
505 1887 731 1941 eodemque
759 1889 991 1928 continetur
1020 1887 1131 1928 aliud
1162 1890 1404 1943 opusculum
1439 1889 1583 1930 ordine
1606 1898 1693 1932 ter-

229 1945 333 1984 tium
355 1973 368 1993 ,
396 1943 590 1985 adven-sus
616 1945 796 1983 Graecos
827 1945 1027 1986 Armenos
1054 1952 1093 1983 et
1118 1944 1344 1984 Saracenos
1371 1944 1580 1998 scriptum.

343 1999 392 2039 P.
423 1998 521 2051 264,
552 2012 592 2052 9.
663 1996 913 2051 Δημητρίου
940 1998 1015 2039 τοῦ
1045 1998 1248 2052 Κυδώνη]
1307 2000 1512 2040 lohannes
1541 2001 1694 2041 Canta-

229 2067 317 2097 cuz.
347 2054 417 2094 lib.
446 2055 474 2105 4
501 2067 588 2108 cap.
622 2053 670 2094 16
697 2054 849 2094 Histor.
879 2053 1002 2094 buius
1031 2054 1109 2094 viri
1135 2054 1431 2106 eruditissimi,
1459 2056 1573 2096 cuius
1602 2056 1695 2109 plu-

230 2125 279 2151 ra
324 2109 534 2151 doctrinae
579 2123 625 2148 ac
664 2108 901 2149 eruditionis
940 2117 1206 2150 monumenta
1251 2117 1418 2162 extant,
1447 2112 1696 2152 mentionem

229 2166 346 2207 facit.
386 2165 465 2205 fuit
508 2166 795 2205 Cantacuzeno
833 2164 1142 2205 familiaris'hic
1180 2166 1446 2218 Demetrius,
1486 2168 1696 2223 vitamque

232 2221 506 2262 monasticam
533 2234 627 2261 cum
658 2219 827 2260 Nicolao
871 2219 1058 2260 Cabasila
1089 2221 1278 2274 amplecti
1308 2221 1530 2275 aliquando
1562 2223 1695 2262 medi..

231 2283 344 2318 tatus
372 2283 444 2317 est.
481 2276 524 2316 in
565 2275 824 2316 Serenissimi
868 2276 1084 2315 Hetruriae
1106 2277 1259 2330 ,magni
1289 2277 1420 2317 Ducis
1448 2277 1696 2318 bibliotheca

232 2332 512 2373 laurentiana
556 2329 782 2371 Ptolemaei
825 2331 1134 2371 Mathematicae
1171 2333 1390 2386 Syntaxeos
1429 2333 1620 2372 volumen
1653 2335 1696 2372 in

233 2387 483 2428 membranis
520 2387 814 2440 elegantissime
854 2387 1054 2440 scriptum
1082 2386 1347 2438 adservatur,
1375 2389 1488 2442 quod
1518 2388 1586 2428 hic
1613 2389 1697 2442 Cy..

233 2443 362 2484 dones
408 2445 450 2483 in
493 2441 741 2482 bibliotheca
785 2455 858 2481 sua
889 2442 988 2482 olim
1030 2442 1185 2482 habuit.
1224 2444 1264 2482 in
1303 2443 1374 2483 illo
1419 2451 1500 2483 tres
1530 2443 1697 2484 lunares

233 2498 402 2552 eclipses
442 2497 754 2537 Thessalonicae
786 2497 1021 2537 observatas
1064 2511 1288 2552 earumque
1318 2506 1523 2539 momenta
1567 2500 1698 2539 adno-

233 2560 405 2604 tantur,
443 2567 489 2593 ex
531 2553 684 2606 quibus
717 2552 886 2606 epicycli
926 2552 1086 2592 lunaris
1124 2554 1329 2607 quantitas
1370 2554 1694 2594 demonstratur.

234 2608 307 2651 has
336 2609 648 2650 observationes
675 2607 884 2661 aCydone
911 2616 951 2647 et
967 2608 1151 2648 Cabasila
1172 2609 1335 2650 habitas
1363 2616 1405 2649 et
1435 2610 1698 2663 consignatas

235 2665 358 2706 fuisse
374 2665 589 2714 arbitror;
620 2677 791 2717 quai-um
810 2665 933 2716 prior
959 2663 1066 2703 facta
1087 2664 1311 2705 adnotatur
1340 2680 1447 2704 anno
1471 2664 1697 2704 Alexandri

243 2720 366 2771 1665,
397 2719 532 2773 Athyr
566 2720 613 2759 15
644 2719 685 2758 in
719 2717 788 2769 14,
821 2718 1048 2759 lucescente
1078 2719 1180 2759 hora
1214 2735 1250 2760 2.
1281 2735 1333 2760 m.
1365 2720 1417 2772 94
1448 2729 1534 2772 post
1568 2720 1698 2760 medi-
1767 2773 1773 2777 .

239 2789 306 2816 am
334 2782 498 2818 noctem
518 2805 529 2827 ‚
559 2774 642 2815 sole
669 2774 866 2827 sagittarii
900 2775 1070 2827 gradum
1106 2775 1165 2815 16.
1195 2790 1247 2816 m.
1283 2791 1304 2829 7
1335 2783 1613 2829 percurrente.
