1916 3210
418 684 973 745 lsMAELIS
1048 635 1750 779 BULLIALDi'

599 816 703 864 AD
749 816 1018 878 DucAE
1063 818 1524 869 HISTORIAM

873 926 1239 974 NOTAE

202 1198 236 1233 P.
252 1202 322 1235 206
442 1190 495 1231 P.
519 1205 580 1230 10.
603 1203 635 1229 1.
665 1190 731 1229 ed.
747 1190 881 1235 Bona.
914 1191 1014 1244 Cap.
1034 1205 1068 1230 1.
1092 1189 1212 1230 Initio
1229 1190 1349 1230 huius
1366 1191 1505 1244 operis
1520 1191 1788 1245 propositum

190 1245 233 1279 V.
257 1249 318 1283 165
330 1245 517 1285 auctoris
537 1246 613 1285 fuit
625 1259 831 1284 annorum
846 1262 868 1284 a
885 1245 1026 1285 mundi
1043 1253 1138 1285 ortu
1159 1253 1200 1286 et
1215 1244 1425 1285 creatione
1436 1252 1668 1286 exactorum
1681 1259 1778 1302 syn·-

330 1300 463 1354 opsim
506 1299 560 1338 ob
590 1299 734 1339 oculos
765 1314 921 1352 ponere
957 1302 1069 1340 iuxta
1098 1301 1287 1340 ecclesiae
1314 1299 1537 1340 orientalis
1561 1299 1777 1355 calculum,

326 1370 432 1409 quae
450 1354 501 1394 ab
523 1354 644 1394 initio
667 1354 809 1393 mundi
829 1355 882 1394 ad
899 1370 1050 1394 annum
1071 1369 1083 1394 1
1111 1369 1227 1395 aerae
1239 1355 1489 1395 Christianae
1504 1354 1682 1410 vulgaris
1692 1355 1775 1423 ‘an-

326 1424 401 1450 nos
426 1410 609 1464 integros
629 1408 732 1448 5508
750 1423 772 1447 a
796 1410 1023 1462 Septembri
1043 1411 1303 1450 antecedente
1319 1409 1413 1448 Kal.
1432 1411 1520 1454 Ian.
1540 1411 1636 1450 antii
1653 1412 1776 1464 primi

326 1471 532 1504 numerat.
575 1462 712 1503 nullus
758 1478 857 1503 vero
886 1478 1035 1504 veorum
1067 1466 1136 1517 qui
1169 1465 1210 1503 in
1240 1463 1520 1518 Chronologia
1551 1479 1775 1519 parumper

325 1520 476 1559 versati
514 1526 634 1568 sunt,
671 1518 801 1558 nescit
840 1520 1019 1558 Graecos
1061 1533 1213 1558 annum
1247 1533 1366 1558 suum
1404 1519 1456 1558 ab
1487 1518 1559 1558 illo
1594 1521 1773 1562 termino

324 1573 421 1614 Kal.
451 1573 659 1627 Septemb.
706 1573 862 1623 ordirir,
888 1576 961 1612 'ita
989 1581 1035 1613 ut
1072 1573 1256 1613 Christus
1285 1587 1392 1613 anno
1423 1573 1554 1628 5509,
1583 1576 1668 1615 sive
1696 1591 1772 1616 au-

324 1637 468 1669 tumno
502 1629 589 1668 sive
629 1629 794 1667 ineunte
837 1627 971 1667 hieme
1008 1625 1201 1674 θεοτόκος
1244 1642 1337 1666 eum
1365 1629 1544 1682 genuisse
1574 1629 1771 1683 dicatur,

326 1692 443 1723 natus
472 1686 539 1723 sit.
570 1689 723 1721 norunt
749 1681 871 1721 etiam
905 1696 1044 1722 omnes
1076 1682 1359 1735 Septuaginta,
1388 1684 1444 1722 ita
1474 1683 1699 1736 appellatos
1725 1700 1773 1727 ac

325 1739 501 1779 creditos
530 1737 678 1777 veteris
707 1737 934 1776 testamenti
966 1739 1227 1789 interpretes,
1256 1737 1395 1790 plures
1421 1751 1548 1778 annos
1575 1752 1599 1778 a
1627 1740 1772 1780 mundi

325 1794 491 1833 exordio
510 1792 561 1832 ad
582 1791 864 1831 Abrahamum
890 1793 931 1830 in
958 1792 1148 1831 versione
1175 1806 1248 1831 sua
1265 1793 1558 1845 computavisse
1578 1807 1702 1848 quam
1729 1796 1772 1835 in

323 1856 436 1888 textu
461 1848 662 1891 Hebraico
692 1847 965 1899 reperiantur.
995 1861 1076 1900 qua
1105 1848 1265 1886 ratione
1296 1847 1338 1886 id
1368 1847 1583 1900 contigerit
1611 1851 1772 1903 assequi

323 1903 515 1944 arduum.
563 1909 694 1942 textus
733 1902 920 1955 equidem
953 1901 1173 1948 Hebraicus
1206 1901 1258 1940 ab
1296 1900 1460 1941 Adamo
1491 1902 1543 1942 ad
1570 1902 1772 1945 diluvium

322 1973 454 1998 annos
496 1964 653 1997 exactos
683 1955 944 1996 solummodo
987 1956 1147 1995 exhibet
1181 1955 1312 2008 1655,
1343 1970 1437 1996 cum
1464 1958 1626 1997 interim
1651 1959 1771 2000 LXX

322 2015 565 2066 interpretes
594 2018 810 2050 numerent
830 2010 953 2063 2242.
984 2011 1025 2050 in
1055 2010 1172 2049 huius
1200 2012 1310 2050 enim
1332 2012 1472 2065 capitis
1498 2012 1650 2063 verbis,
1681 2009 1766 2053 a'no'

323 2068 399 2108 τοῦ
424 2064 566 2117 Ἀδάμ
591 2062 671 2112 {aig
699 2065 778 2104 τοῦ
804 2066 1101 2115 κατακλυσμοῦ
1129 2061 1201 2117 ἔτη
1234 2063 1394 2122 βσμβ’,
1424 2073 1558 2108 rectus
1585 2074 1673 2116 est,
1703 2074 1769 2109 et-

323 2123 356 2161 si
388 2137 410 2161 e
440 2123 753 2175 generationum
783 2120 1074 2173 explicatarum
1104 2121 1283 2159 numeris
1312 2119 1558 2175 colligantur
1591 2123 1716 2177 2249.
1744 2137 1770 2164 a

324 2178 479 2216 diluvio
507 2177 561 2216 ad
585 2175 864 2214 Abrahamum
891 2181 1022 2214 textus
1051 2174 1273 2214 Hebra'icus
1304 2183 1490 2216 numerat
1514 2190 1641 2217 annos
1663 2176 1783 2231 292:⁴

326 2240 367 2271 at
394 2234 632 2284 interpretes
664 2231 783 2268 LXX
824 2237 1042 2269 numerant
1069 2243 1195 2268 annos
1229 2229 1353 2284 1178,
1381 2230 1450 2271 hic
1477 2239 1613 2271 noster
1646 2245 1766 2272 1121.

323 2286 376 2326 de
404 2288 482 2326 hac
518 2284 782 2338 computandi
829 2284 1076 2324 dissensione
1105 2298 1186 2323 non
1212 2292 1271 2324 est
1299 2285 1457 2325 dicendi
1486 2299 1598 2325 nunc
1622 2285 1767 2339 lucus3

323 2355 398 2380 nec
427 2342 686 2394 propositum
724 2346 781 2378 est
820 2339 937 2379 nobis
974 2339 1204 2393 disquirere
1243 2347 1283 2378 et
1315 2341 1487 2380 scrutari
1514 2355 1614 2380 num
1637 2347 1767 2382 textus

325 2396 578 2445 lstbraicus,
619 2409 703 2449 quo
741 2393 800 2433 illi
842 2395 904 2433 usi
932 2400 1049 2445 sunt,
1090 2393 1142 2433 ab
1175 2408 1223 2433 eo
1251 2394 1322 2447 qui
1350 2395 1538 2435 omnibus
1565 2395 1767 2448 probatus

323 2451 607 2490 circumfertur
647 2448 882 2497 variaverit,
923 2463 1023 2487 num
1064 2449 1184 2487 etiam
1212 2448 1348 2502 aliqua
1377 2449 1535 2489 ratione
1559 2450 1672 2490 ducti
1706 2449 1766 2492 illi

323 2507 425 2552 viri,
467 2507 536 2558 qui
575 2503 798 2556 gentilium,
829 2504 1128 2557 Aegyptiorum
1159 2504 1378 2557 praecipue
1410 2519 1455 2544 ac
1482 2507 1760 2554 Graecorum,

324 2560 449 2600 oculis
492 2574 540 2599 ac
578 2559 729 2598 iudicio
765 2572 924 2598 sacram
963 2559 1172 2598 historiam
1211 2558 1499 2609 subiiciebant,
1533 2573 1659 2598 annos
1686 2560 1763 2599 ali-

170 2625 311 2668 ·P.2o7
326 2622 425 2669 quot
460 2614 512 2653 ab
560 2613 663 2652 orbe
703 2613 869 2653 condito
900 2613 952 2652 ad
979 2613 1180 2652 diluvium
1209 2621 1247 2652 et
1276 2613 1370 2654 inde
1399 2614 1452 2653 ad
1482 2614 1764 2655 Abrahamum

328 2669 632 2716 intercalarint,
672 2668 926 2720 importunas
971 2669 1150 2721 gentium
1195 2667 1249 2708 ob
1278 2668 1555 2722 idololatriam
1582 2670 1762 2710 caecuti-

325 2727 482 2766 entium
514 2723 761 2764 obiectiones
791 2723 1044 2764 declinaturi.
