1890 3204
283 163 399 220 632
594 186 612 196 ⁷·
856 166 1149 217 numum

224 311 226 317 ·
289 283 414 325 lib..2
444 294 533 334 cap.
568 294 616 335 ¹9
643 278 880 319 Novembris
910 292 959 332 27
990 279 1187 316 Moratem
1217 276 1270 316 ad
1299 272 1565 316 Hexamilium
1591 275 1724 316 noce&-

291 341 386 378 sisse
413 337 527 387 dicit,
550 334 782 375 Decembris
813 348 857 373 10
886 333 1153 386 occupavisse.
1181 331 1390 371 adeundae
1420 337 1538 370 notae
1566 337 1725 371 nostrae

291 393 344 432 ad
371 393 510 430 Ducae
549 405 634 443 cap.
664 391 730 432 52.
797 388 983 427 Ahmetes
1015 388 1195 426 Morates
1242 401 1266 425 a
1293 385 1408 426 nullo
1438 385 1518 424 alio
1545 391 1724 425 vocatur.

215 488 218 491 ,
293 447 393 486 Cuia
420 446 536 486 locus
562 446 601 484 in
632 442 845 483 Laconica
862 457 936 482 seu
959 443 1159 495 Spartana
1184 441 1356 491 ditione,
1385 442 1499 480 cuius
1524 439 1727 480 Phranae's

167 499 274 534 P·28¹
292 502 383 541 loco
410 502 532 540 citato
567 499 761 541 meminit.
817 498 959 536 Boziza
995 504 1053 537 est
1080 510 1184 550 quae
1211 497 1328 537 aliter
1355 496 1518 536 Vostica
1540 493 1726 548 appella·

290 563 372 602 tur,
403 555 580 594 Achaiae
615 554 724 595 urbs.
753 553 928 607 Aegium
965 552 1062 591 olim
1086 550 1284 605 appellata
1318 551 1372 609 ad
1410 550 1548 591 sinum
1569 549 1724 602 Corin—

159 609 467 650 v.2031hiacum
484 639 496 658 ‚
529 623 638 647 nunc
671 608 751 647 Gol
769 623 792 647 o
819 609 864 646 cli
890 608 1086 662 Lepanto.

398 665 450 707 P.
480 666 572 709 520,
606 665 644 705 3.
710 659 962 714 ἐτελεύτησε]
1021 662 1224 702 Phranzes
1253 660 1324 700 lib.
1354 661 1378 701 5
1403 673 1491 714 cap.
1522 672 1546 699 2
1574 665 1616 699 et
1646 670 1722 714 17,

293 721 365 760 ubi
392 720 443 758 de
466 732 571 757 anno
600 732 736 769 mense
763 724 804 757 et
834 717 898 756 die
928 724 1068 770 captae
1093 715 1264 770 Cpoleos
1283 744 1295 765 ‚
1323 715 1425 769 6961
1458 715 1554 755 Maii
1583 726 1654 769 29.

398 774 446 813 P.
479 777 572 823 520,
608 779 670 822 14.
735 766 868 825 ἐφάνη
906 767 1056 824 ἀστήρ]
1127 771 1306 810 Historia
1338 769 1629 810 Musulmanica
1657 770 1723 809 vi-

285 843 374 867 sum
403 834 542 867 narrat
572 833 769 866 cometam
795 841 886 866 cum
930 827 1086 866 duabus
1114 825 1276 875 caudis,
1313 825 1431 864 binos
1460 824 1564 864 visos
1593 823 1722 864 inter-

284 889 522 935 pretantur,
550 896 659 922 anno
695 882 863 936 Hegirae
890 880 987 932 860,
1018 883 1088 936 qui
1120 881 1254 934 eoepit
1280 894 1386 920 anno
1419 877 1520 931 1455
1547 879 1720 919 Decem-

284 938 366 977 bris
385 951 422 976 ιι
473 937 573 976 feria
602 938 646 978 5.
1385 957 1392 964 .

399 968 463 1035 P’.·
482 991 577 1038 521,
614 1006 648 1031 1.
714 987 762 1030 τό
796 987 1019 1045 ΖΙΙούχλιν]
1077 991 1281 1030 Phranzes
1309 987 1515 1029 Mochlion
1547 985 1723 1042 'appellat‘

284 1045 356 1084 lib.
391 1047 412 1086 3
442 1061 530 1099 cap.
562 1059 629 1085 22.
687 1045 821 1098 Tegea
851 1045 949 1084 olim
978 1046 1180 1099 appellata
1207 1043 1408 1084 Arcadiae
1435 1043 1550 1083 urbs.
1580 1043 1676 1083 Maii
1696 1041 1721 1084 5

283 1100 553 1141 Meliemetem
579 1101 619 1139 in
635 1100 965 1153 Peloponnesum
980 1104 1148 1151 venisse,
1175 1107 1214 1140 et
1229 1098 1400 1152 Augusti
1428 1098 1457 1138 6
1485 1097 1724 1138 Corinthum

284 1156 482 1209 recepisse
509 1156 675 1195 adnotat
702 1155 923 1195 Phranzes.
1380 1152 1388 1162 ⁸
1508 1174 1510 1176 v
1648 1170 1650 1172 v
1720 1167 1729 1189 ,⁵

396 1212 445 1251 P.
471 1212 569 1261 521,
600 1211 636 1252 5.
690 1204 763 1248 τὸν
793 1205 913 1261 κύριν
945 1205 1204 1264 Δημήτριον]
1259 1206 1465 1248 Phranzes
1489 1206 1600 1248 lib.3
1631 1219 1721 1260 cap.

286 1263 353 1314 24.
381 1266 575 1305 Mesithra
604 1270 663 1305 est
691 1265 984 1306 Lacedaemon.
1726 1277 1729 1281 ¹

394 1320 443 1359 P.
465 1322 560 1370 521,
581 1321 619 1362 8.
673 1316 908 1373 Ἀπριλλήρ
934 1315 984 1372 γ’]
1028 1318 1152 1358 Anno
1182 1315 1252 1357 illo
1278 1316 1412 1371 cyclus
1441 1316 1559 1356 lunae
1585 1315 1663 1357 fuit
1683 1327 1722 1364 1„

285 1373 379 1414 solis
419 1373 486 1425 16,
520 1375 634 1414 litera
668 1375 714 1413 Β.
748 1388 843 1426 ergo
879 1373 1035 1412 Pascha
1062 1371 1211 1426 Aprilis
1247 1386 1320 1424 10,
1365 1379 1405 1411 et
1432 1366 1608 1425 κυριακὴ
1638 1370 1722 1412 τῶν

284 1427 418 1479 βἀίων
449 1429 599 1482 Aprilis
629 1430 679 1476 5,
710 1435 755 1467 ut
782 1428 847 1467 hic
873 1428 1102 1467 adnotatur.
1590 1435 1591 1438 ’

398 1483 445 1530 P.
473 1485 570 1534 521,
611 1485 670 1523 15.
725 1481 931 1521 Phranzes
965 1482 1034 1521 lib.
1056 1483 1077 1521 3
1111 1496 1197 1534 cap.
1218 1496 1268 1535 27
1300 1479 1480 1520 Venetos
1503 1479 1583 1520 hoc
1609 1493 1724 1520 anno·

282 1536 618 1587 Monembasiam,
647 1538 869 1576 Laconicae
890 1535 1047 1587 urbem,
1069 1535 1171 1588 ‘olim
1192 1535 1458 1589 Epidaurum,
1487 1548 1596 1574 nunc
1610 1535 1722 1574 Mat-

283 1593 431 1641 wasia,
468 1606 685 1645 occupasse
712 1592 864 1641 tradit,
899 1586 1149 1644 insulamque
1178 1592 1392 1632 Lemnum.

389 1646 438 1685 P.
468 1647 543 1688 521
565 1677 576 1694 ‚
607 1647 672 1694 24.
742 1646 951 1686 Euboeam
993 1661 1063 1686 seu
1089 1646 1291 1699 Euripum
1309 1674 1322 1695 ‚
1349 1644 1491 1683 Tui-cis
1515 1642 1689 1697 Egn'bos
1706 1672 1720 1694 ‚

283 1698 365 1739 hoc
396 1715 503 1740 anno
535 1701 800 1740 Mehemetem
842 1701 1044 1754 subegisse
1074 1701 1200 1740 tradit
1246 1700 1450 1740 Phranzes
1476 1698 1546 1738 lib.
1576 1699 1599 1738 5
1633 1713 1723 1752 cap.

284 1753 347 1792 30.
379 1755 484 1794 idem
511 1756 691 1795 Annales
719 1755 892 1794 Turcici.

394 1810 444 1851 P.
473 1812 581 1859 522,
614 1824 656 1865 9.
726 1809 952 1863 Doglionus
985 1808 1056 1854 lib.
1090 1808 1117 1849 8
1158 1809 1267 1849 Hist.
1309 1808 1489 1848 Venetae
1523 1805 1629 1846 idem
1656 1813 1720 1847 te-

281 1869 424 1903 statur.

391 1920 445 1958 P.
474 1917 570 1969 522,
607 1930 668 1958 ¹1.
724 1917 903 1959 Annales
933 1919 1117 1969 Turcici‚
1148 1925 1188 1958 et
1220 1917 1445 1972 Doglionus
1473 1915 1543 1957 lib.
1577 1930 1659 1957 10„
1700 1924 1703 1929 '

391 1974 441 2013 P.
474 1974 577 2024 522,
612 1974 674 2025 14.
731 1971 1064 2027 Ιηοθοκορόνην]
1130 1971 1309 2026 Μεθόνη
1348 1980 1388 2012 et
1419 1969 1584 2024 Κορόνη
1615 1971 1720 2010 duae

283 2031 379 2065 sunt
409 2030 449 2067 in
468 2029 744 2081 Peloponneso
772 2030 926 2068 urbes:
954 2029 1078 2070 hodie
1106 2029 1256 2068 Modon
1284 2036 1324 2067 et
1353 2027 1484 2066 Ceron
1513 2025 1720 2080 appellan-

282 2087 361 2120 tur.
419 2082 641 2135 Doglionus
671 2083 743 2122 lib.
780 2097 849 2133 ιο,
879 2091 999 2137 atque
1026 2084 1148 2123 etiam
1173 2083 1349 2123 Annales
1375 2082 1568 2123 Turcici..

391 2138 445 2179 P.
476 2139 570 2185 522,
612 2138 673 2176 ι5.
732 2138 955 2190 Doglionus
982 2139 1147 2177 ibidem.

393 2191 442 2231 P.
472 2193 569 2243 522,
606 2193 664 2232 16.
730 2190 753 2231 ὁ
794 2192 994 2245 Ἀμηροῖς
1032 2188 1298 2245 Παγιζὴτης]
1354 2189 1530 2231 Annales
1556 2188 1718 2228 Turcici

277 2245 457 2283 referunt
495 2247 543 2284 ad
593 2262 742 2286 annum
786 2248 958 2300 Hegirae
987 2249 1068 2302 918
1105 2259 1363 2299 mensemque
1390 2245 1552 2298 Sepher'.
1583 2243 1720 2295 coepit

279 2314 411 2339 annus
438 2301 504 2340 ille
530 2303 666 2341 Martii
699 2317 748 2341 20
775 2317 883 2342 anno
919 2303 1042 2353 1512,
1072 2302 1145 2342 fer.
1173 2301 1216 2342 6.
1233 2301 1450 2340 Neomenia
1476 2297 1628 2352 Sephei·
1654 2300 1719 2336 in-

278 2354 376 2392 cidit
411 2356 451 2393 in
481 2357 633 2408 Aprilis
660 2357 767 2396 diem
803 2357 860 2397 18.

390 2409 435 2449 P.
463 2409 555 2458 522,
587 2411 650 2452 25.
726 2412 841 2451 Hanc
877 2412 1169 2465 expeditionem
1198 2409 1388 2449 adversus
1415 2406 1611 2447 Ismailem
1637 2407 1715 2446 So-

277 2461 446 2512 phinum
476 2479 613 2518 resque
645 2474 774 2518 gestas
798 2468 979 2506 referunt
1011 2466 1203 2505 historIae
1221 2466 1447 2503 Turcorum
1482 2462 1534 2501 ad
1562 2475 1715 2501 annum

275 2530 353 2569 921
374 2547 386 2568 ,
431 2520 498 2570 qui
533 2523 664 2573 coepit
694 2521 910 2560 Februarii
954 2520 1025 2571 15,
1054 2522 1151 2560 feria
1191 2521 1215 2559 5
1236 2550 1246 2568 ,
1269 2533 1377 2558 anno
1410 2516 1528 2557 1515.
1555 2516 1715 2556 cladem

275 2574 471 2624 accepisse
504 2574 686 2613 Selimem
716 2583 873 2615 tantum
901 2578 1013 2615 abest
1040 2583 1086 2614 ut
1115 2575 1299 2624 tradant,
1325 2574 1458 2626 potius
1482 2585 1581 2610 vero
1612 2571 1714 2609 Per-

273 2639 334 2665 sas
364 2626 596 2680 profligatos
638 2631 786 2683 fuisse,
827 2639 866 2670 et
895 2632 1124 2671 Tebrisium
1153 2645 1176 2668 a
1203 2630 1338 2670 Persis
1368 2629 1571 2668 desertum
1602 2626 1711 2665 Tur-

274 2694 341 2720 cos
374 2696 602 2733 occupasse.

382 2736 431 2778 P.
461 2738 555 2790 523,
593 2740 654 2777 13.
720 2739 910 2780 Saltanus
950 2740 1117 2781 Selimes
1164 2741 1273 2780 iuxta
1309 2738 1469 2779 annales
1511 2735 1706 2774 Tui-eicos
