1904 3198
315 181 381 246 ¹4
581 236 583 238 ,
638 198 822 242 nucAE
856 195 1144 243 Mlanms
1183 199 1406 243 NEPoTls

272 297 468 346 Βπόλεως
506 293 609 353 ιῖχρι
649 299 724 340 καί
742 295 1043 352 Ἑλλησπόντου
1067 297 1180 353 παρὰ
1212 300 1288 341 τοῦ
1317 297 1526 355 Καρασῆ,
1561 302 1746 346 Βιθυνία

309 364 424 404 πᾶσα
456 362 529 404 καί
552 363 682 418 μέρος
707 366 788 405 τῶν
813 359 1109 417 Παφλαγόνων
1123 362 1237 419 παρὰ
1265 367 1338 406 τοῦ
1360 364 1541 419 Ὀθμάν,
1569 358 1749 422 οΐῆσαν

309 423 492 483 ἇρχηγοί
522 429 734 484 Τούρκων.
764 428 869 481 μετὰ
901 430 948 469 δὲ
975 426 1047 469 τόν
1073 429 1337 484 Ἀνδρόνικον
1371 431 1640 485 ἑβασιλευσεν
1658 422 1749 476 Mt-
1796 478 1799 480 ,

304 491 419 548 χαὴλ
447 492 470 533 ὅ
498 492 592 543 υἱός
623 495 756 536 αὐτοῦ’
782 494 855 548 ἔτη
886 523 898 534 .
931 524 940 534 .
977 524 987 534 .
1021 492 1124 545 μετὰ
1158 496 1204 537 δὲ
1230 494 1304 537 τόν
1317 494 1501 552 Μιχαὴλ
1531 497 1750 551 ἐβασίλευ-

307 573 380 599 σεν
408 557 667 613 Ἀνδρόνικος
711 558 735 600 ὃ
780 557 1137 610 ἐπονομαζόμενος
1171 562 1305 614 γέρων
1333 558 1405 616 ἔτη
1447 559 1511 615 ιγ’.
1565 559 1672 616 μετᾰ
1701 559 1788 604 δὲ5

307 622 379 664 τόν
408 619 675 679 Ἀνδρόνικον
713 622 904 678 Ἰωάννης
931 622 955 664 ὅ
983 624 1279 678 Παλαιολόγος
1317 624 1340 666 ὅ
1377 625 1470 676 υἱὸς
1497 626 1631 669 αὐτοῦ
1659 628 1751 674 νέος

309 684 366 730 ὢν
393 691 466 730 καί
495 687 886 743 παιδαγωγούμενος
916 687 1031 744 παρὰ
1071 688 1232 744 κυρίου’
1252 688 1440 733 Ἰωάννου
1469 694 1545 734 τοῦ
1576 695 1751 736 Καντα-

102 760 296 807 A.C.1357
311 754 529 808 κουζηνοῦ.
600 755 645 797 ἐν
684 756 742 812 τῷ
771 785 780 794 .
815 781 829 795 .
859 753 992 795 αὐτοῦ
1019 753 1104 796 ἔτει
1131 749 1307 809 ἤρξαντο
1338 754 1380 799 οἱ,
1411 759 1592 812 Τοῦρκοι
1619 760 1753 812 περᾶν

101 808 299 888 Ιέἷῐξξίᾶζὶὃ
311 818 384 861 τὸν
403 818 723 874 Ἑλλήσποντον,
772 821 818 861 ἐκ
839 821 923 872 ’μὲν
953 821 1026 874 τῆς
1046 820 1201 869 Ἀσίας
1222 820 1375 876 Ὁμοῢρ
1402 819 1566 877 ἔγγονος
1584 823 1726 879 -Ἀτήν
1738 857 1750 876 ,

122 878 194 946 ις’),ὅῑ
213 903 253 936 ,6
285 874 492 940 ’ἀρχηγὸς
525 883 722 939 Τοόρκων
750 882 961 936 δεσπόζων
987 884 1196 941 Σμύρναν,
1214 880 1393 942 Ἔφεσον
1429 890 1504 930 καί
1526 887 1578 931 τά
1605 879 1752 944 πέριξ,
1772 906 1818 930 ro

308 951 355 991 ἐκ
398 950 447 991 δὲ
478 947 682 1004 Προόσης
703 945 859 1004 Ὀρχάν
901 947 1064 1004 ἔκγονος
1106 953 1180 992 τοῦ
1227 950 1422 1007 ῥηθέντος
1454 947 1628 1006 Ὀθμάν.
1679 970 1755 1006 πε-

270 1017 463 1071 Ερῶντες
504 1017 605 1068 γοῦν
641 1018 845 1074 λῃστρικῷ
885 1017 1022 1074 τρόπῳ
1059 1015 1269 1072 ἐπόρθουν
1309 1014 1578 1073 Χερρόνησον
1616 1011 1756 1075 πᾶσαν

308 1081 383 1123 καί
407 1078 614 1137 παράλιον
637 1079 819 1139 Θρᾴκης,
847 1080 906 1136 μή
934 1080 1097 1135 ἔχοντες
1123 1081 1197 1124 τὸν
1224 1078 1530 1136 ἀνθιστάμενον
1555 1078 1583 1139 ἢ
1609 1077 1754 1129 α’νταί-

309 1161 465 1200 ροντα,
507 1145 680 1202 ἀφόβως
709 1142 812 1200 ἄχρι
848 1148 1192 1201 Διδυμοτοίχου,
1223 1149 1297 1188 κατ’
1327 1145 1429 1203 πρὸς
1454 1145 1530 1203 τὴν
1558 1140 1756 1202 βασιλεῦ-

311 1227 445 1253 ουσαν
485 1206 590 1266 ἄχρι
619 1212 891 1267 Σηλυμβρίας
931 1214 1176 1266 κατέτρεχον
1219 1210 1277 1260 ὥς
1302 1212 1378 1267 τήν
1416 1215 1556 1256 πᾶσαν
1587 1213 1756 1271 Θρᾴκην
1774 1215 1823 1256 15

309 1275 393 1317 ὑπὸ
438 1282 562 1332 χεῖρα
604 1275 859 1333 ποιήσοντες.
927 1280 972 1320 ἐν
1013 1280 1065 1335 τῇ
1099 1277 1294 1336 βασιλείᾳ
1325 1280 1425 1332 γοῦν
1452 1281 1530 1320 τοῦ
1558 1276 1758 1335 ῥηθέντος

312 1340 532 1394 Ἰωάννου,
571 1340 632 1383 ἔτι
670 1343 871 1398 μείρακος
915 1337 1055 1396 ὄντος,
1100 1340 1211 1384 ἑάλω
1241 1345 1348 1393 Xa'og
1384 1346 1508 1398 νῆσος
1531 1342 1648 1400 παρά
1670 1342 1759 1386 ’τῶν

311 1408 353 1448 Γ
350 1409 542 1449 ενουιτῶν
553 1441 566 1460 ,
608 1410 680 1449 καί
714 1407 759 1450 αἱ
790 1411 936 1451 λοιπαί
964 1408 1187 1451 Κυκλάὸαι
1219 1411 1333 1464 νῆσοι
1365 1411 1411 1452 ἐκ
1439 1411 1523 1452 τῶν
1550 1409 1760 1466 Ναυάρας

313 1468 578 1528 ἀφικομένων
609 1476 843 1529 Φράγκων,
889 1473 962 1517 καί
988 1473 1307 1529 ,Πελοπόννησος
1335 1476 1451 1516 πᾶσα
1479 1473 1588 1530 πλὴν
1616 1479 1759 1518 Λακε-

313 1537 523 1590 δαιμὸνων
556 1537 630 1580 καί
654 1542 963 1594 ,Μονεμβασιάς
987 1539 1062 1582 καί
1086 1539 1132 1582 αἱ
1159 1543 1252 1582 κατ’
1276 1539 1434 1582 Ἰωνίαν
1459 1539 1656 1582 «Mamm
1678 1557 1757 1583 na·
1772 1556 1826 1581 2⁰

316 1602 368 1658 ρὰ
399 1604 481 1644 τῶν
508 1604 550 1645 Γ
546 1605 752 1646 ενουιτῶν.

232 1677 266 1728 ¹³:
285 1678 303 1711 5
426 1673 465 1714 3.
521 1670 586 1711 Ἐν
627 1671 675 1711 δὲ
716 1673 772 1729 τῷ
814 1671 930 1729 αὐτῷ
969 1669 1052 1713 ἔτει
1097 1671 1313 1726 ἐτεθνήκει
1350 1670 1425 1712 καί
1454 1670 1476 1713 ὃ
1505 1671 1761 1727 προρρηθείς

232 1723 465 1790 ν’ΨΟρχόιν
507 1733 531 1775 ὅ
547 1735 746 1792 ἀρχηγὸς
774 1739 857 1779 τῶν
891 1736 1110 1794 Τοόρκων,
1153 1739 1414 1780 καταλείπων
1439 1735 1515 1791 τήν
1538 1736 1761 1792 ἡγεμονίαν

317 1873 536 1915 extenditur,
561 1884 581 1906 a
603 1873 732 1907 Carase
758 1878 929 1918 occupata
951 1877 1015 1907 est.
1063 1873 1232 1916 Bithynia
1254 1876 1331 1906 tota
1346 1877 1383 1906 et
1394 1871 1656 1918 Paphlagoniae
1677 1885 1759 1919 pars

317 1919 498 1952 Othmano
539 1925 747 1961 cesserunt,
782 1926 892 1965 atque
925 1920 964 1953 hi
1002 1930 1126 1953 omnes
1153 1920 1352 1952 Turcorum
1385 1919 1566 1966 principes
1588 1932 1628 1954 ac
1649 1920 1761 1954 duces

317 1972 429 1999 erant.
454 1970 537 2011 post
549 1966 793 1999 Andronicum
817 1966 974 2000 Michael
997 1966 1193 1999 filius'eius
1218 1965 1362 2011 imperii
1382 1966 1494 1999 fasces
1509 1967 1671 2001 obtinuit
1695 1978 1759 2000 an—

315 2013 382 2045 nis.
409 2037 417 2046 .
447 2037 455 2045 .
479 2012 652 2046 Michaeli
670 2013 842 2046 successit
862 2013 1088 2046 Andronicus
1113 2013 1234 2046 senior
1258 2013 1396 2052 dictus,
1423 2013 1600 2059 annisque
1626 2016 1663 2048 13
1691 2014 1760 2046 im-

313 2059 416 2104 perio
442 2059 610 2104 praefuit.
671 2060 916 2093 Andronicum
949 2060 1114 2106 sequitur
1145 2059 1241 2092 filius
1273 2060 1351 2092 eius
1375 2058 1553 2093 Iohannes
1575 2061 1761 2094 palaeolo-

315 2116 398 2148 gus,
425 2106 489 2150 qui
528 2117 609 2138 cum
632 2106 772 2139 iuvenis
797 2112 902 2148 esset,
928 2107 994 2140 sub
1025 2106 1140 2140 tutela
1160 2105 1298 2139 domini
1326 2105 1498 2139 Iohanni·
1520 2106 1762 2140 Cantaeuzeni

316 2151 519 2195 regebatur.
541 2163 635 2186 anno
654 2153 797 2197 imperii
810 2153 918 2187 huius
933 2179 940 2186 .
955 2179 962 2186 .
977 2153 1102 2187 ‚Turci
1115 2153 1391 2197 Hellespontum
1411 2152 1526 2196 primo
1549 2153 1761 2186 transfreta-

317 2203 412 2234 runt.
438 2209 482 2230 ex
505 2198 589 2231 Asia
615 2199 763 2244 quidem
793 2200 930 2233 Homur
962 2200 1058 2244 filius
1094 2199 1211 2233 Atinis
1232 2199 1431 2232 Turcorum
1452 2199 1524 2231 dux
1546 2199 1670 2240 movit,
1695 2199 1760 2244 qui

316 2245 515 2288 Smyrnam,
527 2245 707 2289 Ephesum
721 2251 757 2280 et
769 2247 849 2279 loca
864 2247 981 2281 vicina
1004 2246 1162 2281 tenebat.
1189 2246 1370 2278 Orchanes
1390 2255 1475 2278 vero
1500 2245 1596 2278 filius
1623 2256 1760 2279 memo-

317 2292 386 2323 rati
409 2291 580 2324 othmani
606 2292 714 2325 Prusa
743 2294 926 2337 profectus
950 2299 1015 2328 est.
1050 2297 1218 2338 superato
1248 2292 1373 2336 itaque
1399 2291 1512 2332 freto,
1536 2292 1760 2336 praedonum

316 2348 416 2370 more
437 2343 551 2370 totam
576 2337 838 2373 Chersonesum
864 2341 1030 2386 populati
1050 2345 1143 2372 sunt.
1199 2338 1448 2382 Thraciaeque
1473 2337 1552 2370 loca
1578 2339 1759 2372 maritime

318 2394 462 2423 secure,
489 2383 666 2429 nulloque
698 2386 762 2430 qui
788 2387 1012 2421 incurrentes
1045 2386 1255 2431 reprimeret
1280 2384 1388 2418 obvio
1415 2384 1528 2425 facto,
1551 2396 1666 2429 usque
1693 2385 1759 2418 Di-

318 2430 611 2473 dymotoechum‚
652 2433 833 2477 etiamque
868 2445 989 2468 versus
1020 2433 1162 2477 imperii
1195 2431 1316 2465 sedem
1350 2430 1491 2475 Cpolim
1522 2430 1759 2475 Selymbriam

318 2487 432 2521 usque
451 2477 717 2511 incursionibus
743 2479 978 2522 infestarunt,
1020 2486 1190 2524 tanquam
1210 2478 1400 2511 Thraciam
1420 2477 1623 2510 universam
1649 2477 1758 2511 suba-

317 2523 422 2557 cturi.
447 2523 648 2567 imperante
673 2535 819 2570 quoque
844 2527 1004 2560 Iohanne
1028 2525 1212 2572 praedicto
1231 2535 1348 2570 eoque
1371 2523 1487 2556 adhuc
1505 2524 1646 2564 iuvene,
1672 2523 1758 2557 Chi-

317 2581 377 2601 um
401 2570 555 2602 insulam
569 2570 778 2604 Genuenses
801 2579 1031 2618 occuparunt,
1064 2578 1294 2617 caeterasque
1315 2570 1477 2615 cycladas
1495 2571 1632 2604 insulas
1647 2571 1758 2604 Fran-

319 2616 351 2648 ci
380 2626 423 2648 ex
445 2616 602 2649 Navarra
634 2618 799 2662 profecti.
837 2621 1003 2653 universa
1031 2620 1177 2663 insuper
1210 2618 1498 2663 Peloponnesus,
1526 2623 1669 2662 praeter
1689 2617 1758 2649 La-

319 2661 572 2695 cedaemonem
592 2668 629 2696 et
644 2664 947 2710 Monembasiam,
977 2673 1014 2699 et
1038 2677 1130 2712 quae
1156 2666 1194 2698 in
1223 2665 1325 2697 Ionia
1355 2665 1445 2697 sitae
1467 2669 1552 2698 sunt
1573 2663 1757 2697 Phocaeae

319 2708 364 2741 ab
390 2708 518 2742 iisdem
540 2709 793 2744 Genuensibus
813 2724 898 2745 suae
918 2713 1049 2747 ditioni
1071 2712 1231 2745 adiectae
1251 2716 1344 2744 sunt.

411 2757 442 2795 3,
495 2755 629 2790 Eodem
658 2768 751 2792 anno
784 2759 929 2794 labente
959 2760 1064 2794 nobis
1094 2769 1199 2804 supra
1225 2762 1439 2793 memoratus
1461 2755 1642 2794 Orchanes
1663 2755 1755 2789 Tur-
