1916 3210
474 150 686 195 nmen
728 151 1060 195 imnPRETE
1097 150 1350 194 monnio.
1506 130 1623 208 473

186 257 226 297 16
253 268 327 297 sua
355 254 545 297 doctriua
571 255 785 297 scrivendo
821 261 964 297 contra
990 252 1114 313 quelli
1143 254 1248 295 della
1277 255 1429 295 unione
1456 260 1498 296 et
1525 255 1628 297 silo-

185 311 356 366 gizaudo
381 318 523 352 contra
553 313 595 356 S.
628 311 806 352 Tomaso
833 312 883 352 de
913 312 1079 365 Aquino
1098 316 1139 350 et
1165 309 1243 350 alle
1267 324 1340 350 sue
1367 312 1562 352 sententie
1588 318 1630 352 et

185 373 332 408 contra
371 366 586 409 Demetrio
629 367 829 418 Chiduui,
870 365 1085 420 vogluando
1113 372 1286 406 mostrar
1311 366 1386 406 che
1415 367 1539 421 quelli
1568 367 1630 406 fo·

186 435 296 463 rouo
320 421 510 473 heretici,
537 421 744 464 habiando
775 423 811 462 el
832 421 1081 476 Megaducha
1123 422 1417 475 protomesagio
1455 436 1532 476 per
1558 435 1632 462 suo

217 483 446 530 rotectore,
475 476 512 518 el
541 476 660 532 quale
685 493 757 518 era
785 478 935 532 grande
964 477 1196 517 adversario
1222 476 1265 516 di
1286 477 1432 519 Latini.
1490 478 1634 527 Quan-

185 492 242 574 30
280 531 312 572 li
358 531 496 573 miseri
526 533 670 573 Romei
714 533 895 573 vcddero
935 533 1095 585 venire
1114 531 1152 572 el
1191 531 1342 585 grande
1387 535 1563 574 exercito
1592 532 1635 573 di

187 586 348 628 Tur-chi
377 594 518 629 contra
542 587 582 628 la
606 589 711 638 cita,
741 587 967 628 dicevano:
1010 602 1036 627 0
1066 586 1166 638 (110,
1197 587 1363 628 havesse
1391 588 1534 628 voluto
1561 589 1638 628 che

187 641 228 684 h
256 642 338 696 citit
365 645 469 685 {bsse
496 643 590 683 data
620 644 662 683 in
695 657 814 683 mano
844 644 895 683 de
919 643 1079 694 Latini,
1110 642 1138 682 li
1169 643 1278 697 quali
1309 643 1490 684 adorano
1517 643 1640 683 Chri·

186 704 251 738 nto
282 703 324 739 et
346 699 387 742 la
413 707 540 740 matre
565 698 617 739 de
645 698 714 739 dio
733 729 745 746 ‚
778 699 852 739 che
881 700 1008 738 siamo
1051 698 1136 738 dati
1165 702 1207 737 in
1235 697 1274 737 le
1298 713 1418 744 mano
1445 700 1529 740 deli
1556 700 1640 739 im-

189 753 265 809 pii.
322 757 369 798 Iu
397 754 531 808 quella
569 754 673 794 hora
703 753 984 808 Meghaducha
1015 753 1149 794 disse:
1191 754 1339 807 Meglio
1371 755 1393 794 6
1421 755 1568 795 vedere
1596 755 1641 794 in

190 822 306 850 mezo
329 811 368 851 16
387 807 479 852 ”cita
508 810 547 850 61
572 809 700 849 fazolo
734 809 785 849 de
815 809 970 849 Turchi
999 808 1198 862 imperare
1224 808 1301 848 che
1328 808 1505 850 berretta
1530 810 1644 855 Lati-

191 865 301 906 nica.
325 867 396 906 Ma
413 864 496 906 aldi
526 864 663 919 quello
693 864 768 904 che
800 865 888 905 dice
911 864 1085 904 Ezechia
1120 871 1267 904 contra
1293 864 1344 904 de
1386 864 1456 906 lui.
1486 865 1578 905 Aldi
1605 864 1648 904 la

188 920 335 976 pamla
353 920 405 961 de
447 919 614 960 Sabaot.
644 921 783 961 Eccho
813 920 888 960 6116
914 933 1118 959 venerano
1151 921 1287 968 zorni,
1317 919 1412 960 nelli
1447 920 1558 976 quali
1584 934 1651 960 56-

2 1011 21 1034 g
193 990 301 1019 rano
328 990 451 1030 prese
493 982 601 1016 tutte
638 976 675 1015 le
717 989 813 1015 cose
840 974 916 1015 che
944 989 987 1014 56
1025 982 1275 1014 trovaranno
1305 976 1344 1015 10
1374 975 1414 1015 16
1442 982 1511 1016 tua
1545 989 1652 1016 casa.

193 1030 252 1073 Et
279 1037 390 1072 tutto
420 1030 500 1071 che
523 1031 661 1071 116000
690 1036 937 1084 congregato
961 1031 989 1069 li
1010 1030 1116 1082 patri
1145 1030 1202 1070 toi
1230 1029 1309 1069 fine
1337 1045 1360 1070 a
1390 1039 1533 1084 questo
1562 1037 1650 1070 zor-
1661 1032 1730 1070 265

194 1100 253 1131 no
271 1115 286 1138 ‚
314 1087 404 1128 sera
429 1093 596 1140 portato
622 1087 663 1125 in
690 1085 931 1128 Babillonia.
987 1085 1168 1124 Nissuno
1197 1085 1239 1125 di
1268 1086 1326 1124 toi
1347 1086 1489 1139 figlioli
1518 1100 1653 1126 rema-

195 1143 317 1183 0616.
374 1141 512 1193 Quelli
544 1141 620 1181 che
647 1140 947 1181 descenderano
972 1139 1024 1180 da
1054 1140 1114 1190 ti,
1142 1140 1428 1194 prandet-anno
1457 1149 1498 1182 et
1526 1141 1655 1186 ferra-

196 1197 284 1238 noli
318 1196 495 1238 eunuchi
523 1198 566 1236 in
610 1195 650 1235 la
676 1211 766 1236 casa
797 1196 848 1237 de
879 1195 919 1235 10
948 1194 1212 1249 imperadore
1241 1195 1282 1235 di
1310 1197 1533 1237 Babilloni.
1591 1198 1654 1236 Lo

197 1252 463 1308 imperadore
490 1251 755 1292 Constantino
772 1281 784 1301 ‚
834 1256 990 1305 quanto
1018 1250 1046 1289 li
1079 1265 1146 1291 era
1177 1251 1397 1304 possibile,
1429 1251 1657 1292 sollicitava

201 1322 281 1348 eon
312 1307 341 1349 li
369 1308 542 1348 Zenuesi
569 1307 620 1347 de
637 1307 799 1357 Galata,
828 1306 858 1346 li
887 1306 996 1359 quali
1026 1305 1130 1345 bene
1159 1306 1431 1346 intendevano
1461 1307 1536 1347 che
1561 1307 1657 1361 quel

198 1364 276 1404 che
303 1364 407 1416 seria
435 1362 542 1403 della
569 1362 675 1411 cita,
703 1361 929 1402 conveniva
969 1374 1075 1401 esser
1101 1361 1154 1400 (16
1181 1362 1340 1404 Galata.
1399 1363 1520 1402 Onde
1549 1363 1658 1402 mol-

198 1425 246 1459 to
285 1419 422 1459 avanti
449 1417 634 1458 haveano
677 1417 870 1457 mandato
897 1430 921 1456 a
951 1416 1089 1456 Zenua
1121 1416 1172 1455 ad
1202 1415 1432 1457 domandar
1458 1418 1656 1458 aiutorio.

198 1473 258 1515 Et
281 1488 355 1514 era
382 1475 424 1514 in
454 1473 587 1515 lavia
616 1486 696 1513 una
726 1472 880 1528 grande
905 1485 1010 1511 nave
1038 1471 1090 1511 de
1104 1472 1279 1511 Zenuesi
1307 1487 1383 1513 con
1410 1473 1566 1512 homini
1585 1473 1663 1513 500

195 1534 273 1585 per
299 1529 481 1571 subsidio
513 1528 564 1568 de
596 1527 755 1568 Galata.
810 1528 862 1569 El
883 1527 1021 1567 baiulo
1042 1526 1093 1566 de
1122 1527 1160 1567 la
1184 1527 1367 1582 Signoria
1397 1528 1449 1568 de
1466 1529 1664 1580 Venetia,

193 1585 243 1626 -el
275 1585 396 1640 quale
422 1598 464 1625 se
493 1590 670 1626 trovava
698 1599 722 1624 a
753 1581 1111 1636 Constantinopoli
1150 1596 1230 1622 con
1254 1582 1283 1622 li
1313 1584 1408 1624 altri
1428 1584 1662 1631 Venetiani,

31 1686 35 1692 .
202 1641 415 1680 ritennero
434 1640 473 1680 le
501 1639 606 1694 galie
622 1653 761 1692 grosse
795 1640 845 1679 de
875 1637 1120 1688 mercantie,
1149 1638 1187 1677 le
1215 1637 1336 1693 quale
1363 1641 1564 1680 venivano
1597 1638 1665 1678 dal

21 1700 37 1748 ξ
201 1709 294 1736 mar
315 1709 458 1736 mazor
489 1695 542 1735 da
565 1695 828 1749 Trapisonda
853 1701 894 1734 et
922 1693 990 1734 dal
1014 1694 1138 1733 fiume
1165 1693 1272 1733 della
1299 1695 1426 1734 Tenai
1446 1724 1459 1746 ,
1491 1702 1531 1735 et
1558 1701 1666 1735 tutte

18 1747 38 1781 ἕ·
202 1751 405 1792 rimaseno
431 1764 508 1805 per
537 1749 771 1791 defensione
798 1749 905 1790 della
926 1750 1016 1789 cita.
1045 1750 1108 1789 Da
1140 1749 1279 1788 Zenua
1307 1764 1440 1790 venne
1472 1765 1558 1790 uno
1587 1750 1666 1789 ho-

204 1820 276 1847 mo
307 1805 440 1845 molto
477 1805 672 1846 valoroso
690 1835 702 1856 ‚
740 1805 943 1845 chiamato
973 1805 1086 1844 Zuan
1126 1804 1275 1858 Longo
1305 1804 1553 1856 lastiniam,
1582 1819 1663 1845 con

207 1861 278 1901 doi
309 1860 462 1915 grande
487 1875 592 1900 nave
624 1860 775 1901 carche
803 1860 854 1900 de
883 1860 1011 1899 multa
1034 1857 1262 1898 munitione
1285 1859 1494 1910 bellicosa,
1522 1874 1664 1900 cover-

207 1924 252 1957 te
279 1915 332 1956 de
360 1914 475 1955 molti
506 1916 647 1955 zoveni
670 1916 884 1964 Zenovesi‚
912 1914 1073 1969 potenti
1103 1915 1145 1953 in
1170 1928 1282 1954 arme
1309 1922 1352 1955 et
1377 1916 1591 1956 exercitate
1620 1915 1665 1954 in

207 1971 249 2012 16
282 1984 464 2025 guerre.-
503 1978 543 2010 et
584 1985 702 2024 sopra
732 1971 830 2010 tutti
860 1970 989 2010 Zuani
1025 1969 1296 2022 Zustiniano,
1327 1971 1533 2024 capitanio
1561 1969 1667 2011 delle

206 2041 313 2067 nave
346 2027 551 2076 Zenuese,
582 2040 730 2080 pareva
763 2040 844 2065 una
875 2025 1031 2079 fulgure
1059 2024 1112 2065 de
1142 2026 1290 2067 Marte.
1347 2026 1412 2066 Fo
1446 2025 1665 2066 ahbrazato

208 2082 302 2122 dalo
337 2081 593 2135 impet-adore
622 2095 700 2121 con
729 2081 880 2135 grande
913 2080 1071 2120 honore
1101 2086 1142 2119 et
1169 2080 1462 2124 benivolentia.
1491 2080 1535 2120 fo
1564 2081 1667 2121 scri-

208 2143 282 2193 pto
307 2135 370 2176 ala
403 2136 637 2191 provisione
678 2151 751 2176 600
785 2142 894 2176 tutta
929 2135 967 2176 la
994 2150 1066 2176 sua
1095 2138 1359 2189 compagnia‚
1391 2144 1430 2177 et
1452 2135 1665 2190 publicato

210 2193 506 2247 prothostara3
540 2191 576 2231 el
620 2192 739 2246 quale
768 2191 807 2231 so
836 2191 948 2231 facto
979 2191 1156 2245 prefecto
1184 2190 1263 2230 6116
1291 2191 1528 2232 defensione
1558 2191 1665 2232 delle
1676 2195 1746 2231 266

209 2262 329 2288 mure
360 2262 498 2302 presso
531 2247 568 2287 al
609 2247 765 2301 palam,
794 2254 935 2286 contra
961 2246 999 2286 16
1028 2245 1149 2300 quale
1177 2245 1214 2286 el
1245 2254 1424 2302 tyranno
1455 2246 1666 2287 ordenava

211 2303 379 2359 piantur
407 2304 444 2343 la
474 2302 630 2357 grande
649 2302 889 2343 bombarda.
944 2303 1107 2342 Ancora
1135 2301 1175 2341 lo
1199 2301 1452 2355 imperadore
1478 2317 1666 2344 concesse

212 2373 237 2400 a
266 2365 413 2414 questo
441 2358 583 2412 Longo
627 2359 852 2399 Iustiniano
893 2356 1052 2397 l'insula
1080 2356 1132 2396 de
1162 2358 1307 2398 Limno
1340 2372 1414 2398 con
1446 2357 1557 2398 bolla
1586 2372 1665 2397 au-

211 2425 307 2464 rea,
351 2414 547 2468 piacendo
574 2413 638 2454 ala
675 2413 959 2453 misericordia
1005 2413 1056 2452 de
1084 2412 1153 2451 dio
1181 2411 1356 2453 liberare
1380 2413 1419 2453 la
1448 2413 1528 2453 oitzz
1558 2412 1666 2453 dalle

213 2483 333 2510 10606
361 2469 403 2509 (11
435 2470 494 2509 soi
521 2470 680 2512 nemici.
751 2470 814 2508 Da
843 2468 938 2522 quel
966 2481 1088 2507 zorno
1113 2470 1154 2507 in
1182 2482 1235 2522 po
1267 2469 1404 2509 Zuane
1434 2468 1664 2515 Iustiniano

215 2539 292 2565 600
322 2523 349 2564 11
378 2523 469 2564 altri
499 2525 631 2564 Latini
662 2524 947 2564 combativano
979 2531 1124 2563 contra
1155 2523 1183 2563 li
1213 2524 1369 2564 Turchi
1399 2538 1516 2564 come
1542 2525 1665 2563 semi-

214 2579 306 2628 dei,
347 2580 494 2619 stando
534 2582 674 2619 avanti
715 2580 752 2618 le
779 2580 880 2618 fosse
922 2586 962 2617 et
990 2578 1017 2618 li
1067 2578 1265 2622 revellini.
1320 2580 1375 2619 Et
1403 2579 1528 2619 molte
1554 2579 1666 2619 volte

215 2635 425 2675 ussciendo
471 2634 563 2674 fora
603 2636 642 2674 al
671 2649 818 2688 campo
848 2634 1164 2674 combuttevano
1191 2648 1266 2674 con
1292 2634 1472 2686 Turchi3
1506 2641 1544 2674 et
1576 2648 1664 2674 uno

217 2689 449 2730 Christiano
496 2690 639 2729 valcva
660 2704 751 2743 ι1161·
789 2690 870 2728 ΧΧ
911 2689 1081 2728 anchi.
1146 2691 1215 2730 Ma
1243 2689 1280 2731 el
1323 2690 1525 2745 conseglio
1553 2688 1664 2730 dello

219 2745 469 2800 imperatlore
506 2760 528 2784 6
563 2746 627 2786 (161
664 2759 737 2786 suo
772 2752 914 2786 senato
951 2745 990 2785 so
1027 2745 1102 2785 che
1131 2746 1143 2785 i
1171 2746 1313 2787 Romei
1344 2753 1662 2786 conti-astasseno
