1890 3204
144 2100 148 2103 ’
163 2100 196 2133 P.
215 2101 283 2146 259

308 120 422 174 600
725 161 728 166 .
882 100 1165 173 numum

306 236 472 277 archam
512 235 689 276 noluisse
729 235 837 276 iuxta
880 232 1190 274 occidentalium
1231 233 1564 282 consuetudinem
1599 246 1746 294 μμᾳ

304 292 392 333 salu
411 305 495 332 aro.
1175 322 1177 324 .
1557 305 1572 333 g
1648 329 1653 332 ,
1717 298 1746 325 ³.

316 391 318 395 ,
394 301 465 388 thP.
494 359 588 395 212,
621 345 686 386 23.
754 339 916 383 ἔδωκαν
952 335 1029 382 οὖν
1051 341 1229 397 αὐτοῖς]
1297 344 1516 395 Quodnam
1549 346 1749 401 templum

304 402 451 443 Veneti
464 402 629 440 Graecis
654 399 706 439 ad
720 399 930 451 liturgiam
948 397 1229 437 celebrandam
1250 405 1350 438 tunc
1377 403 1645 442 concesserint
1669 417 1745 444 ne-
1775 414 1778 417 ·

304 456 405 508 scio,
434 456 511 495 nisi
543 456 650 495 forte
675 455 718 496 S.
735 453 914 506 Georgii,
939 454 979 491 in
996 467 1077 506 quo
1090 453 1282 496 venetias
1309 457 1462 495 reversi
1490 470 1567 509 pro
1597 456 1745 499 defim-

303 519 371 551 cto
407 510 637 565 patriarcha
676 509 883 561 liturgiam
921 507 1191 548 celebrarunt.
1236 516 1384 549 notant
1417 513 1488 564 qui
1529 507 1748 553 adfuerunt

302 568 472 614 Graeci,
506 580 528 604 a
560 564 825 604 venetiarum
855 562 960 602 duee
983 569 1168 616 rogatum
1198 562 1484 616 imperatorem
1511 580 1536 606 a
1566 567 1744 608 concilio

303 621 495 660 venetias
522 633 754 670 reversum,
782 625 828 658 ut
857 620 1035 658 Graecos
1064 618 1104 657 in
1129 618 1178 656 D.
1209 619 1338 658 Marci
1365 620 1518 674 templo
1542 619 1744 676 liturgiam

301 675 507 724 celebrare
535 674 721 724 iuberet3
755 672 869 727 quod
896 673 1059 712 factum.
1088 672 1140 712 ad
1161 673 1449 714 celebrandum
1474 676 1745 731 Protosyncess

302 730 393 780 lus,
436 742 540 783 quos
574 729 730 768 Latinis
768 734 889 767 norat
916 729 1088 767 maxime
1122 727 1350 779 adversari,
1377 729 1522 784 elegit3
1553 728 1743 785 etp-ma

299 790 415 824 sente
454 784 723 823 Venetiarum
764 782 869 822 duce
904 783 1165 836 patriciisque
1207 797 1318 824 sacra
1352 782 1540 839 liturgia,
1571 786 1620 826 iis
1645 801 1754 840 pro-⁴

300 839 488 878 bantibus
505 839 854 891 caerimoniasque
873 838 1146 887 laudantibus,
1163 844 1328 891 peracta
1346 845 1416 879 est.
1433 847 1622 881 excusant
1638 841 1743 882 hane
1786 884 1788 886 ,

299 893 615 936 celebrationem
643 895 686 934 in
707 894 944 933 Latinorum
970 892 1122 946 templo
1150 899 1359 945 peractam
1381 922 1394 944 ,
1432 894 1659 953 dicuntque
1701 897 1743 936 in

298 949 472 1001 proprio
503 949 753 988 Antimensio
783 948 1028 998 celebrasse,
1058 947 1166 987 vasis
1193 949 1276 987 suis
1301 961 1396 988 usos
1421 963 1533 1000 esse,
1557 964 1742 991 omnem..

298 1018 377 1057 que
414 1003 602 1043 ordinem
647 1010 690 1044 et
746 1002 1017 1043 caerimonias
1071 1003 1259 1042 ecclesiae
1295 1017 1392 1043 suae
1439 1017 1632 1045 servasse.
1668 1019 1743 1046 nee

298 1057 569 1098 omittendum
599 1066 658 1098 est
697 1058 920 1098 Heracleae
959 1057 1311 1110 archiepiscopum
1349 1072 1442 1097 cum
1470 1057 1747 1100 Lacedaemo«
1787 1071 1789 1073 ’

297 1113 426 1152 niensi
455 1112 661 1153 celebrare
686 1113 875 1163 noluisse,
904 1127 952 1152 eo
977 1113 1088 1166 quod
1118 1112 1355 1166 irregularis
1380 1113 1457 1166 ipsi
1486 1114 1618 1155 factus
1631 1116 1743 1155 vide-

298 1176 436 1213 retur.
479 1168 593 1222 quod
631 1169 684 1209 ad
714 1169 905 1210 ordinem
936 1166 1237 1209 sacerdotalem
1259 1166 1464 1221 quendam
1493 1168 1743 1211 homicidam
1786 1179 1789 1185 '

296 1226 583 1276 promovisset.

410 1278 461 1317 P.
490 1280 584 1328 214,
615 1278 656 1318 8.
724 1273 745 1318 ὁ
784 1277 830 1318 δὲ
874 1274 1034 1330 καρπὸς
1061 1278 1138 1318 τοῦ
1170 1274 1291 1331 ὅρου]
1350 1277 1424 1318 Illa
1455 1277 1508 1318 de
1533 1279 1744 1320 additione

294 1345 367 1370 seu
397 1333 532 1385 potius
559 1332 822 1386 explicatione
839 1364 852 1384 ,
894 1334 1083 1387 symbolo
1113 1334 1219 1374 facta
1237 1361 1248 1380 ‚
1277 1333 1487 1373 contentio
1513 1340 1657 1375 exorta
1683 1343 1745 1375 est
1790 1340 1796 1346 ”

301 1387 411 1427 circa
447 1394 635 1441 tempora
681 1388 832 1428 Leonis
872 1402 998 1441 papae
1025 1389 1109 1437 lv,
1151 1388 1222 1443 qui
1251 1401 1362 1427 anno
1387 1386 1466 1443 847
1505 1389 1744 1445 adsumptus

300 1449 384 1490 est,
421 1457 529 1481 anno
560 1456 662 1481 vero
686 1441 767 1482 855
797 1443 909 1482 obiit.
1412 1458 1415 1467 ἕ

407 1498 460 1539 Ρ.
489 1497 582 1546 314,
622 1511 683 1539 ιι.
748 1495 901 1543 πάντες
943 1488 1019 1535 οὖν
1055 1493 1396 1550 ὑπογράφειν-τες]
1466 1497 1557 1537 Iulii
1598 1497 1663 1538 die
1691 1498 1739 1548 5,

297 1550 528 1601 dominica,
557 1565 666 1590 anno
703 1552 826 1604 1439,
856 1552 1002 1590 Graeci
1034 1550 1198 1590 decreto
1225 1551 1542 1604 subsignarunt‚
1572 1560 1740 1606 excepto

296 1605 503 1658 Ephesino
542 1607 696 1651 Marco.
734 1620 840 1659 papa
877 1605 1024 1645 deinde
1049 1606 1355 1659 subsignatione
1383 1620 1455 1645 sua
1486 1607 1740 1647 confirmavit

295 1666 338 1698 et
365 1661 580 1713 probavit:
611 1675 700 1700 rem
728 1674 859 1714 porro
888 1661 1080 1699 infectam
1107 1675 1191 1699 esse
1218 1660 1341 1709 dixit,
1368 1675 1462 1700 cum
1490 1662 1740 1714 Ephesinum

295 1729 377 1753 non
406 1716 686 1767 subscripsisse
715 1715 921 1754 intellexit.
964 1715 1161 1768 postridie
1190 1715 1282 1753 Iulii
1310 1715 1363 1763 6,
1391 1716 1467 1759 fer.
1497 1730 1547 1766 2,
1574 1716 1741 1771 liturgia

296 1769 500 1810 celebrata
527 1778 601 1809 est.
633 1777 821 1809 cantores
856 1784 988 1823 papae
1020 1775 1061 1808 et
1099 1771 1240 1809 musici
1286 1772 1523 1811 cecinerunt
1543 1800 1555 1822 ‚
1595 1771 1741 1812 deinde

295 1825 439 1864 Graeei
463 1822 536 1878 τὴν
559 1821 745 1877 μεγάλην
774 1824 1023 1877 δοξολογιάν.
1051 1824 1257 1864 decretum
1287 1826 1328 1863 in
1357 1839 1404 1864 ea
1433 1826 1593 1866 lectum.
1637 1827 1738 1866 Phi-

293 1879 629 1935 lanthropininus
673 1879 869 1930 mantile,
908 1894 992 1933 quo
1031 1893 1174 1919 manus
1210 1879 1398 1919 abstersit
1424 1895 1527 1933 papa
1546 1911 1558 1932 ,
1587 1895 1738 1933 porre-

294 1936 362 1972 xit.
407 1942 446 1973 et
479 1934 682 1974 celebrata
719 1934 788 1974 illa
821 1935 945 1973 Missa
975 1935 1074 1973 unio
1101 1935 1274 1987 perfecta
1303 1942 1373 1977 est.
1404 1937 1518 1988 petiit
1543 1935 1689 1975 deinde
1714 1950 1739 1976 a

293 2003 397 2041 papa
426 1991 647 2042 imperator
675 1997 720 2029 ut
749 2004 796 2028 eo
824 1995 1042 2042 praesente
1056 1989 1204 2029 Graeci
1233 2003 1396 2044 quoque
1418 1991 1641 2044 Liturgiam
1668 2005 1738 2030 ces

293 2043 528 2094 lebrarent3
557 2045 671 2097 quod
702 2043 888 2083 obtinere
916 2044 1110 2097 nequivit.

405 2099 458 2138 Ρ.
495 2099 590 2145 215,
611 2101 659 2138 ·3.
686 2099 758 2138 καί
784 2097 938 2152 αἰτίαν]
996 2099 1142 2138 Graeci
1171 2098 1347 2153 theologi
1364 2098 1582 2152 aliquando
1612 2107 1736 2151 utun-

293 2159 362 2191 tur
389 2154 470 2192 hoc
513 2155 639 2193 verbo
677 2152 790 2192 αἰτία
838 2154 880 2192 in
912 2154 1144 2205 explicando
1170 2154 1240 2193 SS.
1269 2154 1483 2193 Trinitatis
1510 2156 1734 2207 mysterio:

291 2208 360 2246 sed
392 2223 441 2247 eo
465 2223 582 2248 sensu
598 2208 841 2261 intelligunt,
876 2216 921 2247 ut
934 2209 1036 2247 filius
1066 2208 1227 2262 genitus
1257 2223 1279 2246 a
1307 2215 1422 2262 patre
1449 2217 1664 2262 generante
1691 2216 1736 2248 ut

290 2264 579 2316 priucipiatum
606 2278 628 2302 a
658 2264 881 2317 principio,
912 2278 995 2303 non
1026 2278 1121 2302 vero
1151 2271 1347 2316 tanquam
1373 2264 1539 2303 effectus
1565 2278 1588 2301 a
1613 2278 1735 2305 causa

290 2317 475 2367 differat,
508 2327 552 2357 ut
578 2316 781 2368 ὄμουσιόυ
813 2320 920 2357 ratio
950 2319 1108 2382 integra
1137 2324 1336 2357 servetur.

403 2371 453 2410 P.
482 2374 577 2423 215,
609 2388 646 2426 7.
712 2372 785 2411 καί
815 2370 837 2410 ὃ
878 2369 1293 2424 Πατριαρχηςμμετὰ
1322 2370 1396 2422 τὴν
1428 2371 1590 2425 ἕνωσιν]
1649 2374 1734 2422 Qui

292 2426 463 2464 concilio
491 2429 739 2478 adsuerunt,
770 2427 888 2467 aliter
916 2428 1145 2475 tradidere,
1171 2427 1449 2480 patriarcham
1479 2426 1631 2466 scilicet
1661 2428 1731 2465 lu..

291 2480 349 2517 nii
379 2482 444 2518 die
476 2496 543 2530 ιο,
578 2483 720 2520 lndiet.
752 2483 816 2528 II,
847 2482 1151 2534 patriarchatus
1179 2496 1287 2520 anno
1316 2481 1369 2531 24
1396 2482 1560 2520 ineunte
1590 2488 1630 2519 et
1659 2495 1733 2519 an-

290 2542 331 2573 te
360 2535 443 2573 dies
471 2549 521 2573 20
567 2543 735 2589 coepto,
779 2532 876 2575 duni
906 2543 1100 2575 coenaret
1138 2535 1295 2575 obiisse.
1327 2536 1489 2575 decreto
1519 2549 1619 2575 vero
1647 2549 1730 2574 nou

291 2590 627 2642 subsignaverunt
657 2592 800 2631 Graeci
828 2591 904 2630 nisi
934 2591 1025 2630 Iulii
1055 2592 1260 2644 sequentis
1289 2590 1355 2629 die
1387 2590 1421 2629 5.

405 2645 452 2686 P.
498 2646 576 2684 215
594 2674 604 2693 ‚
654 2659 712 2683 ιι.
785 2642 865 2684 αἠὸ
916 2647 1117 2691 Βοιωτίας
1157 2645 1216 2691 εἰς
1256 2638 1730 2697 Κωνσταντινούηολιν]

295 2697 453 2752 Cpolim
499 2699 704 2741 redierunt
735 2701 882 2741 Graeci
929 2715 1035 2740 anuo
1077 2700 1204 2752 1440,
1238 2700 1454 2740 Februarii
1483 2698 1547 2738 die
1582 2713 1595 2738 1
1620 2728 1631 2750 ‚
1662 2700 1731 2738 In„
