1904 3198
397 164 690 212 ms'romAE
728 163 1068 209 ssYzANTmAE
1103 166 1226 210 CAP.
1258 170 1365 212 xvi.
1531 153 1604 227 67

149 269 299 327 γιαζὴτ
323 269 397 315 τὸν
427 266 654 325 λεγόμενον
681 269 1006 323 Μουσουλμάν,
1055 269 1238 325 κρούσας
1263 273 1310 314 ἐν
1339 273 1455 330 μέσῳ
1484 270 1611 314 πάλιν

150 339 253 380 τῦνν
279 333 540 381 §normam
583 335 660 376 κατ’
678 333 761 377 σύν
806 335 982 390 δυνάμει
1012 338 1144 394 πολλῇ
1176 337 1396 392 ἄραιώσας
1424 336 1609 391 αύτούς,

150 403 227 445 καὶ
249 399 476 456 &cmv
498 398 682 450 πολλούς
705 402 781 443 καί
811 399 940 451 αὐτὸς
963 399 1239 459 κατασφάξας
1265 402 1503 457 πλείστους,
1535 405 1612 458 μό-

151 466 352 526 λιςὲξῄει
382 465 460 516 τοὶς
496 466 682 523 ἐνέδρας.
758 461 869 522 ἦσαν
894 465 975 523 γάρ
1006 465 1045 510 οἱ
1069 466 1236 511 Σκύθαι
1265 470 1580 523 πεπυκνωμένοι
1599 502 1614 523 ,

114 531 236 579 5α’πό
265 534 342 579 τοῦ
365 531 534 588 πρώτου
576 530 738 573 κύκλου
764 533 824 582 εἷς
852 530 899 574 τὸ
930 532 1085 576 ναστὸν
1113 533 1456 589 καταντήσαντες.
1511 534 1535 577 ὅ
1565 537 1614 578 δὲ

150 600 365 656 Στέφανος
393 595 470 653 τήν
508 595 615 653 πρὸς
642 598 853 651 Προῦσαν
892 596 1140 653 (ἐπάγουσαν
1176 597 1344 657 φεύγων
1381 595 1433 655 ἦν
1450 634 1463 653 ,
1491 603 1565 644 καί
1591 599 1614 642 ὅ

150 662 450 718 Μουσουλμὰν
485 661 564 706 σύν
592 662 724 720 αύτῷ.
797 662 838 705 οἱ
880 665 928 706 δὲ
957 664 1119 707 Σκύθαι
1146 663 1306 715 πάντας
1344 665 1443 716 τούς
1479 666 1616 721 Τούρ-

150 744 279 785 κους,
306 726 401 772 ὅσοι
427 730 656 786 φεύγοντες
684 723 808 784 ἦσαν,
838 726 1026 781 ἅπαντας
1056 731 1243 787 ἀφειδῶς
1267 735 1504 786 κατέτεμον,
1537 735 1617 782 ἕως

152 789 205 842 οὗ
233 791 516 851 ὄ·Παγιαζὴτ
543 793 735 838 α’νελθών
762 796 808 838 ἐν
834 797 950 853 μέσῳ
979 797 1055 838 τοῦ
1082 796 1250 850 κάμπου
1277 799 1332 839 δι’
1362 793 1496 853 ἄκραν
1524 802 1659 841 στι-(3

92 862 364 918 ιονρχωρίαν
395 863 440 905 ἐν
466 862 606 919 βουνῷ
631 861 741 916 τινί,
783 859 895 917 32³)ng
927 865 1301 918 περιλειπομένους
1332 863 1389 913 ὥς
1421 865 1520 906 δέκα
1549 880 1619 919 χι-
1662 905 1667 909 ,

150 927 302 979 λιᾶδας
334 925 665 985 α’ργυρωνῆτους
688 928 769 971 σύν
796 928 915 986 αύτῷ
937 929 1115 979 δούλους
1143 930 1292 983 αὐτοῦ,
1316 929 1413 981 τούς
1443 928 1518 980 οὒς
1547 946 1623 973 κα-

151 996 276 1038 λοῦσι
303 995 346 1036 Γ
342 993 622 1050 ενητζάριδας
640 1008 651 1021 ·
709 992 756 1036 τὸ
798 996 846 1037 δὲ
889 993 1039 1037 λοιπὸν
1068 993 1182 1037 ἅπαν
1207 993 1346 1052 χύδην
1377 991 1523 1055 ᾤχετο.
1581 994 1623 1050 οἱ

153 1062 202 1105 δὲ
227 1059 396 1104 zedam
425 1059 645 1111 διώκοντες
673 1059 772 1110 τούς
807 1059 1021 1116 Τούρκους
1038 1092 1050 1113 ,
1087 1058 1145 1110 ὦς
1173 1061 1265 1104 ἴδον
1290 1059 1362 1104 τὸν
1393 1061 1624 1119 Παγιαζὴτ

152 1128 200 1171 ἐν
223 1129 340 1186 μέσῳ
366 1127 453 1170 τῶν
479 1123 653 1181 α’ρκύων
678 1121 760 1182 ἤδη
792 1125 852 1175 οἷς
878 1127 1072 1182 λα’βρακα
1104 1131 1365 1183 σπαίροντα,
1398 1129 1625 1179 διαλαλίας
1636 1138 1678 1173 V.
1694 1152 1740 1186 29

94 1196 142 1238 15
150 1194 373 1250 γενομένης
397 1191 548 1248 μηδεὶς
578 1194 790 1250 φονεῦσαί
810 1209 902 1235 τινα
921 1224 933 1247 ,
962 1193 1152 1247 γυμνούς
1178 1195 1390 1244 ποιοῦντες
1424 1195 1626 1252 ἀφίεσαν.

151 1259 289 1316 νόμος
314 1258 398 1316 γάρ
426 1260 541 1302 ἐστιν
585 1253 705 1309 οὗτος
735 1254 903 1302 ἄνωθεν
946 1261 994 1302 ἐκ
1038 1261 1242 1316 διαδοχῆς
1278 1260 1349 1302 ἀεὶ
1388 1259 1492 1316 πρὸς
1529 1259 1627 1312 τούς

155 1323 390 1383 ἀπογόνους
429 1323 590 1368 κατιών
632 1323 864 1382 ἀκήρατος,
915 1323 966 1368 ού
996 1326 1128 1380 μόνον
1153 1325 1382 1380 Ῥωμαίοις
1411 1325 1521 1369 α’λλὰ
1553 1329 1629 1369 καί

153 1396 351 1449 Πέρσαις
376 1390 454 1435 καὶ
487 1394 742 1447 Τριβαλλοῖς
771 1391 847 1435 καὶ
871 1388 1064 1443 Σκύθαις
1088 1393 1160 1435 διὰ
1189 1390 1267 1448 τήν
1286 1391 1522 1449 ταυτότητα
1551 1396 1627 1448 τῆς

153 1463 359 1511 πίστεως,
401 1458 456 1502 τὰ
481 1460 562 1513 μὲν
588 1456 818 1514 πράγματα
845 1456 958 1513 μόνα
986 1458 1235 1513 σκυλεύειν,
1279 1458 1332 1501 τά
1367 1460 1414 1502 δὲ
1444 1460 1624 1512 σώματα

91 1524 662 1583 ιομῆρῖνδραποδίζεσθαι,
708 1526 819 1581 μηδὲ
848 1522 1045 1581 φονεύειν
1073 1523 1154 1577 ἔξω
1181 1527 1253 1580 τῆς
1285 1527 1514 1579 πολεμικῆς
1541 1542 1625 1567 πα·-

154 1591 371 1648 ρατάξεως
395 1592 577 1648 μηδένα.
636 1587 732 1634 τότε
759 1588 799 1633 οἱ
833 1591 913 1633 τοῦ
943 1590 1171 1647 Παγιαζὴτ
1202 1591 1346 1633 δοῦλοι
1374 1589 1433 1640 ὥς
1461 1593 1669 1641 λέοντεςῐ)

157 1659 406 1703 ἀπέπιπτον
448 1663 536 1708 τοῖς
566 1654 785 1707 Σκύθαις·
861 1656 900 1700 οἱ
930 1659 978 1700 δὲ
1006 1658 1173 1700 Σκύθαι
1203 1654 1277 1699 διὰ
1304 1656 1382 1711 τὴν
1408 1657 1518 1712 ὑπὲρ
1550 1673 1624 1703 ms·-¹

158 1725 311 1781 ρισσοῦ
341 1724 482 1767 αὐτῶν
515 1722 711 1775 σύνταξιν
736 1724 1086 1768 α’ντικαθὼταντο
1118 1730 1206 1775 τοῖς
1233 1722 1446 1780 Τούρκοις·
1476 1727 1521 1766 τί
1543 1723 1623 1780 γὰρ

258 1838 311 1861 ιο.
336 1826 691 1874 παραλειπομένους
715 1826 750 1860 Ρ.

96 1946 99 1948 -
160 1920 284 1962 duxit,
311 1920 527 1966 mediosque
553 1930 673 1952 rursus
701 1918 823 1952 hostes
846 1918 968 1952 valida
994 1919 1231 1963 impressione
1255 1919 1458 1963 perrumpit
1484 1930 1524 1951 ac
1550 1918 1625 1951 dis-

161 1967 309 2010 turham
334 1967 559 2012 tandemque
583 1977 693 1999 manu
734 1977 797 1998 sua
828 1967 953 1999 multis
981 1966 1148 1999 hostibus
1174 1966 1308 2005 caesis,
1336 1977 1482 1997 suorum
1510 1966 1626 2010 pluri*

160 2015 230 2050 mis
254 2015 415 2056 amissis,
439 2015 518 2059 ipse
550 2013 823 2046 circumstantes
855 2013 915 2046 vix
941 2014 1086 2057 effugit,
1114 2013 1213 2057 quod
1238 2011 1451 2055 Scytharum
1477 2013 1623 2045 ordines

162 2073 184 2096 a
206 2062 325 2108 primo
362 2061 499 2095 circulo
537 2060 584 2094 ad
624 2060 835 2093 interiorem
874 2065 911 2092 et
954 2060 1209 2092 confertiorein
1243 2058 1386 2092 densati
1428 2059 1625 2092 admodum

161 2115 295 2144 essent.
355 2107 561 2155 Stephanus
595 2108 719 2153 itaque
752 2108 858 2151 fugae
893 2118 930 2140 se.
956 2107 1126 2148 mandat,
1153 2112 1189 2139 et
1216 2107 1359 2139 Prusam
1384 2118 1506 2139 versus
1531 2108 1626 2140 viam

162 2155 307 2190 direxit.
333 2161 373 2190 at
396 2155 552 2200 Scythae
581 2156 718 2188 Turcos
748 2165 872 2187 omnes
906 2155 1135 2199 aufugientes
1159 2154 1296 2187 nemini
1320 2154 1504 2199 parcendo
1530 2155 1626 2187 occi-

162 2203 318 2246 derunt,
344 2203 462 2237 donee
487 2203 665 2237 Baiazites
691 2203 730 2235 in
757 2202 936 2235 tumulum
963 2202 1168 2247 quemdam,
1194 2202 1257 2246 qui
1287 2201 1324 2233 in
1350 2201 1471 2234 medio
1499 2214 1624 2247 campo

162 2257 263 2292 erat,
300 2261 369 2296 per
408 2251 592 2295 angustias
626 2249 877 2290 ascendisset,
909 2250 947 2282 in
985 2261 1057 2295 quo
1085 2249 1282 2283 collocatos
1311 2248 1474 2281 habebat
1499 2250 1625 2282 decem

161 2299 280 2333 millia
315 2309 500 2334 servorum
533 2298 688 2344 pecunia
714 2303 937 2343 emptorum,
967 2308 1057 2341 quos
1083 2296 1335 2330 Genitzaridas
1367 2302 1518 2334 vocant,
1544 2309 1625 2329 cum

162 2346 298 2380 caeteri
334 2346 373 2379 in
404 2346 525 2391 fugam
565 2345 659 2379 versi
685 2345 946 2379 dilaberentur.
984 2349 1206 2390 quapropter
1241 2343 1395 2387 Scythae
1424 2344 1624 2377 Tui-corum

164 2399 265 2438 tergo
289 2394 487 2434 instantes,
512 2398 555 2427 ut
577 2393 773 2426 Baiazitem
796 2393 909 2426 veluti
939 2392 1074 2424 lucium
1099 2391 1351 2425 subsilientem
1376 2402 1418 2423 ac
1442 2392 1627 2436 palpitan-

165 2447 239 2475 tem
276 2440 372 2474 iutra
407 2440 528 2474 media
564 2441 656 2474 reti-1
689 2452 932 2485 conspexere,
972 2439 1141 2484 pactione
1181 2439 1296 2480 sacta,
1333 2444 1375 2471 ut
1407 2449 1428 2470 a
1453 2439 1627 2472 caedibus

166 2489 350 2535 utrimque
379 2488 645 2530 abstineretur,
671 2489 847 2534 spoliatos
873 2486 1098 2520 dimiserunt.
1127 2486 1220 2519 hanc
1247 2487 1361 2531 legem
1382 2498 1402 2518 a
1429 2486 1629 2519 maioribus

167 2535 214 2569 ad
237 2541 403 2581 posteros
428 2536 626 2569 derivatam
651 2547 725 2569 non
753 2536 871 2569 solum
900 2534 1062 2574 Romani,
1087 2534 1151 2567 sed
1183 2534 1293 2567 etiam
1317 2534 1443 2566 Persae
1473 2533 1630 2566 Triballi

168 2588 206 2617 et
229 2582 404 2628 Scythae,
438 2584 525 2630 quia
551 2583 704 2617 eandem
732 2584 944 2628 religionem
973 2582 1213 2626 profitentur,
1238 2581 1449 2613 inviolatum
1475 2587 1631 2620 servant,

169 2630 285 2664 nolam
310 2635 447 2664 vestem
467 2631 623 2672 auferre,
648 2642 798 2676 corpora
827 2630 941 2663 libera
967 2629 1163 2669 dimittere,
1190 2629 1371 2662 neminem
1400 2634 1501 2661 extra
1526 2639 1632 2672 prae-

167 2678 257 2710 lium
294 2677 471 2711 occidere.
508 2684 595 2712 tunc
633 2679 801 2711 Baiazitis
840 2677 1016 2710 satellites
1049 2682 1221 2721 tanquam
1258 2676 1384 2709 leones
1418 2676 1454 2708 in
1482 2675 1631 2718 Scythas

169 2725 331 2768 irruunt3
368 2726 454 2771 qui,
490 2725 589 2771 quod
618 2725 857 2759 multitudine
884 2725 1086 2770 superiores
1124 2725 1229 2768 longe
1259 2729 1403 2761 essent,
1429 2723 1631 2755 'l'urcornm

168 2772 241 2805 vim
266 2779 514 2818 represserunt
551 2779 588 2806 et
623 2773 667 2806 ad
702 2772 987 2807 internecionem
1029 2771 1263 2807 deleverunt:
1291 2770 1356 2816 qui
1382 2770 1478 2805 enim
1506 2769 1630 2803 decem
