1916 3210
458 148 669 224 mmcss
707 178 1044 223 mmwnm
1080 177 1336 222 mcssmo.
1498 159 1611 218 385

159 285 343 330 sulcauit·
382 283 510 340 quelli
538 283 616 325 che
641 283 679 323 13
726 282 894 323 fortuna
920 289 963 323 te
994 281 1047 322 ha
1078 288 1183 322 sotto
1210 282 1329 336 posti.
1386 280 1616 322 Recordate

157 338 290 383 nuche
316 347 364 382 tu
385 340 464 381 che
501 339 672 380 essendo
709 340 894 393 principe
923 338 1038 392 sappi
1072 337 1156 378 ben
1185 343 1428 378 conservata
1456 337 1485 376 li
1513 351 1617 377 con-

160 396 231 438 fini
257 395 326 438 del
352 403 445 437 130·
456 395 696 450 principatu.
768 394 862 434 Cos]
890 392 1112 448 pau-laudo,
1143 394 1289 433 Demir
1306 392 1413 434 senti
1441 406 1526 432 una
1550 394 1618 433 in-

159 457 276 495 tenta
301 450 494 493 adustion
539 450 590 491 de
622 451 784 490 colera:
822 463 891 490 era
921 455 1028 489 stato
1061 448 1218 490 dezuno
1249 448 1301 489 da
1328 449 1367 488 13
1396 448 1548 488 matina
1577 450 1618 489 31

160 519 356 562 vespm,
381 507 435 547 da
477 507 518 546 10
552 505 670 546 caldo
708 508 871 546 intenso
908 512 948 544 et
975 504 1082 544 dalla
1123 503 1266 544 seccha
1294 504 1461 558 pulvere
1490 504 1618 545 molto

158 562 337 603 afflicto..
387 561 598 602 comandb
629 575 651 600 3
682 561 862 600 Paiasith
900 561 976 599 che
1006 559 1163 600 sedesse
1195 560 1237 598 in
1265 574 1341 600 suo
1371 567 1585 613 conspecto
1602 589 1616 612 ‚

127 615 130 617 ’
158 617 449 658 0033013311310
479 623 521 656 et
550 617 771 656 minuendo
802 630 881 656 con
911 615 1091 655 humane
1118 616 1259 669 parole
1285 616 1324 655 el
1351 628 1426 655 suo
1457 616 1617 656 dolore.

159 673 341 726 ,ἅμ-3360.
373 672 575 712 0011133110
603 672 681 711 che
708 672 859 711 fossino
887 671 1015 710 siccati
1054 671 1121 712 tre
1149 671 1386 711 honorevoli
1419 671 1618 725 paviglio-

159 727 230 776 ni,
262 727 462 768 dicendot
501 742 554 768 va
573 757 586 780 ‚
626 729 784 781 ripose‚
815 733 856 766 et
882 726 1008 766 habhi
1037 739 1136 766 cura
1166 726 1231 766 del
1258 733 1330 766 tuo
1358 741 1500 780 corpo.
1561 727 1619 767 Et

159 795 245 822 uon
281 797 431 837 pensar
467 783 544 823 che
580 783 638 822 sia
676 781 783 822 facto
813 797 837 822 a
880 789 921 822 te
948 780 1087 836 quello
1123 780 1200 821 che
1226 789 1270 821 tu
1303 781 1357 821 ad
1389 782 1480 821 altri
1511 782 1619 823 facto

158 836 378 879 haveresti.
450 838 538 878 Che
575 839 616 878 io
643 845 683 877 te
715 851 812 877 zuro
843 851 919 890 per
945 837 1053 878 l'alto
1079 836 1147 877 dio
1183 843 1223 876 et
1249 851 1326 891 per
1356 837 1393 876 el
1420 851 1494 877 suo
1520 852 1618 892 pro-

157 892 308 947 phetia,
337 893 414 934 ebe
442 895 610 934 nissuno
641 895 747 933 alti-o
779 894 963 946 seperari·
992 892 1152 932 1'anima
1181 900 1249 932 toa
1279 893 1346 932 dal
1374 904 1498 947 corpo
1527 901 1615 944 tuo,

159 947 238 988 che
265 949 333 989 dio
351 976 364 998 ‚
392 950 431 990 el
457 949 578 1003 quale
605 964 627 989 a
649 957 736 989 star
762 955 854 988 teco
886 949 923 988 la
953 950 1160 988 convinse.
1214 948 1349 988 Aldite
1377 956 1518 1002 queste
1574 964 1619 989 3-

158 1004 276 1055 mle,
305 1004 487 1045 Paiasith
527 1005 692 1045 subbito
721 1004 828 1044 andb
861 1004 900 1042 31
929 1004 1185 1057 paviglffine,
1213 1003 1289 1043 che
1315 1004 1459 1044 Demir
1490 1005 1514 1044 {i
1541 963 1618 1044 Ea-

162 1064 237 1099 vm
261 1059 449 1111 (10331ος
493 1060 531 1100 el
571 1061 667 1114 qual
697 1059 925 1113 paviglione
966 1058 1112 1098 Deniir
1138 1059 1175 1098 el
1208 1057 1292 1098 fece
1319 1059 1371 1098 de
1401 1074 1485 1099 uno
1508 1060 1618 1100 forte
1632 1073 1676 1109 7⁰

160 1113 270 1155 vallo
297 1116 487 1167 munire,
517 1121 558 1155 et
579 1116 633 1155 (13
677 1116 788 1154 mille
813 1115 970 1154 homini
997 1114 1150 1154 d’arme
1177 1115 1362 1154 Pcrsiani
1387 1115 1467 1159 ben
1495 1128 1622 1170 guar-

157 1169 275 1210 dam.
329 1171 386 1211 Et
410 1170 462 1210 de
490 1170 576 1211 fora
609 1170 677 1211 del
705 1176 879 1211 steccato
918 1170 947 1210 li
974 1170 1016 1209 so
1047 1169 1233 1223 deputati
1262 1170 1520 1223 cinquemilia
1547 1186 1621 1226 pe.»

158 1224 261 1266 doni
289 1224 342 1266 de
369 1233 576 1266 armatura
604 1225 746 1266 leziere
771 1225 917 1265 armati
939 1253 952 1275 ‚
987 1224 1015 1263 11
1043 1224 1154 1278 quali
1183 1226 1279 1278 ogni
1306 1239 1431 1266 zorno
1459 1234 1501 1266 et
1523 1227 1622 1282 ogni

160 1287 283 1321 nocte
311 1279 447 1322 sazeva
475 1282 692 1321 cambiare.
759 1282 806 1320 In
831 1287 975 1334 questo
1013 1293 1183 1332 campo,
1214 1279 1281 1319 ‘xiel
1309 1279 1405 1334 qual
1438 1282 1480 1320 so
1506 1282 1621 1323 facto

151 1335 199 1389 ¹el
225 1334 441 1387 conflicto,
486 1338 632 1376 Demir
665 1335 836 1376 demorb
869 1343 963 1375 octo
990 1337 1117 1378 zorni.
1179 1336 1312 1388 Dapoi
1344 1335 1558 1389 despartiti
1593 1339 1622 1378 li

159 1392 326 1431 exerciti
353 1391 394 1432 fo
421 1391 602 1432 mandati
632 1390 685 1431 da
716 1391 879 1432 Galatia
907 1391 950 1430 in
977 1390 1156 1445 Phrygia
1173 1417 1185 1440 ‚
1221 1391 1261 1429 in
1290 1391 1545 1444 pamphilia,
1576 1395 1621 1434 iu

159 1445 373 1501 Bithynia,
404 1447 445 1486 in
479 1447 574 1487 Asia
605 1461 800 1496 menore,
835 1447 1077 1501 Hyrcanya,
1109 1447 1261 1500 Lycia,
1292 1446 1549 1499 Pmnphilia3
1578 1450 1622 1489 in

158 1502 256 1556 ogni
279 1502 359 1542 cit&
386 1509 428 1542 et
446 1503 487 1541 in
513 1503 609 1556 ogni
625 1502 854 1556 principatu
875 1514 1026 1555 pareva
1043 1512 1149 1541 esser
1176 1515 1260 1541 uuo
1287 1503 1462 1541 exercito
1478 1533 1490 1555 ‚
1520 1505 1622 1544 hen-

159 1557 238 1596 che
285 1557 389 1598 fosse
418 1558 459 1597 in
487 1564 603 1598 tante
648 1565 764 1611 parte
794 1558 940 1598 diviso.
1001 1558 1058 1596 La
1097 1570 1266 1610 persona
1311 1557 1363 1597 de
1392 1560 1536 1598 Demir
1578 1562 1621 1599 in

159 1613 410 1666 questi-octo
442 1613 555 1653 zorni
584 1613 744 1667 repusb,
773 1621 813 1653 et
840 1613 1089 1653 cumulando
1118 1613 1156 1652 13
1178 1612 1307 1666 preda
1334 1612 1374 1653 le
1399 1613 1552 1668 spogiie
1581 1623 1623 1655 et

159 1666 202 1708 le
226 1668 381 1722 grande
420 1668 582 1709 richeze
621 1669 712 1709 dela
756 1669 835 1708 citit
867 1669 918 1708 de
957 1668 1129 1721 Angira.
1197 1669 1315 1709 Dalla
1347 1671 1442 1722 qual
1472 1672 1622 1724 partito

159 1736 296 1764 venne
341 1724 381 1764 31
409 1723 654 1778 0001351011,
697 1723 912 1778 metropoli
949 1725 1002 1763 dc
1027 1720 1232 1777 Phrygia,
1281 1726 1484 1766 menando
1528 1741 1622 1767 seco

161 1777 343 1819 Paiasith
384 1786 491 1820 sotto
519 1780 671 1833 grande
701 1780 902 1820 custodia.
957 1780 1097 1820 Prima
1125 1779 1230 1818 ch'io
1255 1781 1323 1832 piu
1355 1783 1492 1820 avanti
1522 1796 1623 1835 pro-

161 1833 286 1882 ceda,
317 1848 384 1875 me
411 1849 486 1888 pai·
517 1837 786 1875 conveniente
806 1847 1032 1875 memorare
1060 1845 1142 1874 1133
1173 1848 1265 1874 cosa
1294 1835 1422 1888 degna
1454 1837 1505 1875 de
1535 1852 1623 1877 me-

162 1889 315 1940 moria,
365 1889 404 1929 13
445 1889 541 1943 qual
584 1889 627 1929 fo
655 1891 760 1930 sacta
801 1891 843 1929 in
874 1890 1043 1945 Angira.
1101 1886 1302 1929 Durando
1330 1904 1481 1930 ancora
1510 1893 1551 1931 in
1581 1894 1622 1932 la

123 1948 126 1951 ⁴
163 1957 311 1996 guerra
339 1944 519 1985 Paiasith
548 1952 691 1985 contra
724 1945 753 1985 li
778 1944 963 1996 Tartari,
989 1945 1120 1984 havea
1146 1946 1188 1983 in
1215 1959 1358 1998 campo
1387 1954 1532 1999 quatro
1560 1950 1620 1988 soi

163 1999 262 2042 (ioli.
317 2000 369 2039 ΕΙ
414 2000 550 2054 primo
591 2015 659 2040 era
694 2000 950 2049 Musulman,
992 1999 1124 2039 l'altro
1152 2001 1298 2051 Esses,
1328 2002 1365 2040 el
1397 2009 1511 2041 terzo
1531 2004 1621 2042 Me·-

162 2054 394 2104 chiemeth‚
424 2056 462 2095 el
488 2063 633 2110 quarto
667 2057 838 2096 Mosses.
908 2055 1030 2095 Oltra
1060 2055 1110 2095 de
1140 2057 1271 2108 questi
1303 2069 1354 2095 ne
1381 2056 1509 2096 havea
1539 2058 1621 2098 las-

162 2111 240 2150 sati
267 2110 334 2150 doi
362 2108 428 2150 nel
457 2113 598 2165 palazo
627 2111 717 2151 dela
745 2126 816 2151 soa
847 2110 1088 2160 residentia,
1117 2111 1333 2164 Mustapha
1363 2118 1405 2150 et
1434 2112 1616 2161 Orchau,

163 2165 336 2206 essendo
362 2167 539 2206 anchora
560 2169 691 2206 teneri
720 2167 919 2206 infantina
942 2166 1072 2207 etade.
1129 2166 1400 2206 Mechiemeth
1431 2169 1471 2206 in
1502 2170 1619 2222 quel⁶

162 2220 204 2260 lo
228 2235 342 2261 3330
361 2222 492 2262 havea
506 2222 659 2262 havuto
688 2236 762 2276 per
788 2230 901 2263 sorte
929 2221 980 2261 da
998 2235 1072 2261 suo
1092 2228 1209 2274 patre
1239 2221 1277 2261 el
1305 2223 1532 2276 principato
1566 2224 1618 2265 de

163 2276 337 2317 Galatia.
393 2277 448 2317 Et
475 2279 702 2317 dubitando
730 2278 805 2317 che
835 2278 862 2317 li
891 2277 1056 2316 Tartari
1073 2277 1249 2316 remaria
1279 2279 1480 2318 vencitori
1509 2278 1616 2320 della

161 2344 328 2384 guerra,
355 2332 458 2372 fuzzl
483 2348 559 2373 con
580 2335 669 2373 isoi
695 2334 844 2373 subditi
872 2334 924 2372 ali
946 2332 1072 2371 monti
1097 2333 1242 2383 vicini,
1262 2333 1480 2386 spectando
1500 2348 1667 2387 come71

162 2385 201 2427 le
229 2402 320 2428 cose
348 2388 570 2428 havcsseno
603 2403 626 2428 3
669 2389 797 2432 finire.
869 2387 912 2427 In
945 2394 1089 2442 questo
1125 2389 1256 2440 spatio
1283 2389 1334 2428 de
1363 2395 1500 2442 tempo
1527 2405 1614 2431 non

164 2441 269 2482 dava
297 2444 379 2483 mai
422 2447 556 2498 riposo
591 2445 660 2485 alli
683 2445 831 2494 bechi,
873 2451 914 2483 et
942 2443 1051 2496 dopo
1082 2443 1194 2482 molti
1226 2446 1403 2497 pensieri
1433 2446 1518 2484 fece
1545 2461 1616 2486 ca.-

162 2511 262 2554 vere
312 2513 394 2539 una
437 2503 502 2540 via
530 2508 635 2540 sotto
667 2508 778 2540 terra
794 2530 807 2549 ,
837 2513 909 2552 per
933 2498 972 2539 la
1000 2498 1098 2552 qual
1123 2500 1187 2538 via
1212 2507 1364 2540 secreta
1392 2506 1433 2539 et
1456 2502 1616 2541 occulta

163 2567 207 2594 sc
235 2554 395 2594 andava
425 2555 478 2595 fin
508 2556 638 2596 sotto'l
667 2555 899 2609 paviglione
937 2554 989 2594 de
1016 2554 1157 2593 Demin·
1185 2555 1283 2598 Can.
1342 2556 1516 2596 Entrato
1542 2557 1616 2596 ad·-

163 2622 303 2663 unque
333 2611 603 2651 Mechiemeth
630 2612 671 2651 111
706 2611 744 2651 13
774 2625 874 2650 03ν3
904 2624 981 2650 003
1019 2610 1175 2649 homini
1218 2611 1444 2651 electissimi
1482 2626 1617 2652 arma-

164 2666 224 2714 ti,
253 2672 293 2704 et
322 2680 423 2718 poco
454 2682 646 2707 mancava
678 2681 701 2706 a
739 2678 906 2706 zonzere
943 2667 981 2705 31
1012 2665 1190 2705 tentorio
1218 2662 1324 2706 dello
1354 2667 1617 2720 impcrador,

166 2719 330 2772 quando
358 2721 396 2760 la
425 2721 529 2762 mala
556 2723 719 2761 fortuna
753 2722 806 2761 dc
833 2721 1015 2762 Paiasith
1047 2720 1275 2774 discoperse
1303 2721 1340 2762 le
1366 2722 1525 2761 occulte
1555 2724 1617 2761 in-

167 2774 265 2815 sidia
295 2775 346 2815 de
362 2777 633 2818 Mechiemeth
665 2792 738 2817 suo
770 2775 932 2832 figliolo.
990 2777 1047 2817 La
1076 2778 1226 2817 1113ῑί33
1258 2784 1452 2832 sequente
1485 2792 1619 2818 essens

313 2854 429 2889 Duras
1395 2855 1438 2889 25
