<?xml version="1.0" encoding="UTF-8"?>
<!DOCTYPE html PUBLIC "-//W3C//DTD XHTML 1.0 Transitional//EN"
    "http://www.w3.org/TR/xhtml1/DTD/xhtml1-transitional.dtd">
<html xmlns="http://www.w3.org/1999/xhtml" xml:lang="en" lang="en">
 <head>
  <title>
</title>
<meta http-equiv="Content-Type" content="text/html;charset=utf-8" />
  <meta name='ocr-system' content='tesseract 3.04.00' />
  <meta name='ocr-capabilities' content='ocr_page ocr_carea ocr_par ocr_line ocrx_word'/>
</head>
<body>
  <div class='ocr_page' id='page_1' title='image "./corpusscriptorum11niebuoft_0146.png"; bbox 0 0 1884 3216; ppageno 0'>
   <div class='ocr_carea' id='block_1_1' title="bbox 315 143 1442 220">
    <p class='ocr_par' dir='ltr' id='par_1_1' title="bbox 315 143 1442 220">
     <span class='ocr_line' id='line_1_1' title="bbox 315 143 1442 220; baseline 0.004 -6"><span class='ocrx_word' id='word_1_1' title='bbox 315 143 351 214; x_wconf 72' lang='grc' dir='ltr'><strong><em>ἰ</em></strong></span> <span class='ocrx_word' id='word_1_2' title='bbox 366 161 438 215; x_wconf 86' lang='lat'><strong><em>28</em></strong></span> <span class='ocrx_word' id='word_1_3' title='bbox 677 177 859 220; x_wconf 71' lang='lat' dir='ltr'><strong>nUcAE</strong></span> <span class='ocrx_word' id='word_1_4' title='bbox 895 176 1180 219; x_wconf 64' lang='lat' dir='ltr'><strong>metimus</strong></span> <span class='ocrx_word' id='word_1_5' title='bbox 1218 177 1442 220; x_wconf 78' lang='lat' dir='ltr'><strong>NEPo&#39;ns</strong></span> 
     </span>
    </p>
   </div>
   <div class='ocr_carea' id='block_1_2' title="bbox 215 273 1839 1773">
    <p class='ocr_par' dir='ltr' id='par_1_2' title="bbox 215 273 1839 1773">
     <span class='ocr_line' id='line_1_2' title="bbox 324 273 1762 334; baseline 0 -14"><span class='ocrx_word' id='word_1_6' title='bbox 324 278 627 334; x_wconf 81' lang='grc' dir='ltr'><strong><em>ἧμερόχειρον,</em></strong></span> <span class='ocrx_word' id='word_1_7' title='bbox 668 273 768 334; x_wconf 62' lang='grc' dir='ltr'><strong><em>ὅφιν</em></strong></span> <span class='ocrx_word' id='word_1_8' title='bbox 794 281 933 326; x_wconf 79' lang='grc' dir='ltr'><strong><em>καλῶς</em></strong></span> <span class='ocrx_word' id='word_1_9' title='bbox 978 279 1022 318; x_wconf 85' lang='grc' dir='ltr'><strong><em>έν</em></strong></span> <span class='ocrx_word' id='word_1_10' title='bbox 1053 282 1139 326; x_wconf 82' lang='grc' dir='ltr'><strong><em>τοῖς</em></strong></span> <span class='ocrx_word' id='word_1_11' title='bbox 1167 276 1333 327; x_wconf 80' lang='grc' dir='ltr'><strong><em>κόλποις</em></strong></span> <span class='ocrx_word' id='word_1_12' title='bbox 1371 278 1504 319; x_wconf 75' lang='grc' dir='ltr'><strong><em>αὐτοῦ</em></strong></span> <span class='ocrx_word' id='word_1_13' title='bbox 1532 279 1762 334; x_wconf 72' lang='grc' dir='ltr'><strong><em>τραφέντα·</em></strong></span> 
     </span>
     <span class='ocr_line' id='line_1_3' title="bbox 325 341 1760 401; baseline -0.001 -15"><span class='ocrx_word' id='word_1_14' title='bbox 325 347 397 387; x_wconf 84' lang='grc' dir='ltr'><strong><em>καί</em></strong></span> <span class='ocrx_word' id='word_1_15' title='bbox 421 345 462 386; x_wconf 86' lang='grc' dir='ltr'><strong><em>εἰ</em></strong></span> <span class='ocrx_word' id='word_1_16' title='bbox 500 343 644 387; x_wconf 69' lang='grc' dir='ltr'><strong><em>λαθών</em></strong></span> <span class='ocrx_word' id='word_1_17' title='bbox 687 342 821 401; x_wconf 77' lang='grc' dir='ltr'><strong><em>δάκῃ,</em></strong></span> <span class='ocrx_word' id='word_1_18' title='bbox 867 342 924 391; x_wconf 79' lang='grc' dir='ltr'><strong><em>ὥς</em></strong></span> <span class='ocrx_word' id='word_1_19' title='bbox 949 341 1000 384; x_wconf 82' lang='grc' dir='ltr'><strong><em>τὰ</em></strong></span> <span class='ocrx_word' id='word_1_20' title='bbox 1026 343 1104 397; x_wconf 79' lang='grc' dir='ltr'><strong><em>’τῆς</em></strong></span> <span class='ocrx_word' id='word_1_21' title='bbox 1133 343 1299 398; x_wconf 78' lang='grc' dir='ltr'><strong><em>φύσεως</em></strong></span> <span class='ocrx_word' id='word_1_22' title='bbox 1328 343 1593 397; x_wconf 76' lang='grc' dir='ltr'><em>ἀμετάστατα</em></span> <span class='ocrx_word' id='word_1_23' title='bbox 1606 375 1624 394; x_wconf 92' lang='lat'><em>,</em></span> <span class='ocrx_word' id='word_1_24' title='bbox 1653 342 1760 387; x_wconf 64' lang='grc' dir='ltr'><strong><em>ἀλλὰ</em></strong></span> 
     </span>
     <span class='ocr_line' id='line_1_4' title="bbox 324 405 1763 466; baseline -0.002 -14"><span class='ocrx_word' id='word_1_25' title='bbox 324 407 400 453; x_wconf 72' lang='grc' dir='ltr'><strong><em>κᾶν</em></strong></span> <span class='ocrx_word' id='word_1_26' title='bbox 427 409 474 451; x_wconf 86' lang='grc' dir='ltr'>τό</span> <span class='ocrx_word' id='word_1_27' title='bbox 507 411 729 466; x_wconf 80' lang='grc' dir='ltr'><strong><em>φάρμακον</em></strong></span> <span class='ocrx_word' id='word_1_28' title='bbox 759 405 834 450; x_wconf 77' lang='grc' dir='ltr'><strong><em>οὖκ</em></strong></span> <span class='ocrx_word' id='word_1_29' title='bbox 862 409 1090 458; x_wconf 79' lang='grc' dir='ltr'><strong><em>α’ποξενῶσι</em></strong></span> <span class='ocrx_word' id='word_1_30' title='bbox 1117 414 1204 457; x_wconf 83' lang='grc' dir='ltr'><strong><em>τοῖς</em></strong></span> <span class='ocrx_word' id='word_1_31' title='bbox 1231 410 1392 451; x_wconf 75' lang='grc' dir='ltr'><strong><em>ὀδοῦσι.</em></strong></span> <span class='ocrx_word' id='word_1_32' title='bbox 1445 411 1577 451; x_wconf 74' lang='grc' dir='ltr'><strong><em>ταῦτα</em></strong></span> <span class='ocrx_word' id='word_1_33' title='bbox 1602 410 1763 463; x_wconf 75' lang='grc' dir='ltr'><strong><em>ὀνειρο-</em></strong></span> 
     </span>
     <span class='ocr_line' id='line_1_5' title="bbox 323 471 1764 530; baseline -0.001 -13"><span class='ocrx_word' id='word_1_34' title='bbox 323 477 460 517; x_wconf 74' lang='grc' dir='ltr'><strong><em>πολῶν</em></strong></span> <span class='ocrx_word' id='word_1_35' title='bbox 488 473 511 516; x_wconf 79' lang='grc' dir='ltr'>ὅ</span> <span class='ocrx_word' id='word_1_36' title='bbox 539 473 738 528; x_wconf 74' lang='grc' dir='ltr'><strong><em>βασιλεύς</em></strong></span> <span class='ocrx_word' id='word_1_37' title='bbox 764 473 955 529; x_wconf 77' lang='grc' dir='ltr'><strong><em>ἔχαιρεν·</em></strong></span> <span class='ocrx_word' id='word_1_38' title='bbox 1009 473 1033 527; x_wconf 83' lang='grc' dir='ltr'><em>ἧ</em></span> <span class='ocrx_word' id='word_1_39' title='bbox 1062 474 1109 516; x_wconf 86' lang='grc' dir='ltr'><strong><em>δὲ</em></strong></span> <span class='ocrx_word' id='word_1_40' title='bbox 1138 475 1245 530; x_wconf 76' lang='grc' dir='ltr'><strong><em>τύχη</em></strong></span> <span class='ocrx_word' id='word_1_41' title='bbox 1266 477 1349 517; x_wconf 73' lang='grc' dir='ltr'><strong><em>ταῖν</em></strong></span> <span class='ocrx_word' id='word_1_42' title='bbox 1371 474 1590 528; x_wconf 85' lang='grc' dir='ltr'><strong><em>Ῥωμαίων</em></strong></span> <span class='ocrx_word' id='word_1_43' title='bbox 1619 471 1764 530; x_wconf 68' lang='grc' dir='ltr'><strong><em>δρῶσα</em></strong></span> 
     </span>
     <span class='ocr_line' id='line_1_6' title="bbox 323 539 724 595; baseline -0.003 -11"><span class='ocrx_word' id='word_1_44' title='bbox 323 539 368 584; x_wconf 84' lang='grc' dir='ltr'><strong><em>τὸ</em></strong></span> <span class='ocrx_word' id='word_1_45' title='bbox 393 543 546 595; x_wconf 82' lang='grc' dir='ltr'><strong><em>μέλλον</em></strong></span> <span class='ocrx_word' id='word_1_46' title='bbox 571 539 724 583; x_wconf 69' lang='grc' dir='ltr'><strong><em>ἔστενε.</em></strong></span> 
     </span>
     <span class='ocr_line' id='line_1_7' title="bbox 438 602 1767 662; baseline -0.002 -14"><span class='ocrx_word' id='word_1_47' title='bbox 438 605 592 648; x_wconf 81' lang='grc' dir='ltr'><strong><em>Θανών</em></strong></span> <span class='ocrx_word' id='word_1_48' title='bbox 631 606 678 647; x_wconf 83' lang='grc' dir='ltr'><strong><em>δὲ</em></strong></span> <span class='ocrx_word' id='word_1_49' title='bbox 715 602 736 645; x_wconf 80' lang='grc' dir='ltr'>ὅ</span> <span class='ocrx_word' id='word_1_50' title='bbox 766 605 1007 657; x_wconf 84' lang='grc' dir='ltr'><strong><em>Μαχουμέτ</em></strong></span> <span class='ocrx_word' id='word_1_51' title='bbox 1035 619 1136 658; x_wconf 73' lang='lat' dir='ltr'><strong><em>my,</em></strong></span> <span class='ocrx_word' id='word_1_52' title='bbox 1175 604 1317 654; x_wconf 76' lang='grc' dir='ltr'><strong><em>καθώς</em></strong></span> <span class='ocrx_word' id='word_1_53' title='bbox 1339 608 1609 662; x_wconf 57' lang='grc' dir='ltr'><strong><em>,προέφημεη</em></strong></span> <span class='ocrx_word' id='word_1_54' title='bbox 1638 605 1695 647; x_wconf 27' lang='grc' dir='ltr'><strong><em>ἐνὶ</em></strong></span> <span class='ocrx_word' id='word_1_55' title='bbox 1714 606 1767 661; x_wconf 76' lang='grc' dir='ltr'><strong><em>τῇ</em></strong></span> 
     </span>
     <span class='ocr_line' id='line_1_8' title="bbox 319 668 1768 726; baseline -0.001 -13"><span class='ocrx_word' id='word_1_56' title='bbox 319 671 546 726; x_wconf 77' lang='grc' dir='ltr'><strong><em>Ἀδριανοῦ</em></strong></span> <span class='ocrx_word' id='word_1_57' title='bbox 564 702 576 725; x_wconf 83' lang='grc'><strong>,</strong></span> <span class='ocrx_word' id='word_1_58' title='bbox 604 668 720 718; x_wconf 79' lang='grc' dir='ltr'><strong><em>ἐντὸς</em></strong></span> <span class='ocrx_word' id='word_1_59' title='bbox 747 674 832 717; x_wconf 85' lang='grc' dir='ltr'><strong><em>τοῖς</em></strong></span> <span class='ocrx_word' id='word_1_60' title='bbox 853 673 959 724; x_wconf 79' lang='grc' dir='ltr'><strong><em>παρ’</em></strong></span> <span class='ocrx_word' id='word_1_61' title='bbox 986 670 1120 711; x_wconf 75' lang='grc' dir='ltr'><strong><em>αὐτοῦ</em></strong></span> <span class='ocrx_word' id='word_1_62' title='bbox 1148 671 1390 725; x_wconf 72' lang='grc' dir='ltr'><strong><em>δομηθεῖσιν</em></strong></span> <span class='ocrx_word' id='word_1_63' title='bbox 1419 672 1614 725; x_wconf 77' lang='grc' dir='ltr'><strong><em>οἰκήμασι</em></strong></span> <span class='ocrx_word' id='word_1_64' title='bbox 1631 700 1646 724; x_wconf 82' lang='grc'><em>,</em></span> <span class='ocrx_word' id='word_1_65' title='bbox 1673 684 1768 712; x_wconf 75' lang='grc' dir='ltr'><strong><em>τεσ-</em></strong></span> 
     </span>
     <span class='ocr_line' id='line_1_9' title="bbox 286 729 1767 794; baseline -0.001 -15"><span class='ocrx_word' id='word_1_66' title='bbox 286 733 563 791; x_wconf 74' lang='grc' dir='ltr'><strong><em>(Σσαροίκοντα</em></strong></span> <span class='ocrx_word' id='word_1_67' title='bbox 599 734 758 790; x_wconf 78' lang='grc' dir='ltr'><strong><em>ἡμέρας</em></strong></span> <span class='ocrx_word' id='word_1_68' title='bbox 793 733 993 790; x_wconf 79' lang='grc' dir='ltr'><strong><em>ἔκρυπτον</em></strong></span> <span class='ocrx_word' id='word_1_69' title='bbox 1031 733 1075 777; x_wconf 87' lang='grc' dir='ltr'>τὸ</span> <span class='ocrx_word' id='word_1_70' title='bbox 1120 738 1267 788; x_wconf 75' lang='grc' dir='ltr'><strong><em>πτῶμα</em></strong></span> <span class='ocrx_word' id='word_1_71' title='bbox 1307 738 1438 778; x_wconf 70' lang='grc' dir='ltr'><strong><em>αὐτοῦ</em></strong></span> <span class='ocrx_word' id='word_1_72' title='bbox 1465 738 1511 779; x_wconf 78' lang='grc' dir='ltr'><strong><em>ὲν</em></strong></span> <span class='ocrx_word' id='word_1_73' title='bbox 1532 739 1584 794; x_wconf 81' lang='grc' dir='ltr'><strong><em>τῇ</em></strong></span> <span class='ocrx_word' id='word_1_74' title='bbox 1603 738 1712 794; x_wconf 69' lang='grc' dir='ltr'><strong><em>οἰκία</em></strong></span> <span class='ocrx_word' id='word_1_75' title='bbox 1738 729 1767 793; x_wconf 79' lang='grc' dir='ltr'><strong><em>ᾗ</em></strong></span> 
     </span>
     <span class='ocr_line' id='line_1_10' title="bbox 324 796 1770 858; baseline 0 -15"><span class='ocrx_word' id='word_1_76' title='bbox 324 800 457 843; x_wconf 80' lang='grc' dir='ltr'><strong><em>ἔκειτο</em></strong></span> <span class='ocrx_word' id='word_1_77' title='bbox 486 796 674 856; x_wconf 80' lang='grc' dir='ltr'><strong><em>ἄταφον,</em></strong></span> <span class='ocrx_word' id='word_1_78' title='bbox 707 797 817 848; x_wconf 82' lang='grc' dir='ltr'><strong><em>τινὸς</em></strong></span> <span class='ocrx_word' id='word_1_79' title='bbox 842 799 901 854; x_wconf 78' lang='grc' dir='ltr'><strong><em>μή</em></strong></span> <span class='ocrx_word' id='word_1_80' title='bbox 921 797 1189 854; x_wconf 79' lang='grc' dir='ltr'><strong><em>γινώσκοντος</em></strong></span> <span class='ocrx_word' id='word_1_81' title='bbox 1209 797 1275 842; x_wconf 84' lang='grc' dir='ltr'><strong><em>ὅτι</em></strong></span> <span class='ocrx_word' id='word_1_82' title='bbox 1300 803 1494 857; x_wconf 79' lang='grc' dir='ltr'><strong><em>τέθνηκεν</em></strong></span> <span class='ocrx_word' id='word_1_83' title='bbox 1518 798 1648 858; x_wconf 68' lang='grc' dir='ltr'><strong><em>πάρεξ</em></strong></span> <span class='ocrx_word' id='word_1_84' title='bbox 1675 815 1770 843; x_wconf 83' lang='grc' dir='ltr'><strong><em>τεσ-</em></strong></span> 
     </span>
     <span class='ocr_line' id='line_1_11' title="bbox 323 862 1836 923; baseline 0 -15"><span class='ocrx_word' id='word_1_85' title='bbox 323 867 468 922; x_wconf 79' lang='grc' dir='ltr'><strong><em>σάρων</em></strong></span> <span class='ocrx_word' id='word_1_86' title='bbox 486 898 498 919; x_wconf 88' lang='grc'><em>,</em></span> <span class='ocrx_word' id='word_1_87' title='bbox 538 864 762 920; x_wconf 79' lang='grc' dir='ltr'><strong><em>Παγιαζῆτ</em></strong></span> <span class='ocrx_word' id='word_1_88' title='bbox 780 899 782 901; x_wconf 93' lang='grc'>.</span> <span class='ocrx_word' id='word_1_89' title='bbox 803 867 878 907; x_wconf 84' lang='grc' dir='ltr'><strong><em>καί</em></strong></span> <span class='ocrx_word' id='word_1_90' title='bbox 903 867 1070 919; x_wconf 81' lang='grc' dir='ltr'><strong><em>Ἰπραίμ</em></strong></span> <span class='ocrx_word' id='word_1_91' title='bbox 1094 869 1178 908; x_wconf 74' lang='grc' dir='ltr'><strong><em>τῶν</em></strong></span> <span class='ocrx_word' id='word_1_92' title='bbox 1208 868 1436 921; x_wconf 87' lang='grc' dir='ltr'><strong><em>πατρικίων</em></strong></span> <span class='ocrx_word' id='word_1_93' title='bbox 1463 862 1494 922; x_wconf 78' lang='grc' dir='ltr'><strong><em>ἢ</em></strong></span> <span class='ocrx_word' id='word_1_94' title='bbox 1518 867 1740 923; x_wconf 80' lang='grc' dir='ltr'><strong><em>βεζιρίδων</em></strong></span> <span class='ocrx_word' id='word_1_95' title='bbox 1755 897 1767 916; x_wconf 89' lang='grc'><em>,</em></span> <span class='ocrx_word' id='word_1_96' title='bbox 1789 886 1836 912; x_wconf 84' lang='lat'><strong><em>10</em></strong></span> 
     </span>
     <span class='ocr_line' id='line_1_12' title="bbox 324 927 1767 987; baseline -0.001 -14"><span class='ocrx_word' id='word_1_97' title='bbox 324 931 402 974; x_wconf 76' lang='grc' dir='ltr'><strong><em>καὶ</em></strong></span> <span class='ocrx_word' id='word_1_98' title='bbox 429 931 503 972; x_wconf 83' lang='grc' dir='ltr'><strong><em>δύο</em></strong></span> <span class='ocrx_word' id='word_1_99' title='bbox 533 932 704 985; x_wconf 78' lang='grc' dir='ltr'><strong><em>ἰητρῶν,</em></strong></span> <span class='ocrx_word' id='word_1_100' title='bbox 735 930 779 972; x_wconf 81' lang='grc' dir='ltr'><strong><em>οἳ</em></strong></span> <span class='ocrx_word' id='word_1_101' title='bbox 802 927 875 973; x_wconf 79' lang='grc' dir='ltr'><strong><em>καὶ</em></strong></span> <span class='ocrx_word' id='word_1_102' title='bbox 900 933 995 973; x_wconf 71' lang='grc' dir='ltr'><strong><em>καθ’</em></strong></span> <span class='ocrx_word' id='word_1_103' title='bbox 1023 931 1185 986; x_wconf 78' lang='grc' dir='ltr'><strong><em>ἡμέραν</em></strong></span> <span class='ocrx_word' id='word_1_104' title='bbox 1212 930 1495 986; x_wconf 82' lang='grc' dir='ltr'><strong><em>εἰσερχόμενοι</em></strong></span> <span class='ocrx_word' id='word_1_105' title='bbox 1522 931 1767 987; x_wconf 70' lang='grc' dir='ltr'><strong><em>ἐξήρχοντο,</em></strong></span> 
     </span>
     <span class='ocr_line' id='line_1_13' title="bbox 324 993 1775 1052; baseline -0.001 -14"><span class='ocrx_word' id='word_1_106' title='bbox 324 997 633 1050; x_wconf 77' lang='grc' dir='ltr'><strong><em>κενολογοῦντες</em></strong></span> <span class='ocrx_word' id='word_1_107' title='bbox 659 1001 746 1046; x_wconf 77' lang='grc' dir='ltr'><strong><em>τοῖς</em></strong></span> <span class='ocrx_word' id='word_1_108' title='bbox 790 997 1034 1051; x_wconf 71' lang='grc' dir='ltr'><strong><em>μεγιστᾶσιν</em></strong></span> <span class='ocrx_word' id='word_1_109' title='bbox 1060 995 1119 1045; x_wconf 78' lang='grc' dir='ltr'><strong><em>ὥς</em></strong></span> <span class='ocrx_word' id='word_1_110' title='bbox 1148 993 1170 1038; x_wconf 82' lang='grc' dir='ltr'>ὁ</span> <span class='ocrx_word' id='word_1_111' title='bbox 1197 996 1382 1051; x_wconf 72' lang='grc' dir='ltr'><strong><em>ἀρχηγὸς</em></strong></span> <span class='ocrx_word' id='word_1_112' title='bbox 1407 995 1672 1052; x_wconf 79' lang='grc' dir='ltr'><strong><em>νοσηλεύεται</em></strong></span> <span class='ocrx_word' id='word_1_113' title='bbox 1697 994 1775 1038; x_wconf 71' lang='grc' dir='ltr'><strong><em>καὶ</em></strong></span> 
     </span>
     <span class='ocr_line' id='line_1_14' title="bbox 325 1059 1775 1118; baseline -0.001 -14"><span class='ocrx_word' id='word_1_114' title='bbox 325 1059 480 1116; x_wconf 74' lang='grc' dir='ltr'><strong><em>ἀνάγκη</em></strong></span> <span class='ocrx_word' id='word_1_115' title='bbox 527 1062 650 1103; x_wconf 76' lang='grc' dir='ltr'><strong><em>τινῶν</em></strong></span> <span class='ocrx_word' id='word_1_116' title='bbox 673 1063 890 1116; x_wconf 70' lang='grc' dir='ltr'><strong><em>χρειωδαῖν</em></strong></span> <span class='ocrx_word' id='word_1_117' title='bbox 914 1061 1004 1104; x_wconf 77' lang='grc' dir='ltr'><strong><em>ἐστι’</em></strong></span> <span class='ocrx_word' id='word_1_118' title='bbox 1031 1060 1135 1118; x_wconf 83' lang='grc' dir='ltr'><strong><em>πρὸς</em></strong></span> <span class='ocrx_word' id='word_1_119' title='bbox 1162 1061 1396 1117; x_wconf 73' lang='grc' dir='ltr'><strong><em>θεραπείαν</em></strong></span> <span class='ocrx_word' id='word_1_120' title='bbox 1423 1062 1647 1118; x_wconf 76' lang='grc' dir='ltr'><strong><em>ἅρμοδίαν.</em></strong></span> <span class='ocrx_word' id='word_1_121' title='bbox 1699 1063 1775 1103; x_wconf 80' lang='grc' dir='ltr'><strong><em>καί</em></strong></span> 
     </span>
     <span class='ocr_line' id='line_1_15' title="bbox 325 1123 1774 1187; baseline -0.001 -18"><span class='ocrx_word' id='word_1_122' title='bbox 325 1123 379 1182; x_wconf 81' lang='grc' dir='ltr'><strong><em>ἦν</em></strong></span> <span class='ocrx_word' id='word_1_123' title='bbox 406 1129 510 1169; x_wconf 86' lang='grc' dir='ltr'><strong><em>ἰδεῖν</em></strong></span> <span class='ocrx_word' id='word_1_124' title='bbox 537 1126 845 1180; x_wconf 76' lang='grc' dir='ltr'><strong><em>ἀπεσταλμένον</em></strong></span> <span class='ocrx_word' id='word_1_125' title='bbox 863 1130 1020 1184; x_wconf 79' lang='grc' dir='ltr'><strong><em>πλῆθος</em></strong></span> <span class='ocrx_word' id='word_1_126' title='bbox 1045 1126 1167 1182; x_wconf 71' lang='grc' dir='ltr'><strong><em>πολύ,</em></strong></span> <span class='ocrx_word' id='word_1_127' title='bbox 1185 1126 1282 1177; x_wconf 75' lang='grc' dir='ltr'><strong><em>τούς</em></strong></span> <span class='ocrx_word' id='word_1_128' title='bbox 1305 1130 1384 1182; x_wconf 85' lang='grc' dir='ltr'><strong><em>μὲν</em></strong></span> <span class='ocrx_word' id='word_1_129' title='bbox 1401 1130 1447 1170; x_wconf 81' lang='grc' dir='ltr'><strong><em>ἐν</em></strong></span> <span class='ocrx_word' id='word_1_130' title='bbox 1474 1128 1642 1187; x_wconf 72' lang='grc' dir='ltr'><strong><em>Σερβία,</em></strong></span> <span class='ocrx_word' id='word_1_131' title='bbox 1672 1124 1774 1175; x_wconf 63' lang='grc' dir='ltr'><strong><em>τούς</em></strong></span> 
     </span>
     <span class='ocr_line' id='line_1_16' title="bbox 327 1188 1837 1249; baseline 0.002 -15"><span class='ocrx_word' id='word_1_132' title='bbox 327 1194 376 1234; x_wconf 77' lang='grc' dir='ltr'><strong><em>δὲ</em></strong></span> <span class='ocrx_word' id='word_1_133' title='bbox 417 1194 464 1235; x_wconf 78' lang='grc' dir='ltr'><strong><em>ἐν</em></strong></span> <span class='ocrx_word' id='word_1_134' title='bbox 501 1194 552 1249; x_wconf 80' lang='grc' dir='ltr'><strong><em>τῇ</em></strong></span> <span class='ocrx_word' id='word_1_135' title='bbox 584 1195 906 1235; x_wconf 87' lang='grc' dir='ltr'><strong><em>Κωνσταντίνου</em></strong></span> <span class='ocrx_word' id='word_1_136' title='bbox 923 1224 935 1246; x_wconf 87' lang='grc'><em>,</em></span> <span class='ocrx_word' id='word_1_137' title='bbox 966 1188 1120 1242; x_wconf 73' lang='grc' dir='ltr'><strong><em>ἄλλους</em></strong></span> <span class='ocrx_word' id='word_1_138' title='bbox 1145 1195 1190 1234; x_wconf 83' lang='grc' dir='ltr'><strong><em>ἑν</em></strong></span> <span class='ocrx_word' id='word_1_139' title='bbox 1217 1199 1311 1243; x_wconf 81' lang='grc' dir='ltr'><strong><em>ταῖς</em></strong></span> <span class='ocrx_word' id='word_1_140' title='bbox 1342 1193 1486 1248; x_wconf 83' lang='grc' dir='ltr'><strong><em>νήσοις</em></strong></span> <span class='ocrx_word' id='word_1_141' title='bbox 1513 1194 1773 1249; x_wconf 67' lang='grc' dir='ltr'><strong><em>ἐρευνῶντας</em></strong></span> <span class='ocrx_word' id='word_1_142' title='bbox 1791 1199 1837 1240; x_wconf 80' lang='lat'><strong><em>15</em></strong></span> 
     </span>
     <span class='ocr_line' id='line_1_17' title="bbox 325 1256 1776 1314; baseline -0.001 -14"><span class='ocrx_word' id='word_1_143' title='bbox 325 1256 378 1300; x_wconf 73' lang='grc' dir='ltr'><strong><em>τὰ</em></strong></span> <span class='ocrx_word' id='word_1_144' title='bbox 406 1256 512 1312; x_wconf 78' lang='grc' dir='ltr'><strong><em>πρὸς</em></strong></span> <span class='ocrx_word' id='word_1_145' title='bbox 540 1257 729 1313; x_wconf 77' lang='grc' dir='ltr'><strong><em>ἰατρείαν</em></strong></span> <span class='ocrx_word' id='word_1_146' title='bbox 754 1259 959 1314; x_wconf 84' lang='grc' dir='ltr'><strong><em>χρήσιμα.</em></strong></span> <span class='ocrx_word' id='word_1_147' title='bbox 1015 1258 1038 1299; x_wconf 79' lang='grc' dir='ltr'>ὅ</span> <span class='ocrx_word' id='word_1_148' title='bbox 1068 1260 1115 1300; x_wconf 79' lang='grc' dir='ltr'><strong><em>δὲ</em></strong></span> <span class='ocrx_word' id='word_1_149' title='bbox 1133 1261 1296 1311; x_wconf 86' lang='grc' dir='ltr'><strong><em>μέλλων</em></strong></span> <span class='ocrx_word' id='word_1_150' title='bbox 1322 1261 1626 1311; x_wconf 71' lang='grc' dir='ltr'><strong><em>ποματίζεσθαι</em></strong></span> <span class='ocrx_word' id='word_1_151' title='bbox 1654 1257 1776 1314; x_wconf 74' lang='grc' dir='ltr'><strong><em>παρὰ.</em></strong></span> 
     </span>
     <span class='ocr_line' id='line_1_18' title="bbox 283 1322 1776 1380; baseline 0.001 -18"><span class='ocrx_word' id='word_1_152' title='bbox 283 1325 412 1366; x_wconf 79' lang='grc' dir='ltr'><strong><em>Βτῶν</em></strong></span> <span class='ocrx_word' id='word_1_153' title='bbox 447 1324 606 1377; x_wconf 77' lang='grc' dir='ltr'><strong><em>ἰατρῶν</em></strong></span> <span class='ocrx_word' id='word_1_154' title='bbox 632 1325 708 1365; x_wconf 78' lang='grc' dir='ltr'><strong><em>τοῦ</em></strong></span> <span class='ocrx_word' id='word_1_155' title='bbox 752 1325 930 1365; x_wconf 81' lang='grc' dir='ltr'><strong><em>κενῶσαι</em></strong></span> <span class='ocrx_word' id='word_1_156' title='bbox 968 1325 1051 1365; x_wconf 80' lang='grc' dir='ltr'><strong><em>τῶν</em></strong></span> <span class='ocrx_word' id='word_1_157' title='bbox 1078 1325 1253 1378; x_wconf 81' lang='grc' dir='ltr'><strong><em>ἐντέρων</em></strong></span> <span class='ocrx_word' id='word_1_158' title='bbox 1278 1323 1326 1365; x_wconf 85' lang='grc' dir='ltr'><strong><em>τὸ</em></strong></span> <span class='ocrx_word' id='word_1_159' title='bbox 1368 1322 1500 1380; x_wconf 80' lang='grc' dir='ltr'><strong><em>βάρος</em></strong></span> <span class='ocrx_word' id='word_1_160' title='bbox 1530 1323 1602 1366; x_wconf 78' lang='grc' dir='ltr'><strong><em>καὶ</em></strong></span> <span class='ocrx_word' id='word_1_161' title='bbox 1625 1325 1776 1379; x_wconf 82' lang='grc' dir='ltr'><strong><em>κουφί-</em></strong></span> 
     </span>
     <span class='ocr_line' id='line_1_19' title="bbox 215 1383 1804 1445; baseline 0.001 -17"><span class='ocrx_word' id='word_1_162' title='bbox 215 1393 257 1426; x_wconf 77' lang='lat' dir='ltr'><strong><em>V.</em></strong></span> <span class='ocrx_word' id='word_1_163' title='bbox 274 1394 315 1438; x_wconf 83' lang='lat'><strong><em>57</em></strong></span> <span class='ocrx_word' id='word_1_164' title='bbox 330 1405 403 1431; x_wconf 88' lang='grc' dir='ltr'><strong><em>σαι</em></strong></span> <span class='ocrx_word' id='word_1_165' title='bbox 449 1386 662 1441; x_wconf 74' lang='grc' dir='ltr'><strong><em>πνεύμονα</em></strong></span> <span class='ocrx_word' id='word_1_166' title='bbox 703 1390 777 1430; x_wconf 85' lang='grc' dir='ltr'><strong><em>καί</em></strong></span> <span class='ocrx_word' id='word_1_167' title='bbox 812 1383 952 1444; x_wconf 80' lang='grc' dir='ltr'><strong><em>ἧπαρ,</em></strong></span> <span class='ocrx_word' id='word_1_168' title='bbox 999 1390 1198 1445; x_wconf 75' lang='grc' dir='ltr'><strong><em>διερράγη</em></strong></span> <span class='ocrx_word' id='word_1_169' title='bbox 1224 1391 1409 1443; x_wconf 84' lang='grc' dir='ltr'><strong><em>κοιλίαν,</em></strong></span> <span class='ocrx_word' id='word_1_170' title='bbox 1436 1391 1511 1432; x_wconf 81' lang='grc' dir='ltr'><strong><em>καί</em></strong></span> <span class='ocrx_word' id='word_1_171' title='bbox 1535 1392 1675 1432; x_wconf 78' lang='grc' dir='ltr'><strong><em>πᾶσαν</em></strong></span> <span class='ocrx_word' id='word_1_172' title='bbox 1697 1387 1774 1443; x_wconf 73' lang='grc' dir='ltr'><strong><em>τὴν</em></strong></span> <span class='ocrx_word' id='word_1_173' title='bbox 1802 1436 1804 1440; x_wconf 19' lang='lat' dir='ltr'>y</span> 
     </span>
     <span class='ocr_line' id='line_1_20' title="bbox 329 1453 1774 1512; baseline -0.002 -15"><span class='ocrx_word' id='word_1_174' title='bbox 329 1453 448 1507; x_wconf 66' lang='grc' dir='ltr'><strong><em>ἔνδον</em></strong></span> <span class='ocrx_word' id='word_1_175' title='bbox 473 1457 625 1509; x_wconf 81' lang='grc' dir='ltr'><strong><em>πλῆσιν</em></strong></span> <span class='ocrx_word' id='word_1_176' title='bbox 645 1454 776 1496; x_wconf 74' lang='grc' dir='ltr'><strong><em>αὐτοῦ</em></strong></span> <span class='ocrx_word' id='word_1_177' title='bbox 801 1456 852 1510; x_wconf 81' lang='grc' dir='ltr'><strong><em>τῇ</em></strong></span> <span class='ocrx_word' id='word_1_178' title='bbox 877 1457 930 1512; x_wconf 78' lang='grc' dir='ltr'><strong><em>γῇ</em></strong></span> <span class='ocrx_word' id='word_1_179' title='bbox 957 1454 1305 1511; x_wconf 82' lang='grc' dir='ltr'><strong><em>παραδεδώκασιν</em></strong></span> <span class='ocrx_word' id='word_1_180' title='bbox 1331 1454 1448 1504; x_wconf 79' lang='grc' dir='ltr'><strong><em>ἐντὸς</em></strong></span> <span class='ocrx_word' id='word_1_181' title='bbox 1465 1457 1541 1498; x_wconf 80' lang='grc' dir='ltr'><strong><em>τοῦ</em></strong></span> <span class='ocrx_word' id='word_1_182' title='bbox 1559 1453 1774 1508; x_wconf 75' lang='grc' dir='ltr'><strong><em>δωματίου</em></strong></span> 
     </span>
     <span class='ocr_line' id='line_1_21' title="bbox 329 1514 1839 1576; baseline 0.001 -14"><span class='ocrx_word' id='word_1_183' title='bbox 329 1514 381 1562; x_wconf 73' lang='grc' dir='ltr'><strong><em>οὗ</em></strong></span> <span class='ocrx_word' id='word_1_184' title='bbox 408 1519 565 1561; x_wconf 79' lang='grc' dir='ltr'><strong><em>ἔκειτο·</em></strong></span> <span class='ocrx_word' id='word_1_185' title='bbox 619 1519 664 1561; x_wconf 87' lang='grc' dir='ltr'><em>τό</em></span> <span class='ocrx_word' id='word_1_186' title='bbox 697 1521 744 1561; x_wconf 81' lang='grc' dir='ltr'><strong><em>δὲ</em></strong></span> <span class='ocrx_word' id='word_1_187' title='bbox 770 1521 895 1573; x_wconf 71' lang='grc' dir='ltr'><strong><em>σῶμα</em></strong></span> <span class='ocrx_word' id='word_1_188' title='bbox 930 1518 1081 1576; x_wconf 75' lang='grc' dir='ltr'><strong><em>μύροις</em></strong></span> <span class='ocrx_word' id='word_1_189' title='bbox 1108 1520 1353 1574; x_wconf 78' lang='grc' dir='ltr'><strong><em>ἀλείψαντες</em></strong></span> <span class='ocrx_word' id='word_1_190' title='bbox 1380 1522 1455 1563; x_wconf 81' lang='grc' dir='ltr'><strong><em>καί</em></strong></span> <span class='ocrx_word' id='word_1_191' title='bbox 1475 1517 1635 1563; x_wconf 86' lang='grc' dir='ltr'><strong><em>σινδόνι</em></strong></span> <span class='ocrx_word' id='word_1_192' title='bbox 1662 1519 1774 1574; x_wconf 81' lang='grc' dir='ltr'><strong><em>εἰλή-</em></strong></span> <span class='ocrx_word' id='word_1_193' title='bbox 1788 1539 1839 1565; x_wconf 85' lang='lat'><strong><em>20</em></strong></span> 
     </span>
     <span class='ocr_line' id='line_1_22' title="bbox 297 1580 1774 1642; baseline -0.001 -14"><span class='ocrx_word' id='word_1_194' title='bbox 297 1604 302 1621; x_wconf 70' lang='lat'>³</span> <span class='ocrx_word' id='word_1_195' title='bbox 329 1600 475 1634; x_wconf 84' lang='grc' dir='ltr'><strong><em>σαντες</em></strong></span> <span class='ocrx_word' id='word_1_196' title='bbox 494 1588 730 1640; x_wconf 77' lang='grc' dir='ltr'><strong><em>κατέθηκαν</em></strong></span> <span class='ocrx_word' id='word_1_197' title='bbox 746 1586 818 1627; x_wconf 83' lang='grc' dir='ltr'><strong><em>ἑπί</em></strong></span> <span class='ocrx_word' id='word_1_198' title='bbox 842 1589 1060 1642; x_wconf 77' lang='grc' dir='ltr'><strong><em>στρωμνῆς</em></strong></span> <span class='ocrx_word' id='word_1_199' title='bbox 1091 1583 1148 1636; x_wconf 78' lang='grc' dir='ltr'><strong><em>ὦς</em></strong></span> <span class='ocrx_word' id='word_1_200' title='bbox 1174 1588 1332 1642; x_wconf 75' lang='grc' dir='ltr'><strong><em>α’σθενῆ</em></strong></span> <span class='ocrx_word' id='word_1_201' title='bbox 1361 1588 1506 1637; x_wconf 80' lang='grc' dir='ltr'><strong><em>ζῶντα.</em></strong></span> <span class='ocrx_word' id='word_1_202' title='bbox 1537 1586 1668 1628; x_wconf 78' lang='grc' dir='ltr'><strong><em>ταῦτα</em></strong></span> <span class='ocrx_word' id='word_1_203' title='bbox 1697 1580 1774 1627; x_wconf 69' lang='grc' dir='ltr'><strong><em>οὖν</em></strong></span> 
     </span>
     <span class='ocr_line' id='line_1_23' title="bbox 329 1648 1774 1707; baseline 0 -14"><span class='ocrx_word' id='word_1_204' title='bbox 329 1651 464 1693; x_wconf 83' lang='grc' dir='ltr'><strong><em>πάντα</em></strong></span> <span class='ocrx_word' id='word_1_205' title='bbox 501 1648 752 1706; x_wconf 81' lang='grc' dir='ltr'><strong><em>ὲπράττοντο</em></strong></span> <span class='ocrx_word' id='word_1_206' title='bbox 791 1649 907 1707; x_wconf 75' lang='grc' dir='ltr'><strong><em>παρὰ</em></strong></span> <span class='ocrx_word' id='word_1_207' title='bbox 936 1653 1019 1693; x_wconf 81' lang='grc' dir='ltr'><strong><em>τῶν</em></strong></span> <span class='ocrx_word' id='word_1_208' title='bbox 1045 1651 1122 1693; x_wconf 68' lang='grc' dir='ltr'><strong><em>δύο</em></strong></span> <span class='ocrx_word' id='word_1_209' title='bbox 1148 1651 1372 1706; x_wconf 85' lang='grc' dir='ltr'><strong><em>βεζιρίδων</em></strong></span> <span class='ocrx_word' id='word_1_210' title='bbox 1399 1652 1472 1693; x_wconf 78' lang='grc' dir='ltr'><strong><em>καί</em></strong></span> <span class='ocrx_word' id='word_1_211' title='bbox 1499 1653 1582 1694; x_wconf 76' lang='grc' dir='ltr'><strong><em>τῶν</em></strong></span> <span class='ocrx_word' id='word_1_212' title='bbox 1611 1653 1774 1694; x_wconf 84' lang='grc' dir='ltr'><strong><em>παίδων</em></strong></span> 
     </span>
     <span class='ocr_line' id='line_1_24' title="bbox 329 1713 1769 1773; baseline -0.001 -13"><span class='ocrx_word' id='word_1_213' title='bbox 329 1718 406 1760; x_wconf 78' lang='grc' dir='ltr'><strong><em>τοῦ</em></strong></span> <span class='ocrx_word' id='word_1_214' title='bbox 423 1719 646 1769; x_wconf 84' lang='grc' dir='ltr'><strong><em>παλατίου,</em></strong></span> <span class='ocrx_word' id='word_1_215' title='bbox 668 1716 712 1759; x_wconf 76' lang='grc' dir='ltr'><strong><em>οἳ</em></strong></span> <span class='ocrx_word' id='word_1_216' title='bbox 727 1715 803 1758; x_wconf 71' lang='grc' dir='ltr'><strong><em>οὐκ</em></strong></span> <span class='ocrx_word' id='word_1_217' title='bbox 821 1716 1046 1773; x_wconf 78' lang='grc' dir='ltr'><strong><em>ἐξήρχοντο</em></strong></span> <span class='ocrx_word' id='word_1_218' title='bbox 1063 1713 1158 1760; x_wconf 71' lang='grc' dir='ltr'><strong><em>οὔτε</em></strong></span> <span class='ocrx_word' id='word_1_219' title='bbox 1177 1719 1500 1773; x_wconf 77' lang='grc' dir='ltr'><strong><em>ἐκοινολογοῦντο</em></strong></span> <span class='ocrx_word' id='word_1_220' title='bbox 1515 1715 1624 1771; x_wconf 79' lang='grc' dir='ltr'><strong><em>μετά</em></strong></span> <span class='ocrx_word' id='word_1_221' title='bbox 1645 1732 1769 1767; x_wconf 87' lang='grc' dir='ltr'><strong><em>τινος.</em></strong></span> 
     </span>
    </p>
   </div>
   <div class='ocr_carea' id='block_1_3' title="bbox 1780 544 1804 585">
    <p class='ocr_par' dir='ltr' id='par_1_3' title="bbox 1780 544 1804 585">
     <span class='ocr_line' id='line_1_25' title="bbox 1780 544 1804 585; baseline 0 0"><span class='ocrx_word' id='word_1_222' title='bbox 1780 544 1804 585; x_wconf 84' lang='grc'><strong>5</strong></span> 
     </span>
    </p>
   </div>
   <div class='ocr_carea' id='block_1_4' title="bbox 427 1815 723 1865">
    <p class='ocr_par' dir='ltr' id='par_1_4' title="bbox 427 1815 723 1865">
     <span class='ocr_line' id='line_1_26' title="bbox 427 1815 723 1865; baseline -0.017 -10"><span class='ocrx_word' id='word_1_223' title='bbox 427 1820 479 1855; x_wconf 81' lang='lat'><strong><em>13.</em></strong></span> <span class='ocrx_word' id='word_1_224' title='bbox 504 1815 672 1865; x_wconf 68' lang='grc' dir='ltr'><strong><em>α’ρμοδίᾳ</em></strong></span> <span class='ocrx_word' id='word_1_225' title='bbox 689 1817 723 1851; x_wconf 88' lang='grc' dir='ltr'><strong><em>Ρ.</em></strong></span> 
     </span>
    </p>
   </div>
   <div class='ocr_carea' id='block_1_5' title="bbox 328 1909 1795 2796">
    <p class='ocr_par' dir='ltr' id='par_1_5' title="bbox 328 1909 1795 2796">
     <span class='ocr_line' id='line_1_27' title="bbox 333 1909 1774 1957; baseline -0.002 -11"><span class='ocrx_word' id='word_1_226' title='bbox 333 1923 372 1946; x_wconf 80' lang='lat' dir='ltr'><strong><em>se</em></strong></span> <span class='ocrx_word' id='word_1_227' title='bbox 387 1911 585 1957; x_wconf 84' lang='lat' dir='ltr'><strong>principem</strong></span> <span class='ocrx_word' id='word_1_228' title='bbox 601 1910 815 1943; x_wconf 84' lang='lat' dir='ltr'>familiarem</span> <span class='ocrx_word' id='word_1_229' title='bbox 839 1914 877 1944; x_wconf 86' lang='lat' dir='ltr'><strong><em>et</em></strong></span> <span class='ocrx_word' id='word_1_230' title='bbox 897 1915 1137 1951; x_wconf 81' lang='lat' dir='ltr'><strong>mansuetum,</strong></span> <span class='ocrx_word' id='word_1_231' title='bbox 1161 1914 1362 1955; x_wconf 79' lang='lat' dir='ltr'><strong>serpentem</strong></span> <span class='ocrx_word' id='word_1_232' title='bbox 1378 1911 1416 1944; x_wconf 88' lang='lat' dir='ltr'><strong><em>in</em></strong></span> <span class='ocrx_word' id='word_1_233' title='bbox 1432 1911 1512 1945; x_wconf 83' lang='lat' dir='ltr'><strong>sinu</strong></span> <span class='ocrx_word' id='word_1_234' title='bbox 1528 1921 1592 1944; x_wconf 76' lang='lat' dir='ltr'><strong><em>suo</em></strong></span> <span class='ocrx_word' id='word_1_235' title='bbox 1618 1909 1774 1954; x_wconf 83' lang='lat' dir='ltr'><strong>benigne</strong></span> 
     </span>
     <span class='ocr_line' id='line_1_28' title="bbox 333 1957 1773 2003; baseline -0.001 -11"><span class='ocrx_word' id='word_1_236' title='bbox 333 1959 466 2001; x_wconf 84' lang='lat' dir='ltr'><strong>fotum;</strong></span> <span class='ocrx_word' id='word_1_237' title='bbox 491 1958 575 2003; x_wconf 89' lang='lat' dir='ltr'><strong>qui,</strong></span> <span class='ocrx_word' id='word_1_238' title='bbox 601 1957 631 1990; x_wconf 81' lang='lat' dir='ltr'><strong>si</strong></span> <span class='ocrx_word' id='word_1_239' title='bbox 657 1957 749 1990; x_wconf 83' lang='lat' dir='ltr'><strong>sorte</strong></span> <span class='ocrx_word' id='word_1_240' title='bbox 777 1968 896 1990; x_wconf 83' lang='lat' dir='ltr'><strong>morsu</strong></span> <span class='ocrx_word' id='word_1_241' title='bbox 931 1957 1141 2001; x_wconf 82' lang='lat' dir='ltr'><strong>appetierit,</strong></span> <span class='ocrx_word' id='word_1_242' title='bbox 1165 1961 1206 1989; x_wconf 85' lang='lat' dir='ltr'><strong><em>ut</em></strong></span> <span class='ocrx_word' id='word_1_243' title='bbox 1228 1962 1355 1989; x_wconf 80' lang='lat' dir='ltr'><strong>natura</strong></span> <span class='ocrx_word' id='word_1_244' title='bbox 1378 1957 1553 1991; x_wconf 85' lang='lat' dir='ltr'><strong>indomita</strong></span> <span class='ocrx_word' id='word_1_245' title='bbox 1576 1962 1773 2002; x_wconf 78' lang='lat' dir='ltr'><strong>permanet,</strong></span> 
     </span>
     <span class='ocr_line' id='line_1_29' title="bbox 331 2002 1774 2049; baseline -0.001 -11"><span class='ocrx_word' id='word_1_246' title='bbox 331 2006 428 2039; x_wconf 77' lang='lat' dir='ltr'><strong>virus</strong></span> <span class='ocrx_word' id='word_1_247' title='bbox 464 2010 585 2038; x_wconf 80' lang='lat' dir='ltr'><strong>tamen</strong></span> <span class='ocrx_word' id='word_1_248' title='bbox 617 2003 780 2037; x_wconf 86' lang='lat' dir='ltr'><strong>dentium</strong></span> <span class='ocrx_word' id='word_1_249' title='bbox 818 2004 1053 2047; x_wconf 74' lang='lat' dir='ltr'><strong>impressione</strong></span> <span class='ocrx_word' id='word_1_250' title='bbox 1094 2015 1167 2036; x_wconf 91' lang='lat' dir='ltr'><strong><em>non</em></strong></span> <span class='ocrx_word' id='word_1_251' title='bbox 1204 2002 1382 2037; x_wconf 82' lang='lat' dir='ltr'><strong>infundat.</strong></span> <span class='ocrx_word' id='word_1_252' title='bbox 1407 2005 1497 2037; x_wconf 80' lang='lat' dir='ltr'><strong>haec</strong></span> <span class='ocrx_word' id='word_1_253' title='bbox 1523 2003 1620 2049; x_wconf 80' lang='lat' dir='ltr'>apud</span> <span class='ocrx_word' id='word_1_254' title='bbox 1649 2015 1688 2037; x_wconf 82' lang='lat' dir='ltr'><strong><em>se</em></strong></span> <span class='ocrx_word' id='word_1_255' title='bbox 1716 2014 1774 2037; x_wconf 79' lang='lat' dir='ltr'><strong><em>so-</em></strong></span> 
     </span>
     <span class='ocr_line' id='line_1_30' title="bbox 331 2050 1772 2096; baseline -0.001 -10"><span class='ocrx_word' id='word_1_256' title='bbox 331 2052 472 2086; x_wconf 81' lang='lat' dir='ltr'><strong>mnians</strong></span> <span class='ocrx_word' id='word_1_257' title='bbox 492 2051 577 2096; x_wconf 89' lang='lat' dir='ltr'><strong>imp.</strong></span> <span class='ocrx_word' id='word_1_258' title='bbox 597 2050 821 2083; x_wconf 80' lang='lat' dir='ltr'><strong>laetabatur:</strong></span> <span class='ocrx_word' id='word_1_259' title='bbox 851 2056 889 2083; x_wconf 81' lang='lat' dir='ltr'><strong><em>at</em></strong></span> <span class='ocrx_word' id='word_1_260' title='bbox 903 2051 1138 2083; x_wconf 81' lang='lat' dir='ltr'><strong>Romaeorum</strong></span> <span class='ocrx_word' id='word_1_261' title='bbox 1163 2050 1307 2082; x_wconf 83' lang='lat' dir='ltr'><strong>fortuna</strong></span> <span class='ocrx_word' id='word_1_262' title='bbox 1331 2050 1443 2084; x_wconf 78' lang='lat' dir='ltr'><strong>futuri</strong></span> <span class='ocrx_word' id='word_1_263' title='bbox 1466 2062 1573 2094; x_wconf 81' lang='lat' dir='ltr'><strong>gnara</strong></span> <span class='ocrx_word' id='word_1_264' title='bbox 1599 2050 1772 2094; x_wconf 75' lang='lat' dir='ltr'><strong>gemebat.</strong></span> 
     </span>
     <span class='ocr_line' id='line_1_31' title="bbox 425 2097 1773 2141; baseline -0.002 -9"><span class='ocrx_word' id='word_1_265' title='bbox 425 2099 569 2132; x_wconf 86' lang='lat' dir='ltr'><strong>Mortuo</strong></span> <span class='ocrx_word' id='word_1_266' title='bbox 604 2097 713 2141; x_wconf 82' lang='lat' dir='ltr'><strong>igitur</strong></span> <span class='ocrx_word' id='word_1_267' title='bbox 746 2097 1000 2141; x_wconf 82' lang='lat' dir='ltr'><strong>Adrianopoli‚</strong></span> <span class='ocrx_word' id='word_1_268' title='bbox 1034 2097 1128 2130; x_wconf 90' lang='lat' dir='ltr'><strong>sicut</strong></span> <span class='ocrx_word' id='word_1_269' title='bbox 1161 2097 1404 2139; x_wconf 80' lang='lat' dir='ltr'><strong>narravimus,</strong></span> <span class='ocrx_word' id='word_1_270' title='bbox 1439 2097 1644 2131; x_wconf 83' lang='lat' dir='ltr'><strong>Mahomete</strong></span> <span class='ocrx_word' id='word_1_271' title='bbox 1679 2097 1773 2141; x_wconf 83' lang='lat' dir='ltr'><strong>Bego</strong></span> 
     </span>
     <span class='ocr_line' id='line_1_32' title="bbox 332 2143 1791 2188; baseline -0.001 -10"><span class='ocrx_word' id='word_1_272' title='bbox 332 2146 370 2178; x_wconf 89' lang='lat' dir='ltr'><strong><em>in</em></strong></span> <span class='ocrx_word' id='word_1_273' title='bbox 396 2144 548 2177; x_wconf 84' lang='lat' dir='ltr'><strong>aedibus</strong></span> <span class='ocrx_word' id='word_1_274' title='bbox 583 2155 604 2176; x_wconf 81' lang='lat' dir='ltr'><strong>a</strong></span> <span class='ocrx_word' id='word_1_275' title='bbox 645 2155 682 2176; x_wconf 80' lang='lat' dir='ltr'><strong><em>se</em></strong></span> <span class='ocrx_word' id='word_1_276' title='bbox 705 2144 918 2177; x_wconf 84' lang='lat' dir='ltr'><strong>constructis</strong></span> <span class='ocrx_word' id='word_1_277' title='bbox 934 2169 943 2183; x_wconf 87' lang='lat'>,</span> <span class='ocrx_word' id='word_1_278' title='bbox 979 2154 1044 2188; x_wconf 84' lang='lat' dir='ltr'><strong><em>per</em></strong></span> <span class='ocrx_word' id='word_1_279' title='bbox 1070 2144 1146 2176; x_wconf 83' lang='lat' dir='ltr'><strong>dies</strong></span> <span class='ocrx_word' id='word_1_280' title='bbox 1174 2145 1218 2187; x_wconf 78' lang='grc' dir='ltr'><strong><em>4ο</em></strong></span> <span class='ocrx_word' id='word_1_281' title='bbox 1243 2143 1393 2177; x_wconf 82' lang='lat' dir='ltr'><strong>cadaver</strong></span> <span class='ocrx_word' id='word_1_282' title='bbox 1417 2144 1518 2177; x_wconf 76' lang='lat' dir='ltr'><strong>iuius</strong></span> <span class='ocrx_word' id='word_1_283' title='bbox 1548 2144 1791 2177; x_wconf 70' lang='lat' dir='ltr'><strong>occultarunt.</strong></span> 
     </span>
     <span class='ocr_line' id='line_1_33' title="bbox 331 2189 1773 2236; baseline -0.001 -12"><span class='ocrx_word' id='word_1_284' title='bbox 331 2192 370 2224; x_wconf 86' lang='lat' dir='ltr'><strong><em>in</em></strong></span> <span class='ocrx_word' id='word_1_285' title='bbox 393 2191 548 2236; x_wconf 81' lang='lat' dir='ltr'>quadam</span> <span class='ocrx_word' id='word_1_286' title='bbox 573 2189 716 2223; x_wconf 82' lang='lat' dir='ltr'><strong>aedium</strong></span> <span class='ocrx_word' id='word_1_287' title='bbox 742 2196 865 2235; x_wconf 83' lang='lat' dir='ltr'><strong>parte,</strong></span> <span class='ocrx_word' id='word_1_288' title='bbox 893 2190 955 2222; x_wconf 90' lang='lat' dir='ltr'><strong>ubi</strong></span> <span class='ocrx_word' id='word_1_289' title='bbox 979 2190 1092 2222; x_wconf 80' lang='lat' dir='ltr'><strong>iacuit</strong></span> <span class='ocrx_word' id='word_1_290' title='bbox 1123 2190 1365 2234; x_wconf 79' lang='lat' dir='ltr'><strong>insepultum3</strong></span> <span class='ocrx_word' id='word_1_291' title='bbox 1389 2201 1585 2235; x_wconf 83' lang='lat' dir='ltr'><strong>omnesque</strong></span> <span class='ocrx_word' id='word_1_292' title='bbox 1608 2201 1705 2223; x_wconf 80' lang='lat' dir='ltr'><strong>mors</strong></span> <span class='ocrx_word' id='word_1_293' title='bbox 1725 2190 1773 2222; x_wconf 86' lang='lat' dir='ltr'><strong>il-</strong></span> 
     </span>
     <span class='ocr_line' id='line_1_34' title="bbox 330 2236 1771 2282; baseline -0.001 -12"><span class='ocrx_word' id='word_1_294' title='bbox 330 2238 401 2270; x_wconf 85' lang='lat' dir='ltr'><strong>lius</strong></span> <span class='ocrx_word' id='word_1_295' title='bbox 428 2237 567 2270; x_wconf 83' lang='lat' dir='ltr'><strong>latebat</strong></span> <span class='ocrx_word' id='word_1_296' title='bbox 589 2243 732 2282; x_wconf 82' lang='lat' dir='ltr'><strong>praeter</strong></span> <span class='ocrx_word' id='word_1_297' title='bbox 755 2237 849 2270; x_wconf 88' lang='lat' dir='ltr'><strong>viros</strong></span> <span class='ocrx_word' id='word_1_298' title='bbox 874 2243 1053 2281; x_wconf 84' lang='lat' dir='ltr'><strong>quatuor,</strong></span> <span class='ocrx_word' id='word_1_299' title='bbox 1082 2237 1273 2269; x_wconf 83' lang='lat' dir='ltr'><strong>Baiazitem</strong></span> <span class='ocrx_word' id='word_1_300' title='bbox 1299 2242 1336 2269; x_wconf 86' lang='lat' dir='ltr'><strong><em>et</em></strong></span> <span class='ocrx_word' id='word_1_301' title='bbox 1372 2237 1566 2269; x_wconf 74' lang='lat' dir='ltr'><strong>Ibi-nimum</strong></span> <span class='ocrx_word' id='word_1_302' title='bbox 1600 2236 1771 2281; x_wconf 80' lang='lat' dir='ltr'><strong>patricios</strong></span> 
     </span>
     <span class='ocr_line' id='line_1_35' title="bbox 330 2283 1772 2329; baseline -0.001 -12"><span class='ocrx_word' id='word_1_303' title='bbox 330 2285 405 2317; x_wconf 87' lang='lat' dir='ltr'><strong>sive</strong></span> <span class='ocrx_word' id='word_1_304' title='bbox 428 2284 586 2323; x_wconf 82' lang='lat' dir='ltr'><strong>veziros,</strong></span> <span class='ocrx_word' id='word_1_305' title='bbox 612 2283 775 2329; x_wconf 84' lang='lat' dir='ltr'><strong>duosque</strong></span> <span class='ocrx_word' id='word_1_306' title='bbox 802 2284 981 2324; x_wconf 85' lang='lat' dir='ltr'><strong>medicos,</strong></span> <span class='ocrx_word' id='word_1_307' title='bbox 1006 2284 1068 2328; x_wconf 84' lang='lat' dir='ltr'><strong>qui</strong></span> <span class='ocrx_word' id='word_1_308' title='bbox 1095 2283 1259 2328; x_wconf 77' lang='lat' dir='ltr'><strong>quotidie</strong></span> <span class='ocrx_word' id='word_1_309' title='bbox 1281 2283 1430 2326; x_wconf 79' lang='lat' dir='ltr'><strong>ingressi</strong></span> <span class='ocrx_word' id='word_1_310' title='bbox 1454 2289 1490 2316; x_wconf 82' lang='lat' dir='ltr'><strong><em>et</em></strong></span> <span class='ocrx_word' id='word_1_311' title='bbox 1515 2289 1686 2316; x_wconf 82' lang='lat' dir='ltr'><strong>exeuntes</strong></span> <span class='ocrx_word' id='word_1_312' title='bbox 1710 2294 1772 2316; x_wconf 79' lang='lat' dir='ltr'><strong><em>va-</em></strong></span> 
     </span>
     <span class='ocr_line' id='line_1_36' title="bbox 329 2329 1771 2375; baseline -0.001 -12"><span class='ocrx_word' id='word_1_313' title='bbox 329 2342 395 2363; x_wconf 87' lang='lat' dir='ltr'><strong>nos</strong></span> <span class='ocrx_word' id='word_1_314' title='bbox 445 2341 625 2363; x_wconf 82' lang='lat' dir='ltr'><strong>sermones</strong></span> <span class='ocrx_word' id='word_1_315' title='bbox 659 2329 704 2363; x_wconf 86' lang='lat' dir='ltr'><strong><em>de</em></strong></span> <span class='ocrx_word' id='word_1_316' title='bbox 737 2331 962 2375; x_wconf 76' lang='lat' dir='ltr'><strong>imperatoris</strong></span> <span class='ocrx_word' id='word_1_317' title='bbox 992 2329 1200 2363; x_wconf 81' lang='lat' dir='ltr'><strong>valetudine</strong></span> <span class='ocrx_word' id='word_1_318' title='bbox 1237 2329 1333 2373; x_wconf 83' lang='lat' dir='ltr'>apud</span> <span class='ocrx_word' id='word_1_319' title='bbox 1371 2340 1534 2373; x_wconf 82' lang='lat' dir='ltr'>proceres</span> <span class='ocrx_word' id='word_1_320' title='bbox 1566 2329 1771 2363; x_wconf 80' lang='lat' dir='ltr'><strong>iactabant:</strong></span> 
     </span>
     <span class='ocr_line' id='line_1_37' title="bbox 329 2375 1772 2421; baseline -0.001 -11"><span class='ocrx_word' id='word_1_321' title='bbox 329 2377 455 2410; x_wconf 79' lang='lat' dir='ltr'><strong>morbo</strong></span> <span class='ocrx_word' id='word_1_322' title='bbox 485 2376 633 2421; x_wconf 85' lang='lat' dir='ltr'><strong>quidem</strong></span> <span class='ocrx_word' id='word_1_323' title='bbox 649 2377 765 2420; x_wconf 86' lang='lat' dir='ltr'><strong>ipsum</strong></span> <span class='ocrx_word' id='word_1_324' title='bbox 784 2377 951 2418; x_wconf 83' lang='lat' dir='ltr'><strong>detineri,</strong></span> <span class='ocrx_word' id='word_1_325' title='bbox 978 2382 1014 2410; x_wconf 91' lang='lat' dir='ltr'><strong><em>et</em></strong></span> <span class='ocrx_word' id='word_1_326' title='bbox 1033 2376 1079 2409; x_wconf 83' lang='lat' dir='ltr'><strong><em>ad</em></strong></span> <span class='ocrx_word' id='word_1_327' title='bbox 1106 2375 1300 2408; x_wconf 84' lang='lat' dir='ltr'><strong>curandum</strong></span> <span class='ocrx_word' id='word_1_328' title='bbox 1325 2375 1428 2408; x_wconf 89' lang='lat' dir='ltr'><strong>illum</strong></span> <span class='ocrx_word' id='word_1_329' title='bbox 1454 2376 1670 2421; x_wconf 85' lang='lat' dir='ltr'><strong>quibusdam</strong></span> <span class='ocrx_word' id='word_1_330' title='bbox 1695 2387 1772 2409; x_wconf 87' lang='lat' dir='ltr'><strong><em>me-</em></strong></span> 
     </span>
     <span class='ocr_line' id='line_1_38' title="bbox 330 2422 1771 2468; baseline -0.001 -12"><span class='ocrx_word' id='word_1_331' title='bbox 330 2423 541 2456; x_wconf 79' lang='lat' dir='ltr'><strong>dicamentis</strong></span> <span class='ocrx_word' id='word_1_332' title='bbox 563 2423 702 2456; x_wconf 83' lang='lat' dir='ltr'><strong>idoneis</strong></span> <span class='ocrx_word' id='word_1_333' title='bbox 722 2435 810 2468; x_wconf 84' lang='lat' dir='ltr'><strong>opus</strong></span> <span class='ocrx_word' id='word_1_334' title='bbox 828 2435 915 2456; x_wconf 85' lang='lat' dir='ltr'><strong>esse.</strong></span> <span class='ocrx_word' id='word_1_335' title='bbox 941 2429 977 2456; x_wconf 87' lang='lat' dir='ltr'><strong><em>et</em></strong></span> <span class='ocrx_word' id='word_1_336' title='bbox 996 2433 1141 2456; x_wconf 86' lang='lat' dir='ltr'><strong>cernere</strong></span> <span class='ocrx_word' id='word_1_337' title='bbox 1163 2427 1240 2455; x_wconf 84' lang='lat' dir='ltr'><strong>erat</strong></span> <span class='ocrx_word' id='word_1_338' title='bbox 1258 2422 1378 2466; x_wconf 84' lang='lat' dir='ltr'><strong>plures</strong></span> <span class='ocrx_word' id='word_1_339' title='bbox 1393 2423 1524 2467; x_wconf 81' lang='lat' dir='ltr'><strong>partim</strong></span> <span class='ocrx_word' id='word_1_340' title='bbox 1548 2423 1587 2456; x_wconf 89' lang='lat' dir='ltr'><strong><em>in</em></strong></span> <span class='ocrx_word' id='word_1_341' title='bbox 1602 2423 1771 2464; x_wconf 75' lang='lat' dir='ltr'><strong>Sei-viam,</strong></span> 
     </span>
     <span class='ocr_line' id='line_1_39' title="bbox 329 2468 1795 2515; baseline 0 -13"><span class='ocrx_word' id='word_1_342' title='bbox 329 2470 459 2515; x_wconf 79' lang='lat' dir='ltr'><strong>partim</strong></span> <span class='ocrx_word' id='word_1_343' title='bbox 473 2469 613 2514; x_wconf 87' lang='lat' dir='ltr'><strong>Cpolim</strong></span> <span class='ocrx_word' id='word_1_344' title='bbox 637 2470 774 2511; x_wconf 88' lang='lat' dir='ltr'><strong>missos,</strong></span> <span class='ocrx_word' id='word_1_345' title='bbox 794 2471 884 2504; x_wconf 78' lang='lat' dir='ltr'><strong>alios</strong></span> <span class='ocrx_word' id='word_1_346' title='bbox 906 2470 945 2503; x_wconf 88' lang='lat' dir='ltr'><strong><em>in</em></strong></span> <span class='ocrx_word' id='word_1_347' title='bbox 969 2470 1116 2510; x_wconf 84' lang='lat' dir='ltr'><strong>insulas,</strong></span> <span class='ocrx_word' id='word_1_348' title='bbox 1137 2468 1182 2501; x_wconf 82' lang='lat' dir='ltr'><strong><em>ad</em></strong></span> <span class='ocrx_word' id='word_1_349' title='bbox 1205 2469 1450 2514; x_wconf 83' lang='lat' dir='ltr'><strong>conquirenda</strong></span> <span class='ocrx_word' id='word_1_350' title='bbox 1476 2469 1667 2514; x_wconf 81' lang='lat' dir='ltr'>pharmaca</span> <span class='ocrx_word' id='word_1_351' title='bbox 1693 2469 1770 2502; x_wconf 86' lang='lat' dir='ltr'><strong>eius</strong></span> <span class='ocrx_word' id='word_1_352' title='bbox 1793 2489 1795 2491; x_wconf 90' lang='lat'>·</span> 
     </span>
     <span class='ocr_line' id='line_1_40' title="bbox 328 2515 1771 2561; baseline -0.001 -11"><span class='ocrx_word' id='word_1_353' title='bbox 328 2516 456 2550; x_wconf 86' lang='lat' dir='ltr'><strong>morbo</strong></span> <span class='ocrx_word' id='word_1_354' title='bbox 472 2515 629 2548; x_wconf 80' lang='lat' dir='ltr'><strong>curando</strong></span> <span class='ocrx_word' id='word_1_355' title='bbox 658 2517 868 2549; x_wconf 79' lang='lat' dir='ltr'><strong>necessaria.</strong></span> <span class='ocrx_word' id='word_1_356' title='bbox 893 2517 955 2561; x_wconf 85' lang='lat' dir='ltr'><strong>qui</strong></span> <span class='ocrx_word' id='word_1_357' title='bbox 976 2527 1059 2550; x_wconf 86' lang='lat' dir='ltr'><strong>vero</strong></span> <span class='ocrx_word' id='word_1_358' title='bbox 1083 2516 1266 2560; x_wconf 84' lang='lat' dir='ltr'><strong>potionem</strong></span> <span class='ocrx_word' id='word_1_359' title='bbox 1291 2527 1311 2547; x_wconf 85' lang='lat' dir='ltr'>a</span> <span class='ocrx_word' id='word_1_360' title='bbox 1327 2515 1476 2549; x_wconf 83' lang='lat' dir='ltr'><strong>medicis</strong></span> <span class='ocrx_word' id='word_1_361' title='bbox 1496 2522 1656 2561; x_wconf 79' lang='lat' dir='ltr'><strong>paratam</strong></span> <span class='ocrx_word' id='word_1_362' title='bbox 1680 2515 1771 2549; x_wconf 79' lang='lat' dir='ltr'><strong>hau-</strong></span> 
     </span>
     <span class='ocr_line' id='line_1_41' title="bbox 330 2561 1772 2607; baseline -0.001 -11"><span class='ocrx_word' id='word_1_363' title='bbox 330 2569 450 2596; x_wconf 85' lang='lat' dir='ltr'><strong>sturus</strong></span> <span class='ocrx_word' id='word_1_364' title='bbox 475 2567 552 2596; x_wconf 84' lang='lat' dir='ltr'><strong>erat</strong></span> <span class='ocrx_word' id='word_1_365' title='bbox 567 2562 612 2595; x_wconf 87' lang='lat' dir='ltr'><strong><em>ad</em></strong></span> <span class='ocrx_word' id='word_1_366' title='bbox 631 2562 871 2596; x_wconf 73' lang='lat' dir='ltr'><strong>deficiendum</strong></span> <span class='ocrx_word' id='word_1_367' title='bbox 885 2564 1058 2596; x_wconf 87' lang='lat' dir='ltr'><strong>viscerum</strong></span> <span class='ocrx_word' id='word_1_368' title='bbox 1077 2573 1165 2595; x_wconf 87' lang='lat' dir='ltr'><strong>onus</strong></span> <span class='ocrx_word' id='word_1_369' title='bbox 1183 2568 1219 2595; x_wconf 84' lang='lat' dir='ltr'><strong><em>et</em></strong></span> <span class='ocrx_word' id='word_1_370' title='bbox 1236 2561 1280 2594; x_wconf 82' lang='lat' dir='ltr'><strong><em>ad</em></strong></span> <span class='ocrx_word' id='word_1_371' title='bbox 1301 2562 1491 2595; x_wconf 81' lang='lat' dir='ltr'><strong>levandum</strong></span> <span class='ocrx_word' id='word_1_372' title='bbox 1505 2564 1709 2607; x_wconf 85' lang='lat' dir='ltr'><strong>pulmonem</strong></span> <span class='ocrx_word' id='word_1_373' title='bbox 1734 2568 1772 2601; x_wconf 79' lang='lat' dir='ltr'><strong><em>et</em></strong></span> 
     </span>
     <span class='ocr_line' id='line_1_42' title="bbox 331 2609 1770 2654; baseline -0.001 -12"><span class='ocrx_word' id='word_1_374' title='bbox 331 2611 441 2650; x_wconf 84' lang='lat' dir='ltr'><strong>iecur,</strong></span> <span class='ocrx_word' id='word_1_375' title='bbox 459 2620 524 2654; x_wconf 87' lang='lat' dir='ltr'><strong><em>per</em></strong></span> <span class='ocrx_word' id='word_1_376' title='bbox 540 2609 698 2642; x_wconf 87' lang='lat' dir='ltr'><strong>medium</strong></span> <span class='ocrx_word' id='word_1_377' title='bbox 715 2615 873 2643; x_wconf 86' lang='lat' dir='ltr'><strong>ventrem</strong></span> <span class='ocrx_word' id='word_1_378' title='bbox 890 2610 1064 2643; x_wconf 77' lang='lat' dir='ltr'><strong>dissectus</strong></span> <span class='ocrx_word' id='word_1_379' title='bbox 1081 2615 1146 2650; x_wconf 86' lang='lat' dir='ltr'><strong>est,</strong></span> <span class='ocrx_word' id='word_1_380' title='bbox 1167 2614 1204 2641; x_wconf 83' lang='lat' dir='ltr'><strong><em>et</em></strong></span> <span class='ocrx_word' id='word_1_381' title='bbox 1215 2609 1349 2641; x_wconf 83' lang='lat' dir='ltr'><strong>viscera</strong></span> <span class='ocrx_word' id='word_1_382' title='bbox 1365 2610 1484 2642; x_wconf 82' lang='lat' dir='ltr'><strong>omnia</strong></span> <span class='ocrx_word' id='word_1_383' title='bbox 1503 2609 1602 2642; x_wconf 86' lang='lat' dir='ltr'><strong>humi</strong></span> <span class='ocrx_word' id='word_1_384' title='bbox 1617 2610 1653 2642; x_wconf 84' lang='lat' dir='ltr'><strong><em>in</em></strong></span> <span class='ocrx_word' id='word_1_385' title='bbox 1669 2615 1770 2654; x_wconf 83' lang='lat' dir='ltr'><strong>parte</strong></span> 
     </span>
     <span class='ocr_line' id='line_1_43' title="bbox 332 2654 1772 2700; baseline -0.001 -11"><span class='ocrx_word' id='word_1_386' title='bbox 332 2656 482 2696; x_wconf 87' lang='lat' dir='ltr'><strong>domus,</strong></span> <span class='ocrx_word' id='word_1_387' title='bbox 509 2666 616 2700; x_wconf 80' lang='lat' dir='ltr'>quam</span> <span class='ocrx_word' id='word_1_388' title='bbox 640 2655 849 2697; x_wconf 78' lang='lat' dir='ltr'><strong>habitabat,</strong></span> <span class='ocrx_word' id='word_1_389' title='bbox 875 2657 1027 2689; x_wconf 84' lang='lat' dir='ltr'><strong>defossa.</strong></span> <span class='ocrx_word' id='word_1_390' title='bbox 1052 2655 1200 2689; x_wconf 83' lang='lat' dir='ltr'><strong>cadaver</strong></span> <span class='ocrx_word' id='word_1_391' title='bbox 1217 2654 1395 2699; x_wconf 82' lang='lat' dir='ltr'><strong>reliquum</strong></span> <span class='ocrx_word' id='word_1_392' title='bbox 1421 2657 1605 2689; x_wconf 84' lang='lat' dir='ltr'><strong>inunctum</strong></span> <span class='ocrx_word' id='word_1_393' title='bbox 1632 2666 1772 2688; x_wconf 84' lang='lat' dir='ltr'><strong>aroma-</strong></span> 
     </span>
     <span class='ocr_line' id='line_1_44' title="bbox 329 2701 1770 2748; baseline -0.001 -13"><span class='ocrx_word' id='word_1_394' title='bbox 329 2703 378 2736; x_wconf 86' lang='lat' dir='ltr'><strong>tis</strong></span> <span class='ocrx_word' id='word_1_395' title='bbox 405 2708 442 2735; x_wconf 84' lang='lat' dir='ltr'><strong><em>et</em></strong></span> <span class='ocrx_word' id='word_1_396' title='bbox 465 2702 616 2735; x_wconf 87' lang='lat' dir='ltr'><strong>sindone</strong></span> <span class='ocrx_word' id='word_1_397' title='bbox 641 2702 842 2735; x_wconf 86' lang='lat' dir='ltr'><strong>involutum</strong></span> <span class='ocrx_word' id='word_1_398' title='bbox 868 2715 975 2748; x_wconf 86' lang='lat' dir='ltr'><strong>super</strong></span> <span class='ocrx_word' id='word_1_399' title='bbox 1006 2704 1137 2736; x_wconf 85' lang='lat' dir='ltr'><strong>lectum</strong></span> <span class='ocrx_word' id='word_1_400' title='bbox 1166 2701 1410 2746; x_wconf 83' lang='lat' dir='ltr'><strong>deposuerunt</strong></span> <span class='ocrx_word' id='word_1_401' title='bbox 1428 2728 1437 2742; x_wconf 90' lang='lat'>‚</span> <span class='ocrx_word' id='word_1_402' title='bbox 1462 2714 1503 2735; x_wconf 83' lang='lat' dir='ltr'><strong><em>ac</em></strong></span> <span class='ocrx_word' id='word_1_403' title='bbox 1527 2703 1557 2736; x_wconf 87' lang='lat' dir='ltr'><strong>si</strong></span> <span class='ocrx_word' id='word_1_404' title='bbox 1581 2703 1680 2736; x_wconf 84' lang='lat' dir='ltr'><strong>vivus</strong></span> <span class='ocrx_word' id='word_1_405' title='bbox 1705 2702 1770 2734; x_wconf 85' lang='lat' dir='ltr'><strong><em>ad-</em></strong></span> 
     </span>
     <span class='ocr_line' id='line_1_45' title="bbox 331 2748 1769 2796; baseline -0.001 -12"><span class='ocrx_word' id='word_1_406' title='bbox 331 2749 404 2784; x_wconf 88' lang='lat' dir='ltr'><strong><em>huc</em></strong></span> <span class='ocrx_word' id='word_1_407' title='bbox 418 2753 645 2795; x_wconf 77' lang='lat' dir='ltr'><strong>aegrotasset.</strong></span> <span class='ocrx_word' id='word_1_408' title='bbox 662 2749 750 2783; x_wconf 81' lang='lat' dir='ltr'><strong>haec</strong></span> <span class='ocrx_word' id='word_1_409' title='bbox 766 2750 886 2784; x_wconf 84' lang='lat' dir='ltr'><strong>omnia</strong></span> <span class='ocrx_word' id='word_1_410' title='bbox 904 2750 1088 2785; x_wconf 79' lang='lat' dir='ltr'><strong>amborum</strong></span> <span class='ocrx_word' id='word_1_411' title='bbox 1102 2748 1299 2786; x_wconf 86' lang='lat' dir='ltr'><strong>vezirorum</strong></span> <span class='ocrx_word' id='word_1_412' title='bbox 1315 2748 1467 2784; x_wconf 86' lang='lat' dir='ltr'><strong>consilio</strong></span> <span class='ocrx_word' id='word_1_413' title='bbox 1487 2749 1695 2796; x_wconf 80' lang='lat' dir='ltr'><strong>agebantur,</strong></span> <span class='ocrx_word' id='word_1_414' title='bbox 1715 2750 1769 2783; x_wconf 79' lang='lat' dir='ltr'><strong><em>fa-</em></strong></span> 
     </span>
    </p>
   </div>
  </div>
 </body>
</html>
