1890 3204
314 158 451 214 Δ’668
740 184 764 192 ··
910 163 1192 216 BULI'JALDI
1216 185 1219 189 ¹

320 272 783 324 ‘memmi-exercitum,
816 276 869 315 ov¹
895 273 976 328 γὰρ
993 271 1208 329 ”καθάπερ
1229 274 1384 322 παῖδας
1410 273 1520 328 ἡμᾶς
1538 270 1785 329 poenum.

335 346 450 372 τεται
471 335 564 378 ττοῖς
592 329 838 384 σοφίσμασι.
1491 376 1494 378 v
1576 347 1578 350 -

205 388 323 434 2264
435 387 498 426 P.
522 386 616 434 258,
654 398 712 439 19.
770 381 860 432 ἔτος
899 382 1098 423 ἐστι’·που
1139 380 1390 436 ἑκατοστόν]
1445 380 1782 427 Bonflnius'flist.

337 442 520 496 Hungar.
547 442 597 479 D.
628 441 649 479 3
683 440 749 478 lib.
779 439 805 477 8
826 439 1135 479 Constantinum
1166 446 1350 492 questum
1381 452 1466 478 esse
1493 439 1547 480 de
1571 439 1784 481 homnem

335 502 459 550 opere
487 495 596 549 apud
627 494 844 534 Sultanum
882 493 1154 533 Mehemetem
1180 494 1319 536 tradit.
1352 495 1393 533 in
1424 506 1624 534 annorum
1654 495 1784 538 inter.

333 552 444 591 vallo
477 551 633 590 fallitur
662 551 809 588 Ducas.
869 549 1154 602 Adrianopolis
1184 549 1435 602 enim'capta
1467 555 1526 589 est
1557 560 1666 588 annu
1683 549 1785 590 1360

331 606 399 646 -vel
430 606 560 652 1562,
603 604 848 644 Mehemetes
891 616 989 644 vero
1031 617 1138 643 anno
1172 601 1272 655 1452
1313 611 1488 643 castrum
1518 603 1782 645 aedificabat:

333 663 430 702 anni
456 663 593 712 itaque
621 665 782 698 tantum
809 673 862 713 90
891 660 954 699 vel
982 671 1035 725 92
1070 659 1191 712 elapsi
1217 665 1328 698 sunt.
1687 680 1690 686 ·

445 715 493 755 P.
517 713 612 766 240,
642 728 700 768 ¹9.
760 710 790 752 δι’
817 713 894 752 οὐκ
922 711 1142 765 ἤδύναντο]
1175 712 1420 753 Mehemetes
1446 709 1686 766 χειροδύεην
1713 712 1781 754 hic

331 784 374 811 se
404 769 618 824 profitetur
637 798 648 815 ‚
680 769 822 822 iusque
849 768 998 808 habere
1026 768 1067 807 in
1095 768 1282 807 manibus
1311 775 1350 807 et
1382 770 1514 808 armis.
1542 781 1646 823 quae
1675 771 1781 808 ratio

335 824 464 866 aliena
493 823 712 863 invadendi
759 826 998 863 universum
1025 830 1226 862 terrarum
1253 825 1427 875 pervasit
1453 823 1617 873 orbem,
1649 825 1705 862 ita
1735 831 1783 865 'ut

334 881 402 933 qui
423 880 586 919 *viribus
615 877 794 932 pollent,
823 880 912 917 iure
944 893 992 918 ac
1020 892 1141 918 causa
1165 878 1389 932 superiores
1415 891 1500 918 esse
1525 891 1567 918 se
1597 877 1779 926 credant,

333 934 448 987 quasi
477 933 710 974 fortioribus
737 947 784 973 ac
814 933 1078 973 validioribus
1100 933 1249 972 infirmi
1271 946 1316 972 ac
1345 931 1628 973 invalidi'iure
1651 928 1780 973 natu-

333 989 410 1029 rali
443 1004 588 1043 parcre
620 994 848 1028 teneantur.
874 989 1014 1028 leones
1036 995 1246 1041 ceteraque
1267 988 1416 1027 ferocia
1447 987 1648 1037 animalia,
1678 999 1783 1041 quae

331 1051 454 1098 rapto
487 1045 653 1095 vivunt,
685 1044 894 1083 imitantur
925 1044 1018 1095 isti3
1055 1057 1160 1096 quae
1185 1042 1348 1096 quidem
1379 1041 1558 1082 solitarie
1584 1047 1782 1096 vagantur

330 1113 405 1139 nec
447 1101 640 1152 gregatim
682 1099 903 1138 ambulant.
946 1099 1004 1138 illi
1031 1112 1130 1152 ergo
1153 1097 1341 1140 homines
1367 1098 1613 1137 societatem·
1637 1099 1781 1139 ceteris

328 1156 596 1205 renunciare,
627 1160 666 1192 et
695 1169 736 1193 se
769 1154 952 1193 diversae
979 1168 1002 1192 a
1033 1167 1130 1193 vera
1154 1153 1404 1206 genuinaque
1427 1153 1674 1197 humanitate
1699 1152 1780 1192 dis-

330 1209 494 1248 serentis
511 1210 656 1262 spcciei
685 1222 768 1248 esse
787 1209 1024 1261 praedicare
1044 1208 1207 1258 debent,
1235 1214 1282 1246 ut
1312 1215 1351 1247 et
1377 1207 1512 1247 leones
1531 1207 1583 1246 ab
1609 1205 1779 1257 ovibus,

330 1263 517 1303 vultures
534 1271 574 1303 et
591 1264 743 1317 aquilas
758 1277 780 1302 a
797 1264 966 1318 gruibus
995 1263 1162 1302 differre
1181 1262 1382 1302 novimus.
1403 1262 1580 1302 humana
1593 1262 1780 1316 equidem

331 1326 478 1358 natura
501 1319 552 1358 ad
581 1321 810 1358 societatem
827 1325 937 1368 nata,
969 1318 1188 1357 secundnm
1209 1331 1352 1356 verum
1371 1317 1569 1357 dictamen
1595 1318 1779 1368 rationis,

331 1373 552 1426 imperium
575 1387 655 1412 non
680 1374 834 1413 viribus
856 1374 925 1412 sed
941 1374 1166 1427 sapientiae
1185 1372 1329 1420 defert,
1359 1385 1462 1425 quae
1490 1384 1606 1412 suum
1632 1371 1779 1426 cuique

331 1429 528 1475 tribuere,
562 1430 765 1467 neminem
793 1428 952 1467 laedere
973 1458 984 1478 ‚
1014 1427 1223 1492 alienaque
1252 1441 1332 1466 non
1362 1441 1507 1480 rapere
1534 1426 1664 1467 docet.

422 1483 484 1523 Ῥ.
518 1482 610 1532 241,
646 1497 705 1522 11.
773 1479 795 1522 ὅ
827 1481 875 1521 δὲ
904 1482 1108 1533 Μεχεμὲτ
1136 1477 1218 1534 ἤδη
1258 1478 1381 1533 ἔαρος
1410 1480 1519 1533 α’ρξ]
1574 1481 1776 1522 Phranzes

332 1537 475 1581 Martii
507 1537 560 1577 26
588 1545 766 1576 castrum
797 1536 1000 1576 aedificari
1028 1544 1217 1589 coeptum
1246 1537 1315 1575 lib.
1350 1537 1387 1575 5.
1418 1550 1502 1587 cap.
1533 1550 1554 1589 7
1585 1536 1720 1575 tradit.

442 1592 493 1632 P.
527 1593 622 1641 24ι,
661 1606 718 1631 12.
769 1589 1028 1645 καταφύγια]
1087 1591 1235 1633 Nescio
1263 1604 1360 1629 num
1387 1591 1438 1629 sit
1467 1591 1581 1631 locus
1610 1590 1776 1644 Bospori

331 1645 461 1686 littori
492 1647 671 1686 Asiatico
703 1646 901 1697 adiacens,
930 1647 1188 1697 Καταγγεῑόν
1216 1645 1447 1699 appellatus,
1479 1652 1518 1684 et
1545 1657 1698 1685 nomen
1725 1647 1777 1686 il-

330 1701 409 1750 lius
437 1709 637 1742 mutatum
665 1702 796 1740 fuerit.

332 1789 338 1794 ,
444 1755 493 1795 Ρ.
526 1755 623 1807 242,
659 1768 690 1795 ι.
725 1750 980 1806 Πάσχεσεν]
1052 1755 1252 1794 Laonicus
1299 1753 1372 1793 lib.
1400 1752 1427 1793 8
1454 1753 1576 1792 hocce
1603 1761 1780 1795 castrum

333 1811 508 1866 appellat
537 1808 845 1860 λαιμοκοπίαντ
892 1810 960 1849 sed
989 1811 1099 1849 iuxta
1129 1810 1239 1862 vulgi
1265 1822 1446 1849 errorem
1474 1808 1634 1861 scripsit
1660 1810 1779 1850 istam

332 1881 469 1906 arcem
509 1865 761 1905 aedificatam
804 1879 886 1904 esse
925 1861 1031 1903 κατὰ
1079 1861 1154 1917 τὴν
1184 1862 1458 1917 Προποντίδα
1485 1862 1531 1902 ἐν
1557 1860 1777 1919 Βοσπόρῳ.

332 1922 525 1961 differunt
557 1923 664 1960 enim
699 1926 738 1959 et
781 1919 1053 1972 appellatione
1083 1926 1123 1959 et
1151 1920 1232 1959 situ
1259 1919 1480 1971 Propontis
1506 1924 1545 1956 et
1570 1918 1778 1971 Bosporus

332 1976 541 2016 Thracius.
618 1973 884 2015 Leunclavius
926 1987 949 2012 a
988 1975 1133 2013 Turcis
1174 1974 1495 2012 Kessen-hisarz'
1531 1972 1777 2025 appellatum

331 2031 452 2072 fuisse
476 2035 623 2070 monet.
699 2028 859 2083 Gyllius
889 2029 927 2067 in
958 2029 1125 2082 Bospori
1148 2029 1318 2077 ,Thracii
1347 2027 1613 2080 descriptione
1641 2040 1778 2069 arcem
1810 2037 1814 2040 ’

332 2085 444 2127 illam
478 2087 519 2125 in
551 2085 838 2138 promontorio
875 2084 1076 2130 Hermaco
1109 2084 1357 2123 aedificatam
1379 2083 1510 2121 fuisse.
1567 2081 1775 2123 Sostheni-

331 2157 402 2180 um
429 2155 524 2180 vero
555 2147 594 2179 et
614 2139 780 2179 Phonea
812 2139 945 2178 Ponto
963 2140 1123 2178 Euxino
1152 2139 1347 2178 viciniora
1375 2144 1484 2187 sunt,
1515 2142 1556 2176 et
1580 2143 1775 2190 propter..

330 2210 376 2235 ca
419 2196 631 2243 Hermaeo·
666 2194 899 2247 superiora3
936 2194 995 2233 >de
1033 2195 1183 2248 quibus
1203 2192 1377 2247 ’'Gyllius
1415 2190 1620 2230 adeundus
1651 2192 1720 2231 lib.
1750 2207 1774 2232 2

329 2250 381 2290 de
428 2251 615 2302 Bosporo
648 2248 829 2288 Thracio
875 2263 986 2301 capp.
1034 2263 1079 2287 12
1110 2256 1149 2288 et
1182 2248 1243 2290 ιδ.
1285 2249 1358 2287 ista
1395 2259 1520 2300 porro
1561 2248 1776 2299 appellatio

330 2306 622 2345 Base-Kesen
662 2310 770 2343 recte
814 2303 970 2343 reddita
1016 2311 1074 2342 est
1109 2318 1132 2343 a
1158 2303 1272 2342 Duca
1312 2298 1652 2354 κεφαλοκόπτηςε
1682 2302 1773 2341 base

331 2360 440 2400 enim
467 2367 585 2413 caput
626 2358 846 2412 significat,
887 2358 1038 2397 kesmelt
1073 2358 1254 2398 scindere
1271 2387 1283 2409 ‚
1313 2364 1352 2396 et
1379 2355 1634 2410 participium
1662 2356 1775 2397 kesen

329 2415 527 2454 scindens.

440 2469 491 2507 P.
526 2469 619 2519 242,
653 2469 721 2519 24.
780 2467 851 2507 τοῦ
880 2467 982 2507 ναοῦ
1016 2465 1090 2506 τοῦ
1116 2463 1347 2517 ταξιάρχου
1379 2461 1577 2515 Μιχαήλ]
1635 2464 1772 2503 Voca-

329 2524 450 2562 batur
498 2523 692 2575 tcmplum
736 2522 837 2562 illud
866 2522 947 2562 τῶν
975 2517 1235 2571 α’σωμάτων,
1262 2520 1305 2558 id
1334 2526 1391 2558 est
1418 2521 1736 2573 incorporeorum
1756 2548 1770 2567 ,

332 2575 526 2632 quoniam
556 2579 731 2616 dicatum
764 2584 849 2617 erut
880 2577 919 2625 S.
955 2574 1143 2615 Michaeli
1174 2573 1439 2627 archangelo,
1470 2573 1705 2627 angelorum
1733 2580 1773 2612 et

329 2633 496 2672 militiae
531 2632 707 2671 caelestis
744 2632 1043 2684 archistrategO.
1080 2630 1306 2669 vocabatur
1332 2630 1455 2669 etiam
1484 2628 1770 2678 Michaelium;

330 2702 412 2741 quo
442 2689 483 2725 in
515 2686 606 2726 loco
646 2687 769 2726 Estiis
808 2687 859 2725 ab
899 2687 1073 2739 antiquis
1103 2684 1305 2737 appellato
1334 2684 1590 2723 aedificatum
1620 2683 1769 2722 fuerat.

942 2738 954 2753 ζ

329 2744 572 2783 Sozomenus
601 2741 667 2780 lib.
707 2755 752 2781 2:
783 2739 902 2788 τόπος
932 2755 953 2780 ο
993 2741 1036 2780 ἐν
1063 2739 1239 2786 Ἑστίαις
1254 2740 1337 2791 ,in
1365 2751 1444 2793 quo
1473 2734 1519 2776 τὸ
1548 2735 1772 2790 ΙΠιχαήλι-
