1916 3210
426 202 638 245 ITAIACE
689 203 1023 256 JNTERRRETE
1071 201 1322 266 lNCERTO.
1492 183 1607 258 497

155 304 396 360 inflamato,
422 304 556 346 hebbe
586 319 666 345 non
699 305 853 359 piccola
883 319 1010 360 paura
1040 318 1113 359 per
1139 303 1176 344 el
1207 304 1380 344 termine
1415 302 1510 344 dato
1538 303 1606 343 dal

155 359 327 412 duclla,
355 367 396 400 81.
423 361 574 414 perche
597 375 664 401 era
693 361 903 401 demorato
928 362 1000 416 pii]
1027 362 1079 401 de
1110 359 1230 400 zorni
1260 359 1402 414 XXX.
1458 358 1510 398 El
1542 365 1614 413 ty-

154 414 286 466 ranno
333 415 528 470 adunque·
573 416 698 469 pieno
740 416 790 456 de
832 417 919 463 ira,
955 417 1088 467 uscito
1129 414 1180 456 de
1223 414 1499 467 Andrinopoli
1529 429 1608 454 con

155 470 298 519 tutto’l
331 484 409 510 suo
437 472 636 522 exercito,
678 471 787 511 andi)
815 487 836 510 a
870 470 1156 525 Philipopuli‚
1198 470 1304 510 dove
1332 484 1436 523 poco
1465 469 1612 509 demo-

155 525 297 573 rando:
316 525 429 566 arivb
456 525 494 566 el
521 540 596 567 suo
626 527 774 566 nuntio
819 527 894 566 che
922 527 1050 566 havea
1079 523 1271 566 mandato
1300 525 1340 564 al
1364 524 1529 578 dispoto
1560 524 1611 566 de

155 581 312 635 Servin.
379 581 433 622 El
468 581 590 637 quale
627 581 655 620 li
694 582 856 622 notifico
900 596 1014 622 come
1045 582 1082 621 el
1114 582 1278 635 dispote
1305 594 1374 620 era
1396 580 1536 635 'fugito
1568 579 1614 620 in

158 633 401 691 Hungaria,
432 643 474 677 et
504 637 579 677 che
608 637 663 676 lui
694 638 735 677 so
764 644 950 678 retenuto
978 636 1074 677 dalli
1102 637 1163 677 soi
1195 637 1357 686 baroni.
1388 641 1430 675 et
1458 635 1614 675 nondi-

156 705 280 742 meno
306 690 435 732 hevea
472 692 663 733 nuntiato
707 693 745 732 al
790 693 922 732 ducha
954 694 991 733 el
1030 706 1103 732 suo
1137 692 1341 732 dimorare
1369 698 1408 731 et
1430 689 1459 730 li
1487 705 1614 744 appa-

157 746 450 793 reuchiamenti
475 747 550 788 che
581 748 773 788 sacevano
802 748 827 787 li
854 748 970 788 Servi
1000 747 1050 788 e'l
1079 747 1183 787 fuzir
1211 746 1276 787 del
1303 746 1478 800 dispotO.
1507 745 1614 786 aldi-

159 808 367 857 te'queste
397 817 510 852 cose,
542 802 579 844 el
608 803 738 843 ducha
771 803 898 843 libero
924 803 962 843 el
991 817 1110 843 servo
1140 802 1245 842 dalla
1266 810 1399 842 morte
1432 801 1507 842 che
1538 815 1614 856 per

157 857 199 898 la
222 871 295 898 sna
322 857 482 899 dimora
510 858 540 899 li
570 858 699 899 havea
732 861 948 899 terminato
976 858 1088 898 dare.
1146 858 1198 897 Li
1229 858 1430 911 Hungari,
1464 856 1541 896 che
1570 858 1614 896 in

159 911 256 969 quel
285 921 420 968 tempo
447 914 631 954 haveano
667 922 825 968 passato
865 914 903 953 el
929 913 1149 962 Danubio,
1188 920 1228 953 et
1256 912 1455 952 vastando
1485 910 1613 952 molto

158 981 281 1024 paese
308 983 351 1010 se
377 969 544 1010 sconti-b
584 969 691 1009 collo
720 970 897 1010 exercito
926 969 1162 1009 Turchesco
1181 998 1194 1020 ‚
1237 975 1278 1008 et
1317 968 1455 1008 venuti
1484 967 1514 1007 li
1545 967 1616 1007 doi

157 1025 324 1065 exerciti
354 1025 417 1065 ale
443 1024 580 1075 mani,
608 1025 634 1064 li
664 1026 850 1080 Hungari
879 1024 1030 1064 forono
1059 1023 1298 1078 superiori3
1326 1023 1433 1063 onde
1461 1037 1541 1062 con
1574 1023 1615 1063 la

158 1077 334 1120 victoria
372 1088 413 1120 et
439 1095 516 1120 con
544 1079 584 1120 la
616 1081 743 1133 preda
780 1088 947 1120 tornaro
979 1080 1030 1119 ad
1061 1082 1182 1120 Istro.
1236 1080 1289 1120 El
1314 1086 1488 1133 tyranno
1517 1092 1615 1132 por..

158 1134 284 1176 tendo
313 1135 366 1176 da
392 1134 672 1190 PhilipopuH,
702 1135 813 1176 andb
840 1137 882 1175 in
922 1136 1103 1189 Sophia,
1134 1142 1176 1174 et
1203 1133 1233 1174 li
1257 1134 1362 1174 lassb
1389 1134 1432 1174 lu
1461 1133 1616 1173 exerci-

159 1195 207 1231 to
234 1204 312 1230 con
343 1190 371 1230 li
402 1194 568 1233 messazi
596 1197 636 1231 et
662 1190 923 1231 multitudine
957 1190 1008 1230 de
1038 1191 1064 1230 li
1089 1189 1221 1230 vechi.
1251 1190 1350 1230 Esso
1379 1196 1616 1230 veramente

160 1258 239 1286 con
271 1245 300 1285 li
345 1246 488 1286 zovani
540 1247 592 1288 da
622 1247 688 1300 pie
722 1248 805 1287 fino
850 1261 873 1286 a
901 1246 983 1286 XX
1022 1245 1133 1285 milia
1163 1245 1276 1284 intro
1308 1245 1351 1283 in
1385 1245 1425 1284 la
1457 1246 1611 1284 Servia.

104 1335 107 1337 Α
160 1314 247 1340 non
276 1301 400 1342 trovb
449 1302 596 1342 alcuno
644 1302 720 1342 che
747 1301 776 1342 li
825 1303 983 1342 venisse
1009 1308 1181 1350 contra,
1211 1300 1362 1353 ’perche
1388 1300 1424 1339 el
1455 1299 1616 1353 dispoto

161 1354 283 1396 molti
311 1356 426 1396 zorni
475 1355 616 1398 avanti
657 1371 727 1397 era
755 1364 916 1411 passato
959 1359 1002 1396 in
1033 1356 1246 1410 Hungaria
1275 1369 1351 1394 con
1380 1356 1473 1394 tutti
1501 1355 1528 1394 li
1555 1355 1614 1394 soi
1679 1397 1681 1401 ,

161 1410 313 1451 baroni
341 1418 380 1452 et
419 1411 626 1467 fameglie‚
668 1420 708 1461 et
733 1412 936 1453 foi-nendo
973 1411 1004 1451 li
1034 1411 1192 1451 castelli
1228 1410 1361 1465 d’ogni
1390 1411 1695 1464 munitione317

162 1465 194 1506 Ii
233 1466 431 1507 comandb
467 1467 544 1508 che
583 1475 762 1509 stesseno
802 1468 950 1508 dentro
982 1482 1099 1507 senza
1127 1480 1287 1521 paura3
1328 1466 1403 1505 che
1431 1465 1472 1504 in
1504 1479 1615 1519 poco

164 1525 304 1576 tempo
330 1525 513 1562 tornai-ia
540 1538 616 1564 con
646 1523 799 1578 grande
815 1522 1010 1577 potentia.
1064 1523 1116 1562 El
1145 1529 1322 1577 tyranno
1350 1523 1507 1560 intrato
1537 1521 1619 1561 fine

163 1590 190 1616 a
213 1574 446 1618 Smedrovo
491 1591 565 1631 per
603 1578 643 1617 la
687 1579 844 1631 grande
879 1579 1052 1618 volunth
1090 1578 1165 1617 che
1197 1577 1328 1617 havea
1368 1577 1420 1616 de
1452 1584 1620 1630 guastar

163 1630 258 1687 quel
286 1628 402 1682 loco',
434 1633 582 1687 perche
604 1647 672 1673 era
700 1633 790 1672 insil
818 1633 858 1672 la
886 1634 976 1672 riva
1005 1631 1070 1672 del
1100 1633 1235 1681 fiume‚
1268 1639 1309 1671 et
1336 1631 1438 1671 deva
1471 1639 1511 1671 et
1540 1632 1621 1671 im-

164 1685 316 1741 pediva
343 1687 381 1728 el
407 1702 520 1742 passo
546 1703 571 1728 a
596 1689 721 1742 quelli
744 1688 820 1728 che
844 1688 1005 1729 intrava
1033 1689 1075 1726 in
1089 1686 1327 1742 Hungar1a3
1359 1694 1400 1726 et
1428 1701 1511 1726 non
1539 1701 1620 1740 po-

166 1740 305 1782 dendo
351 1743 558 1784 offendere
598 1743 636 1783 el
675 1743 870 1794 castello,
915 1758 957 1783 se
984 1742 1102 1792 levb,
1141 1750 1181 1782 et
1207 1743 1415 1781 tornando
1445 1742 1622 1781 combatl

167 1810 253 1836 uno
283 1796 381 1837 delli
409 1798 503 1838 altri
532 1799 700 1838 castelli.
756 1800 813 1839 Et
841 1813 924 1838 non
954 1797 1132 1837 volendo
1163 1798 1372 1846 renderse,
1404 1797 1432 1836 li
1462 1797 1620 1836 homini

168 1850 274 1892 delle
302 1851 400 1893 ville
428 1853 718 1894 circumvicine
757 1868 799 1893 se
841 1853 1059 1894 redusseno
1088 1867 1164 1892 con
1195 1851 1232 1891 le
1259 1867 1331 1892 sue
1361 1853 1537 1906 famiglie
1566 1853 1620 1893 ad

169 1920 252 1946 una
280 1915 397 1948 centa
425 1908 516 1948 fora
544 1908 610 1948 del
639 1909 825 1958 castello,
873 1909 982 1948 intro
1015 1909 1052 1948 la
1082 1909 1176 1961 qual
1207 1915 1321 1949 centa
1355 1907 1456 1946 salvi
1487 1922 1527 1946 se
1555 1915 1620 1947 te-

29 1998 33 2006 ,
97 1966 102 1969 '
169 1962 348 2014 nivem,
401 1964 602 2003 ancorche
652 1979 733 2003 non
779 1965 883 2003 fosse
909 1970 1024 2003 tanto
1067 1963 1169 2002 sorte
1197 1969 1351 2016 quanto
1380 1977 1448 2002 era
1481 1962 1519 2002 el
1546 1977 1621 2003 ca-

169 2017 304 2058 stello.
365 2019 432 2058 Ma
463 2019 500 2058 el
523 2019 703 2059 barbaro
748 2019 936 2072 speriuro
965 2033 1040 2057 con
1067 2026 1320 2059 sacramento
1350 2018 1377 2056 li
1404 2031 1552 2070 prese,
1579 2025 1622 2057 et

104 2111 106 2114 ,
170 2086 251 2127 per
278 2073 429 2113 schiavi
476 2074 572 2113 tutti
609 2074 637 2113 li
683 2074 805 2113 meno
846 2073 888 2111 in
918 2072 1094 2126 Sophia,
1132 2073 1239 2111 onde
1281 2073 1431 2125 partito
1469 2087 1548 2112 con
1579 2073 1622 2112 la

46 2141 58 2149 ‘
171 2127 304 2181 preda
329 2129 452 2169 torno
480 2131 522 2168 in
549 2128 838 2182 Andrinopoli.
868 2126 1076 2167 Partendo
1097 2127 1285 2180 adunque
1312 2128 1350 2166 la
1377 2127 1508 2179 preda
1538 2142 1620 2168 con

174 2183 302 2237 quelli
330 2183 405 2224 che
433 2198 508 2223 con
539 2185 596 2224 lui
627 2184 753 2223 havea
781 2185 994 2233 meritato,
1041 2182 1236 2222 donando
1265 2197 1289 2222 a
1319 2181 1443 2236 quelli
1476 2183 1515 2222 la
1543 2184 1620 2222 mi-

172 2239 242 2290 th,
270 2237 404 2280 Faltra
429 2240 530 2279 mite
556 2246 727 2279 retenne
752 2254 825 2293 per
852 2253 906 2280 se.
964 2239 1022 2276 La
1050 2252 1124 2277 sua
1150 2238 1250 2276 mita
1269 2267 1281 2289 ‚
1309 2238 1384 2276 che
1411 2237 1453 2277 fo
1483 2237 1620 2277 homi·

174 2294 219 2332 ni
251 2307 329 2334 con
359 2294 397 2334 le
423 2310 495 2335 sue
530 2295 724 2350 mogliere
754 2297 859 2334 circa
889 2301 1090 2348 quaranta
1117 2293 1247 2342 milia,
1281 2292 1429 2333 mando
1461 2293 1513 2332 ad
1543 2294 1618 2333 ha-

174 2348 285 2389 bitur
313 2349 352 2390 18
381 2350 478 2391 ville
510 2350 585 2391 che
614 2353 757 2390 iaceno
791 2349 957 2389 intorno
992 2364 1015 2387 a
1043 2348 1408 2402 Constantinopoli.
1479 2349 1618 2403 Dapoi

174 2404 413 2458 partendo'se
441 2407 477 2446 el
498 2406 629 2446 ducha
655 2407 707 2445 da
731 2404 1002 2458 Andrinopoli
1031 2404 1139 2443 andi)
1168 2403 1221 2443 ad
1245 2404 1616 2457 Constantinopoli,

174 2460 325 2514 perche
353 2462 522 2511 essendo
560 2464 602 2501 in
639 2460 893 2515 Philipopuli
934 2459 1162 2500 conmandb
1189 2458 1264 2500 che
1290 2459 1444 2499 fossino
1477 2459 1620 2499 redifi-

176 2516 255 2555 cnti
282 2515 311 2555 li
338 2519 448 2557 muri
477 2518 613 2557 caduti
642 2517 747 2557 della
777 2517 869 2556 eiua.
922 2515 1095 2555 Trovoli
1123 2514 1317 2570 adunque
1344 2514 1446 2554 bene
1464 2516 1619 2554 instau-

176 2572 256 2610 rati
274 2600 286 2619 ,
315 2585 431 2612 corne
458 2587 499 2612 se
524 2573 672 2612 dovea.
730 2572 892 2612 Venuto
919 2571 961 2609 in
987 2570 1024 2609 la
1052 2571 1132 2610 cit&
1152 2570 1234 2610 fece
1258 2584 1439 2610 mesurar
1466 2569 1506 2610 la
1533 2579 1619 2610 tei—

178 2638 240 2673 τι,
271 2631 314 2665 et
342 2626 383 2667 in
403 2643 515 2668 mezo
533 2627 572 2667 la
603 2628 683 2668 cite
703 2627 786 2667 fece
816 2626 1051 2666 circumdar
1080 2633 1120 2666 et
1147 2625 1318 2665 fabricar
1348 2640 1429 2665 una
1458 2627 1618 2666 cortina

180 2679 376 2723 demum
409 2685 458 2722 'in
498 2683 683 2732 cerchio‚
728 2681 965 2735 prendendo
1007 2675 1121 2721 tanto
1158 2682 1288 2734 spatio
1328 2689 1480 2735 quanto
1520 2696 1618 2735 cape

181 2742 272 2776 octo
309 2738 458 2788 stadia,
492 2746 533 2778 et
563 2739 706 2778 dentro
735 2738 817 2777 fece
846 2737 1041 2776 fabricare
1063 2735 1230 2790 palatii,
1261 2743 1302 2776 et
1325 2737 1541 2791 cohoprire
1568 2737 1697 2776 de318

183 2790 290 2830 lame
316 2792 367 2832 de
392 2795 558 2846 piombo
579 2824 590 2848 ‚
621 2794 659 2834 18
686 2793 806 2848 quale
832 2793 979 2832 forono
1004 2791 1104 2833 tolte
1127 2792 1208 2832 dali
1235 2792 1496 2843 monasterii,
1523 2806 1619 2845 per-

300 2918 303 2922 Ι
323 2870 456 2906 Ducas.
1396 2871 1439 2904 32
