1890 3204
561 169 636 212 AD
678 171 796 214 CAP.
816 173 935 213 ·x11.‘
968 170 1168 214 NOTAE.
1476 153 1588 210 553

136 281 276 316 rame
291 285 386 316 ‘non
428 279 607 314 contento
641 273 692 313 de
735 274 821 314 soli
851 271 974 327 officii
1012 274 1063 314 de
1087 275 1150 328 gli
1174 273 1471 315 ambasciatori
1479 305 1492 325 ,
1515 288 1594 329 per

138 326 453 386 appresentaro
478 328 515 367 il
537 328 703 381 bisogno
727 357 740 380 ,
786 331 822 368 si
850 331 986 369 risolse
1015 331 1155 370 venire
1188 330 1270 383 egli
1298 328 1522 369 medesimo
1548 331 1594 370 in

136 385 273 430 Italia-
289 399 314 424 e
336 384 444 424 nelle
478 384 694 438 provincie
739 383 1004 425 Occidentali
1019 415 1032 436 ‚
1059 399 1078 423 s
1109 385 1265 425 arando
1293 397 1373 424 con
1401 384 1445 423 la
1455 385 1595 436 fhrza

137 441 187 480 di
208 452 288 486 sua
309 451 507 494 prescnza
548 438 628 479 dal
647 439 842 495 pontefice
879 454 901 479 e
930 440 991 480 da
1027 440 1073 492 gl
1084 441 1182 481 altri
1205 439 1396 495 prencipi
1421 448 1596 480 ottenere

137 497 231 551 quei
253 495 359 535 αἰαιί
384 494 460 537 che
485 494 658 544 ,fossero
702 496 752 535 al
776 508 848 535 suo
870 495 1101 550 pericoloso
1142 505 1245 536 stato
1272 495 1503 534 necessarii.
1527 494 1597 534 nel

137 551 346 592 »stentare
373 562 404 589 a
433 549 553 605 spoli
577 550 612 588 si
639 548 832 590 condusse
859 564 890 590 a
923 550 1094 590 Venetia
1111 581 1123 602 ‚
1154 551 1259 591 onde
1285 563 1360 589 con
1385 551 1483 601 ogni
1507 563 1597 590 cor-

137 605 238 646 tesia
263 613 302 645 ec
326 606 474 644 honore
501 613 682 644 recevuco
698 634 709 655 ‚
742 604 791 644 di
819 606 927 645 vinti
961 606 1101 660 cinqzoe
1131 606 1255 645 milia
1280 605 1419 645 ducati
1425 607 1471 658 s
1472 606 1499 644 ἃ
1526 619 1600 645 ac·-

139 660 394 701 commodato
408 688 420 707 ‚
452 668 493 699 ec
517 659 560 699 in
585 660 685 699 oltre
707 661 850 715 per-le
877 674 948 700 sue
973 662 1089 714 galee
1111 661 1156 700 di
1183 668 1343 716 quattro
1368 670 1482 700 cento
1508 669 1600 700 sta-

140 727 195 756 ra
217 715 272 755 ‚di
298 715 475 766 biscotto,
502 722 541 754 et
571 715 607 754 il
619 715 816 769 figlivolo
842 716 911 754 che
938 716 1102 755 haveva
1126 730 1215 755 seco
1246 729 1320 756 con
1345 716 1454 755 altro
1482 716 1603 756 nobil

140 770 252 812 dono
272 778 511 825 presentato.
565 770 770 810 Laonicus
800 776 842 810 et
872 769 1078 811 Phranzes
1108 785 1201 812 cum
1233 772 1484 811 Mauroceno
1514 785 1609 811 non-

139 827 323 867 sentiunt
346 825 395 867 in.
417 825 542 865 modo
571 840 655 878 quo
675 826 856 866 Venetiis
883 826 1051 866 habitus
1081 834 1141 867 est
1174 826 1390 868 lohannes.
1423 826 1491 866 ille
1525 825 1608 867 lib.>

146 895 164 921 1
195 881 323 923 tradit
357 894 382 920 a
418 881 717 921 mercatoribus
743 882 942 933 Venetis,
989 881 1062 936 qui
1106 883 1303 936 pecunias
1346 882 1384 921 ei
1411 881 1602 922 credide-

141 943 262 987 rant,
293 949 376 990 quo
408 936 545 976 minus
571 936 795 977 discederet
820 936 899 976 nisi
928 937 1062 977 soluto
1092 951 1189 978 aere
1221 937 1380 986 alieno,
1410 937 1603 989 prohibi-

143 998 232 1031 tum
263 991 400 1033 fuisse.
432 991 500 1032 hic
528 1005 615 1045 cap.
653 1006 697 1047 ¹7
728 992 797 1032 lib.
833 1005 847 1032 ι
884 991 1116 1033 Manuelem
1143 992 1339 1032 lobannis
1367 992 1497 1032 filium
1527 1006 1604 1048 pe-

142 1047 306 1088 cuniam
334 1047 447 1100 patri
473 1046 657 1087 attulisse
688 1062 770 1102 quo
796 1062 838 1087 se
863 1046 997 1098 alieno
1026 1062 1122 1088 aere
1151 1047 1366 1088 exolveret.

254 1101 304 1142 Γ.
322 1102 395 1153 41,
416 1116 456 1157 9.
486 1101 562 1154 τῆς
583 1099 854 1157 ὄδηγητρίας]
882 1104 1023 1143 Parva
1049 1103 1152 1143 haec
1171 1110 1289 1156 porta
1302 1100 1608 1155 Hodegetriae5

142 1170 214 1198 seu
233 1157 324 1197 viae
345 1157 656 1207 monstrat1·icis‚
675 1172 722 1198 ea
749 1158 859 1198 forte
877 1164 938 1197 est
953 1172 1076 1212 quam
1089 1159 1240 1199 Graeci
1253 1156 1502 1198 Contoscalii
1529 1171 1605 1197 vo-

145 1219 264 1262 cant,
313 1226 420 1266 quae
443 1215 486 1252 in
512 1227 724 1253 murorum
751 1220 872 1267 purte
896 1214 1076 1266 Bosporo
1105 1214 1315 1254 adiacente
1345 1220 1483 1266 aperta
1514 1220 1574 1252 est
1587 1223 1611 1264 3·
1672 1219 1674 1221 ’

141 1267 197 1308 de
224 1281 308 1322 qua
337 1267 577 1312 LeuncL-in
605 1269 821 1308 Pandectis
847 1269 942 1312 hist.
972 1269 1100 1308 Ture.
1129 1283 1172 1311 n.
1202 1283 1295 1311 ποι.
1324 1269 1471 1309 Gillias
1486 1269 1603 1308 Con..

146 1322 351 1364 descalam
381 1331 502 1364 vocat
528 1323 599 1363 lib.
619 1338 634 1364 1
666 1338 754 1378 cap.
785 1338 836 1364 20
865 1323 1134 1378 Topograph.
1165 1324 1350 1377 Cpoleos.
1380 1324 1600 1363 Cantacuz.

143 1377 217 1421 lib.
247 1377 275 1431 4
303 1392 393 1432 cap.
421 1379 476 1434 39
505 1378 556 1421 de
592 1379 659 1419 illo
699 1379 876 1432 appulsu
916 1379 1111 1420 Iohannis
1137 1379 1375 1432 Palaeologi
1413 1379 1465 1418 ad
1494 1380 1607 1432 Cpo-

143 1432 245 1486 lim,
273 1429 437 1487 ἀθρόον
467 1431 648 1487 μηδενὸς
677 1432 839 1481 εἰδότος
869 1432 1098 1474 ἐπέπλευσε
1127 1433 1382 1489 Βυζαντίῳ,
1413 1430 1488 1473 καὶ
1512 1433 1607 1485 ἐγέ-

144 1500 242 1529 νετο
264 1484 414 1535 νυκτὸς
441 1484 560 1530 ἔνδον
589 1487 667 1529 τοῦ
693 1487 738 1529 ἐν
759 1485 1026 1545 Ἓπτασκάλῳ
1055 1488 1248 1542 νεωρίου.
1277 1490 1488 1538 cordes-tim
1517 1503 1606 1528 om—

144 1543 259 1584 nibus
285 1543 418 1583 insciis
443 1544 688 1597 Byzantium
717 1546 929 1597 navigavit
944 1573 956 1595 ‚
985 1553 1025 1584 et
1048 1553 1158 1584 nocte
1188 1545 1337 1584 navale
1365 1544 1605 1599 Heptasca-

142 1599 179 1638 li
204 1599 405 1653 ingressus
429 1608 502 1643 est.
532 1606 653 1654 porta
685 1600 756 1640 illa
792 1602 900 1640 inter
927 1607 1064 1653 portas
1085 1600 1281 1640 Psamatii
1312 1607 1353 1640 et
1380 1599 1606 1653 Catergoli-

142 1655 272 1694 menis
297 1655 375 1694 sita
403 1660 488 1706 θεὶς
516 1661 558 1695 et
579 1669 609 1704 >a
638 1663 782 1696 nostro
810 1664 984 1696 vocatur
1014 1651 1270 1707 ὁδηγητρίας
1301 1670 1324 1694 a
1353 1655 1604 1695 monasterio

143 1707 231 1748 τῶν
259 1705 448 1762 ὁδηγῶν,
474 1712 517 1750 in
543 1724 628 1764 quo
653 1712 700 1750 B.
728 1711 911 1765 Virginis
938 1709 1094 1750 Mariae
1121 1710 1255 1764 imago
1284 1710 1495 1751 miraculis
1523 1708 1609 1750 cla·-

147 1778 194 1803 ra
223 1763 447 1804 colebatur.

260 1819 314 1863 P.
345 1819 394 1871 41
414 1849 426 1868 ,
463 1821 524 1862 13.
590 1817 670 1866 τοὶς
702 1819 880 1876 λαΐνας]
950 1821 1040 1860 Vox
1078 1828 1139 1861 est
1174 1819 1379 1860 idiomatis
1428 1819 1608 1874 vulgaris

147 1875 310 1915 Graeci.
344 1875 489 1929 figulus
515 1871 663 1922 λαῖνὰς
694 1876 859 1926 dicitur,
889 1890 960 1915 vas
988 1875 1113 1916 fictile
1139 1873 1267 1915 λαϊνί.

261 1931 311 1970 P.
328 1929 397 1981 43,
418 1931 478 1981 ¹4·
508 1931 607 1985 Cap.
630 1944 693 1970 12.
724 1931 787 1970 De
805 1932 1083 1971 excaecatione
1103 1930 1299 1970 Cuntuz'is
1316 1936 1357 1970 et
1376 1928 1610 1970 Andronici
1621 1932 1656 1966 P.
1674 1931 1742 1967 225

147 1984 359 2025 adeundus
387 1986 594 2026 Laonicus
610 1985 680 2027 lib.
701 1999 734 2036 ι,
762 1987 834 2039 qui
861 1987 1035 2038 Sauzen,
1063 2000 1148 2026 non
1178 1986 1390 2025 Cuntuzen
1415 1984 1609 2039 appellat,

147 2047 189 2080 et
238 2047 335 2080 natu
373 2042 595 2080 maximum
627 2042 804 2081 filiorum
846 2040 1021 2081 Moratie
1064 2042 1188 2080 fuisse
1230 2040 1348 2080 dicit.
1404 2041 1609 2080 Iohannes

148 2096 247 2149 imp.
277 2103 392 2136 aceto
435 2097 594 2137 fervido
626 2096 853 2136 Andronici
900 2097 1028 2136 oculis
1067 2097 1201 2135 infuso
1238 2110 1331 2135 eum
1363 2097 1605 2137 excaecavit.

147 2151 350 2191 Phranzes
388 2150 458 2196 lib.
499 2167 512 2191 1
547 2167 584 2195 c.
623 2152 670 2191 16
698 2153 866 2191 Mox-atis
906 2155 1029 2191 istum
1069 2152 1197 2191 filium
1240 2151 1420 2204 appellat
1463 2153 1608 2192 Mosen

148 2206 315 2247 Zelebin
332 2236 345 2256 ,
394 2214 434 2246 et
465 2210 590 2261 patris
620 2209 731 2247 iussu
759 2207 892 2260 capite
918 2207 1082 2261 plexum
1111 2207 1234 2246 fuisse
1264 2208 1336 2246 ait.
1365 2206 1416 2247 de
1441 2207 1608 2248 illorum

148 2262 431 2302 excaecatione
458 2262 726 2303 Leunclavius
754 2262 913 2301 nullum
940 2263 1115 2302 verbum
1147 2261 1257 2301 facit.

259 2317 306 2357 P.
321 2316 393 2369 45,
420 2332 451 2357 ι.
481 2317 539 2373 τῷ
562 2314 706 2373 πύργῳ
722 2318 796 2357 τοῦ
809 2316 997 2372 Ἀνεμᾶ]
1026 2316 1297 2357 Leunclavius
1323 2318 1364 2357 in
1390 2317 1608 2358 pandectis

146 2370 240 2411 hist.
252 2373 375 2416 Ture.
391 2373 512 2413 docet
534 2388 575 2414 se
596 2373 851 2428 aZygomala
875 2374 1061 2413 didicisse
1080 2372 1195 2427 Cpoli
1213 2379 1352 2412 turres
1379 2372 1484 2425 illas,
1505 2387 1609 2427 quas

147 2427 388 2468 Leonardus
415 2429 598 2469 Chiensis
627 2430 666 2468 in
698 2430 930 2468 narratione
959 2430 1268 2483 expugnationis
1293 2427 1467 2482 Cpoleos
1496 2429 1609 2468 Ave-

149 2483 288 2523 niades
327 2485 527 2537 appellat,
572 2499 673 2524 vero
711 2485 879 2523 nomine
921 2484 1146 2524 Anemanis
1182 2490 1319 2524 turres
1356 2484 1524 2532 vocari,
1563 2490 1606 2523 et

150 2551 236 2577 esse
266 2553 333 2579 eas
361 2553 466 2592 quae
495 2542 538 2579 in
569 2554 660 2579 arce
686 2539 971 2594 Pentapyrgo‚
1004 2540 1056 2579 ad
1088 2538 1283 2594 angulum
1316 2538 1428 2579 urbis
1454 2540 1607 2579 Orien-

149 2592 302 2640 talem·‚
336 2594 446 2635 iuxta
474 2596 792 2635 Blachernamm
824 2595 1021 2648 templum
1050 2595 1125 2635 sita
1160 2595 1405 2634 visebantur.
1515 2643 1520 2647 η

260 2649 311 2689 Ρ.
327 2649 394 2701 45,
419 2666 451 2693 1.
494 2650 651 2690 διετίαν
671 2649 716 2688 δὲ
737 2649 782 2689 ἐν
803 2650 989 2704 φυλακῇ]
1021 2652 1065 2690 In
1085 2664 1291 2690 carcerem
1311 2650 1520 2689 coniectus
1549 2656 1608 2688 est

151 2702 413 2754 Andronicus
451 2722 473 2746 a
503 2715 616 2760 patre
644 2713 889 2754 excaecatus,
919 2714 965 2744 ut
993 2706 1097 2746 <216
1127 2714 1264 2745 narrat
1294 2706 1524 2744 Plu-onzes:
1560 2719 1605 2742 ex

152 2771 199 2798 eo
222 2772 322 2802 vero
353 2769 552 2804 extractus
594 2769 679 2815 est,
720 2776 814 2802 cum
837 2776 1027 2817 proceres
1059 2761 1261 2817 Cpohtaui
1293 2761 1486 2803 Ameram
1515 2760 1605 2800 Mo-
