1916 3210
429 161 641 209 mincia
679 163 1014 207 m‘rERPRE‘rE
1053 163 1308 207 menam.
1485 144 1598 221 373

148 265 408 330 cherguarda
433 280 554 311 verso
573 272 684 307 ostro
704 295 717 318 ,
746 280 824 306 ove
853 265 982 307 havca
1012 264 1120 306 facto
1150 265 1216 306 sar
1241 279 1325 306 uno
1352 271 1472 320 porto
1500 277 1601 306 over

150 318 375 367 noviduno
408 318 488 379 per
527 321 720 376 confugio
756 320 846 361 dele
867 349 869 352 .
890 335 1008 363 nave.
1051 321 1286 377 in‘questo’
1306 327 1445 375 tempo
1473 321 1601 363 torno

153 375 344 424 Pataita
374 378 481 425 collo
528 377 704 418 exercito
747 376 853 417 dalle
878 383 995 431 parte
1030 376 1082 417 de
1107 377 1232 431 Pergi
1263 376 1315 417 de
1339 376 1601 430 Pamphilia‚

147 432 343 476 havendo
368 447 542 476 conseco
568 431 773 473 Emanuel
802 430 967 472 Paleolo
996 446 1021 471 o
1049 446 1126 473 con
1155 438 1273 472 cento
1301 432 1501 483 stratioti,
1531 445 1601 471 co-

145 502 214 530 me
241 488 294 531 de
318 502 444 544 sopra
474 487 513 530 el
540 501 702 529 sermon
730 495 868 527 nostro
885 487 944 527 ha*
995 494 1222 530 emostrato.
1248 487 1305 528 Et
1332 487 1486 527 havuto
1515 489 1604 528 avi-

144 558 192 585 so
230 539 325 587 dela
366 558 475 585 nova
500 543 680 592 fabrica,
720 543 883 583 subbito
922 543 1007 582 fece
1047 544 1235 583 nuntiare
1279 557 1304 582 a
1330 542 1492 582 Zuanni
1523 542 1602 582 im-

143 600 351 653 peradore
386 599 464 640 che
499 613 525 640 o
567 599 718 639 facesse
755 597 911 638 desfare
946 598 985 637 13
1023 597 1204 650 fabrica,
1240 596 1280 637 la
1323 598 1444 652 quale
1471 598 1602 638 havea

146 653 258 695 facto
296 655 386 696 sare
424 653 489 696 ala
529 662 652 708 porta
691 653 852 704 Crisia,
888 667 913 692 o
943 653 1017 693 che
1051 653 1079 692 li
1123 653 1375 693 remandaria
1401 653 1603 693 Emanuel

141 707 365 764 Paleologo
406 724 482 750 suo
510 710 659 763 figliolo
690 723 807 750 senza
848 708 955 748 ochi.
1011 708 1154 749 Aldita
1179 710 1340 748 Zuauni
1367 709 1602 762 impet-ador

136 763 185 806 vla
211 763 392 822 iniquita.
423 765 566 806 voluta
593 765 658 805 del
687 771 878 819 tyranno,
914 770 955 804 et
982 777 1065 804 non
1094 765 1291 818 sapiando
1318 763 1395 804 che
1429 765 1515 804 fare
1538 772 1604 805 tra

142 817 187 860 la
215 821 328 875 pieta
374 819 440 861 del
482 820 632 874 figliolo
669 819 715 859 e'l
745 819 1085 859 comandamento
1114 819 1181 859 del
1212 820 1389 874 superbo
1415 821 1601 874 signore,

140 880 186 915 et
225 875 403 916 tacendo
430 877 473 916 in
510 876 615 915 lecto
643 877 792 914 afflicto
821 873 886 913 (131
926 874 1042 914 dolor
1076 875 1116 914 di
1153 875 1246 929 pedi
1274 874 1388 928 perla
1419 875 1604 915 inmode-

142 935 238 971 rata
266 929 438 971 libidine
453 930 520 972 del
546 930 754 986 superfluo
781 943 988 984 magnare,
1017 929 1168 969 bevere
1198 937 1239 969 et
1261 930 1479 979 luxuriare,
1507 943 1604 983 per-

143 985 320 1027 manebo
359 985 467 1028 male
504 985 629 1027 elesse
663 985 821 1026 dessare
851 984 889 1024 el
914 985 1136 1039 municipio
1165 985 1240 1025 che
1265 985 1395 1025 havea
1425 985 1606 1025 fabrica-

116 1046 204 1081 '100
272 1041 331 1082 Et
366 1041 475 1082 sacto
522 1048 693 1096 questo,
733 1042 820 1081 fece
864 1040 1070 1080 intendere
1108 1039 1146 1079 al
1193 1047 1370 1095 tyranno
1398 1040 1475 1079 che
1504 1054 1605 1080 uvea

146 1095 344 1137 mandato
369 1096 420 1137 ad
460 1098 704 1151 exequtione
743 1095 780 1135 el
825 1109 899 1135 suo
940 1095 1290 1138 comandamento.
1346 1097 1415 1135 Ma
1445 1097 1606 1136 Zuanni

142 1149 382 1206 imperador
414 1152 459 1193 in
488 1159 630 1207 questa
655 1151 853 1205 tempesta
892 1157 956 1190 tra
984 1152 1087 1190 tanti
1126 1150 1275 1202 dolori,
1304 1150 1531 1203 egritudine
1561 1157 1606 1190 et

144 1207 334 1260 passione
358 1221 442 1248 non
470 1207 644 1247 mancho
685 1206 751 1246 (131
791 1219 916 1259 corpo
942 1205 1018 1245 che
1039 1205 1106 1246 del
1133 1206 1269 1245 animo
1291 1208 1437 1245 afflicto
1453 1235 1465 1254 ‚
1494 1206 1603 1260 pago

141 1259 182 1300 el
208 1260 346 1302 debito
383 1261 448 1303 ala
479 1268 638 1310 morte,
689 1269 731 1302 et
771 1260 1006 1314 congrande
1050 1274 1156 1314 pena
1181 1260 1252 1300 fin}
1282 1259 1321 1300 13
1353 1275 1426 1300 sua
1456 1264 1603 1303 misera
1614 1262 1663 1310 49

141 1316 243 1360 vita.
298 1316 502 1358 Emanuel
528 1316 750 1371 Paleologo
767 1346 777 1363 ,
821 1329 900 1370 per
926 1317 1064 1354 avanti
1089 1322 1289 1356 'coronato
1318 1316 1603 1369 imperadore,

141 1369 271 1411 intem
308 1372 347 1412 la
392 1379 529 1413 morte
563 1372 615 1413 de
637 1386 714 1412 suo
755 1377 894 1424 patre,
922 1384 1005 1409 non
1046 1370 1087 1409 fo
1123 1377 1268 1419 tento,
1298 1385 1365 1410 ma
1402 1384 1477 1409 con
1505 1373 1603 1427 ogni

139 1423 317 1467 v'elocita
346 1433 469 1468 nocte
507 1441 604 1468 sene
644 1426 725 1466 fuzi
756 1440 779 1465 a
821 1425 1210 1479 Constantinopoli3
1253 1432 1296 1465 et
1337 1426 1523 1480 compito
1565 1426 1605 1467 el

142 1481 287 1535 'planto
315 1489 357 1522 et
381 1481 409 1522 li
442 1482 603 1537 exequii
632 1480 808 1521 sunerali
839 1481 890 1520 de
915 1495 990 1520 suo
1010 1487 1129 1534 patre
1158 1480 1339 1520 secundo
1367 1480 1407 1520 la
1430 1495 1605 1521 consue-

142 1535 314 1588 tudine,
343 1536 537 1578 comenzb
579 1552 602 1577 a
636 1544 802 1577 sentare
839 1537 883 1575 in
908 1535 949 1575 la
980 1537 1090 1575 sedia
1121 1535 1350 1590 imperiale,
1393 1536 1604 1578 habiando

143 1591 301 1645 grande
325 1605 429 1632 cura
462 1600 503 1633 et
535 1594 722 1646 pensiero
763 1590 854 1630 dele
898 1605 991 1631 cose
1018 1591 1069 1630 de
1105 1590 1321 1645 l'imperio.
1376 1591 1424 1630 ln
1458 1599 1605 1647 questo

140 1652 282 1702 tempo
313 1648 563 1688 intendando
602 1647 642 1687 el
667 1655 844 1702 tyranno
866 1645 904 1686 13
938 1654 1072 1686 morte
1094 1647 1145 1686 de
1173 1646 1463 1700 l'imperadore
1491 1654 1532 1687 et
1561 1647 1604 1688 la

141 1701 239 1756 suga
263 1701 315 1742 de
338 1703 541 1743 Emanuel
557 1734 569 1753 ‚
599 1702 750 1757 grande
772 1700 955 1740 molestia
980 1708 1022 1741 et
1048 1701 1320 1756 displicentia
1339 1717 1390 1741 ne
1412 1703 1531 1754 senti,
1559 1711 1603 1744 et

139 1756 252 1797 irato
279 1757 408 1798 molto
435 1758 667 1811 disdignato
698 1772 740 1797 se
761 1756 973 1796 demostrb
997 1765 1134 1796 contra
1166 1756 1194 1796 li
1222 1758 1280 1796 soi
1304 1757 1498 1811 prefecti,
1528 1772 1603 1812 per

141 1810 262 1865 colpa
294 1812 336 1852 di
369 1813 479 1867 quali
501 1813 665 1853 crediva
700 1813 776 1851 che
806 1812 940 1865 quella
964 1814 1072 1865 paisa
1096 1812 1201 1851 delle
1224 1825 1298 1851 sue
1323 1827 1445 1852 mane
1467 1827 1602 1853 scam-

141 1873 240 1921 pata
269 1866 387 1908 fosse.
442 1869 498 1908 Et
526 1868 579 1907 da
597 1867 679 1907 tale
700 1869 761 1907 ira
791 1881 926 1906 mosso
953 1866 1104 1906 mando
1137 1881 1223 1906 uno
1250 1881 1323 1906 suo
1353 1869 1603 1908 ambaxador

141 1921 195 1961 ad
236 1921 439 1963 Emanuel
466 1923 702 1976 imperador
720 1952 731 1967 ,
775 1921 811 1961 el
850 1921 969 1975 quale
996 1921 1163 1961 havesse
1192 1921 1246 1961 ad
1262 1936 1461 1976 exponere
1486 1938 1601 1963 come

140 1975 178 2015 el
210 1978 356 2018 voleva
379 1978 575 2018 mandare
602 1978 651 2017 ad
679 1985 790 2016 stare
823 1990 846 2015 a
873 1976 1232 2029 Constantinopoli
1261 1992 1344 2017 uno
1370 1978 1519 2017 zudexe
1549 1978 1600 2018 de

139 2029 181 2071 la
210 2044 283 2072 sua
317 2032 401 2073 leze
446 2033 496 2084 (31
526 2033 647 2089 quale
679 2033 719 2071 in
755 2031 796 2071 la
835 2045 907 2070 sua
936 2031 1073 2085 lingua
1114 2031 1329 2072 chiamano
1357 2033 1494 2083 cadi),
1523 2033 1600 2074 che

138 2085 308 2128 havesse
328 2102 352 2128 a
378 2089 564 2128 zudicare
583 2087 767 2129 secundo
795 2086 834 2125 la
860 2087 940 2126 leze
972 2086 1151 2126 Arabica
1186 2094 1292 2126 tutte
1314 2086 1352 2127 le
1380 2102 1500 2128 cause
1520 2088 1599 2129 che

136 2140 359 2183 havesseno
388 2145 560 2185 avertite
593 2151 658 2183 tra
686 2142 907 2182 Christiani
952 2149 992 2181 et
1020 2142 1266 2182 Musulmani
1288 2172 1299 2190 ,
1330 2143 1487 2196 perche
1513 2157 1598 2184 non

137 2210 208 2237 era
232 2197 342 2238 licito
367 2198 444 2239 che
471 2201 484 2238 i
505 2201 564 2239 soi
589 2198 839 2238 Musulmani
861 2196 1084 2236 dovesseno
1113 2204 1225 2237 stare
1251 2197 1290 2236 al
1319 2198 1463 2237 iuditio
1491 2198 1597 2238 d'in-

136 2252 276 2293 fedeli.
328 2254 385 2294 Et
407 2268 450 2294 se
478 2269 560 2294 non
589 2253 725 2294 voliva
758 2253 821 2293 far
850 2259 954 2291 tutte
987 2251 1024 2291 le
1065 2266 1158 2292 cose
1187 2253 1262 2292 che
1284 2252 1343 2292 lui
1372 2253 1596 2293 comandae-

136 2321 217 2360 va,
254 2322 432 2350 serrasse
464 2309 503 2350 13
543 2317 661 2364 porte
700 2308 794 2348 dela
832 2308 913 2347 cita
946 2313 988 2346 et
1026 2307 1173 2347 denti-o
1212 2310 1462 2362 imperasse:
1517 2309 1594 2350 che

135 2360 336 2418 l’imperio
367 2366 418 2405 de
440 2365 529 2405 Fora
562 2379 630 2404 era
646 2372 752 2404 tutto
780 2377 870 2402 suo.
939 2362 993 2401 Et
1021 2363 1214 2402 mandato
1239 2371 1382 2418 questo
1402 2363 1594 2404 ambaxa-

135 2417 213 2458 dot·
239 2434 262 2458 a
297 2420 676 2475 Constantinopoli,
725 2419 888 2459 subbito
921 2417 979 2456 lui
1009 2432 1088 2458 con
1129 2418 1171 2457 lu
1196 2421 1370 2458 exercito
1406 2419 1512 2472 ‚asso
1539 2420 1593 2459 da

134 2473 327 2530 Bithynia
350 2477 393 2515 in
421 2476 572 2516 Tracia
588 2506 600 2527 ,
643 2475 840 2517 vastando
863 2479 968 2512 tutte
992 2473 1030 2512 le
1062 2475 1287 2527 provintie,
1320 2434 1529 2526 togliando
1553 2475 1593 2515 13

136 2530 273 2570 anime
296 2530 346 2570 da
383 2531 397 2570 i
422 2530 501 2571 loci
530 2532 636 2571 onde
663 2544 790 2570 erano
831 2530 989 2577 native,
1015 2535 1054 2568 et
1071 2529 1403 2582 trasportandole
1428 2532 1470 2569 in
1498 2529 1590 2570 lon-
1603 2540 1648 2575 50

137 2585 223 2623 tani
244 2587 355 2638 paesi
386 2586 601 2629 forestieri.
661 2587 784 2626 Prese
812 2583 1016 2623 Solonichi
1045 2591 1085 2623 et
1109 2584 1246 2624 tutto'l
1281 2600 1355 2625 suo
1384 2585 1591 2627 destricto.

136 2636 181 2678 ln
201 2639 483 2694 Peloponneso
517 2641 669 2681 mandi)
698 2640 927 2680 Auranesio
969 2639 1154 2694 principe
1183 2640 1369 2683 Tarcho.
1399 2642 1440 2679 in
1466 2640 1506 2680 le
1530 2641 1591 2680 oi-

137 2693 234 2734 tado
264 2693 303 2734 13
330 2696 451 2750 quale
472 2711 571 2736 sono
601 2704 763 2749 exposte
779 2695 817 2734 al
841 2707 953 2733 mare
975 2695 1152 2745 Eusino,
1175 2696 1326 2736 mando
1347 2696 1588 2744 Zuraebam;

138 2747 154 2789 ἰ
189 2749 300 2807 quali
319 2759 568 2807 guastavano
594 2751 631 2792 le
659 2759 791 2799 terre,
831 2765 854 2790 e
887 2749 923 2789 le
967 2751 1100 2792 anime
1130 2751 1385 2792 mandavano
1427 2752 1469 2792 in
1487 2750 1591 2792 dura
