1916 3210
434 197 644 240 rrAmcE
683 199 1018 249 munimem
1057 196 1309 241 mmmm.
1479 180 1514 248 4
1532 203 1597 257 ¹9

0 207 14 369 ξ’
146 296 283 337 manin
311 297 573 339 erm-dinam
600 299 638 339 18
668 313 759 339 cose
788 299 838 338 de
865 299 1023 341 Tracia.
1080 299 1126 339 In
1157 306 1300 356 questo
1333 313 1444 340 mezo
1470 300 1598 344 Ema-

0 377 10 430 ἓ
148 351 247 447 3ἕέ
267 353 927 449 ἶῗῗιῗέἶῖἒῗιοῗὲῗίἛιῗέἓι0ἶέ
943 354 1392 451 ἴὶἳέἶοαᾎέαὲἲᾳὲιιέἒιὲ
1405 357 1599 451 0¹¹⁰’‘³¹‹':'

0 432 8 454 ἶ·
1052 427 1067 450 l
1584 435 1600 445 ι

0 467 10 548 ι
143 462 220 502 8118
233 475 248 511 ’,
278 463 331 503 ad
357 462 542 504 consolat
567 465 603 504 el
633 441 764 505 d'ucha
803 441 908 504 (1811ῗι
939 474 1069 506 morte
1096 466 1147 506 de
1173 480 1245 505 suo
1277 426 1470 520 patreget
1496 427 1598 508 gl?-

0 550 9 591 ῑ
143 518 451 628 Ξίἶῖἷῖζίὲῖ
471 519 875 615 Ἓιῖἷὶῖ-ἓιῗὲιῑέἓέ
911 521 981 616 ἐέἷ.
1017 520 1515 630 25V330¹1¹1213¹²3022t30¹2⁰³
1545 526 1599 620 23

663 596 678 615 δ
1485 598 1487 602 .

0 592 10 670 i
146 627 322 669 l’ultimo
347 639 649 670 conmemorare
691 631 729 670 al
758 631 890 670 ducha
919 631 957 671 la
989 632 1246 672 ordinatione
1276 632 1325 671 de
1341 608 1598 674 Mecheineth

0 678 7 756 'f
146 683 214 723 bei
244 683 339 741 ‘deli‘
375 687 434 726 soi
477 685 619 740 piccoli
663 686 831 740 figlioli,
866 686 916 726 de
957 687 985 726 li
1014 687 1124 741 quali
1171 687 1213 726 lu
1242 688 1497 741 imperadore
1525 703 1599 730 era

0 757 3 787 q
145 737 346 780 institnito
376 743 671 792 commissario,
702 750 741 781 et
773 741 1004 782 domandar
1030 743 1106 783 che
1134 742 1164 782 li
1192 743 1339 782 mande
1369 743 1398 782 li
1431 745 1489 784 soi
1521 759 1601 798 pu·

0 794 3 800 '
142 792 231 847 pisti
271 795 454 836 secundo
501 796 539 836 la
573 796 742 836 volunta
771 805 954 850 paterna.
1022 799 1078 838 Et
1106 811 1148 837 se
1173 798 1254 837 cos}
1285 798 1397 848 forh,
1434 814 1508 838 con
1540 799 1601 839 lui

143 849 254 889 bona
281 860 380 905 pace
415 852 593 903 havera,
633 866 747 894 come
788 853 921 892 hebbe
952 867 1026 892 suo
1055 861 1197 907 patre:
1228 868 1293 893 ma
1318 869 1360 893 se
1389 869 1469 893 non
1500 856 1602 895 vorh

0 935 9 963 3.
143 903 341 946 obhedire
369 906 421 946 ali
460 907 788 948 comandamenti
834 909 1031 961 paterni,
1070 908 1111 948 lo
1145 908 1406 961 imperadore
1430 909 1487 954 ,ha
1517 924 1603 950 uno

0 966 8 1006 ’ξ
145 958 251 1000 altro
281 961 418 1002 ducha
447 965 490 1002 in
520 963 706 1015 deposto,
737 962 811 1002 che
839 964 1050 1003 eMustafa
1077 963 1237 1003 fratello
1265 964 1316 1003 (18
1345 965 1604 1006 Mechemeth

0 1029 10 1041 ²
143 1029 220 1056 suo
246 1023 386 1069 patre;
417 1017 601 1072 el'quale
626 1017 875 1057 constituere
905 1020 946 1057 in
976 1019 1016 1058 la
1055 1018 1165 1058 sedia
1192 1019 1365 1069 ducale,
1400 1027 1442 1060 et
1472 1020 1602 1060 feralo

145 1070 331 1126 principe
358 1073 410 1112 de
441 1073 692 1122 Macedonia,
725 1074 775 1113 de
805 1073 1042 1113 Chieroniso
1075 1080 1118 1114 et
1145 1074 1196 1113 de
1220 1081 1329 1114 tutta
1357 1073 1531 1123 Tracia,
1563 1083 1606 1116 et

145 1140 168 1166 a
197 1140 302 1181 poco
332 1134 467 1182 tempo
520 1128 560 1168 oi
594 1128 646 1168 de
675 1128 712 1168 le
738 1136 850 1182 parte
882 1129 933 1168 de
962 1130 1144 1172 Oriente.
1179 1129 1359 1169 Paiasith
1390 1143 1605 1170 veramen-

146 1187 217 1228 te,
248 1182 406 1222 vicario
434 1183 484 1223 de
527 1183 716 1237 principe
744 1186 910 1234 Morat,
941 1184 1025 1224 fece
1051 1183 1352 1224 al’imbaxadori
1383 1184 1434 1224 de
1461 1193 1608 1240 questa

144 1236 370 1278 substantia
415 1237 455 1278 la
499 1246 709 1291 resposta,
735 1238 812 1278 che
841 1252 922 1277 non
954 1240 975 1278 e
1004 1240 1109 1279 bene
1149 1254 1200 1279 ne
1229 1247 1507 1292 convegnente
1534 1239 1611 1280 alli·

143 1293 469 1333 comandamenti
510 1293 576 1333 del
619 1293 845 1348 propheta,
887 1293 964 1333 che
1008 1295 1038 1334 li
1068 1293 1207 1349 figlioli
1248 1294 1289 1333 di
1323 1295 1605 1346 Mmulmani,

68 1351 73 1358 ¹
145 1347 217 1387 zoe
243 1346 377 1399 fideli,
423 1362 465 1389 se
507 1348 685 1388 habiano
712 1348 764 1387 ad
794 1349 978 1388 enutrite
1002 1364 1077 1389 con
1117 1350 1131 1388 i
1158 1348 1297 1402 figlioli
1327 1349 1367 1389 di
1398 1350 1604 1402 Cauride,

141 1402 212 1442 zob
244 1402 412 1443 infideli.
468 1404 523 1444 Et
551 1417 591 1443 se
631 1403 674 1443 10
707 1403 943 1457 imperador
970 1406 1068 1444 vorh
1097 1404 1136 1444 la
1165 1418 1265 1458 pace
1294 1412 1428 1443 nostra
1462 1419 1605 1445 secon-

95 1473 97 1477 ’
141 1457 196 1497 (10
239 1456 280 1498 la
307 1459 440 1513 prima
479 1458 803 1499 confederatione
821 1489 834 1511 ,
865 1465 906 1498 et
942 1473 1048 1499 esser
1079 1461 1211 1500 amico
1240 1466 1381 1498 nostro
1412 1466 1454 1499 et
1483 1467 1604 1514 patre
1622 1467 1683 1503 133

141 1513 195 1552 de
219 1511 250 1552 li
275 1514 411 1554 orfani
437 1527 556 1554 senza
589 1515 691 1554 altra
707 1514 983 1554 commissaria
1000 1544 1012 1565 ‚
1044 1523 1084 1555 et
1114 1515 1182 1554 noi
1211 1515 1433 1554 haverexno
1462 1513 1502 1554 la
1534 1530 1606 1555 sua

143 1568 320 1610 amicitia
364 1569 492 1610 ferma
523 1583 639 1610 come
666 1584 709 1610 se
740 1584 818 1609 con
850 1584 933 1609 uno
963 1570 1096 1624 sigillo
1126 1570 1355 1610 universale
1385 1570 1487 1610 fosse
1519 1570 1607 1611 fer-

142 1630 266 1663 mata.
321 1624 376 1665 Et
403 1632 467 1665 tra
499 1627 568 1664 noi
598 1632 638 1664 et
667 1626 735 1665 voi
758 1640 848 1665 sera
876 1638 961 1664 uno
989 1639 1105 1665 sacro
1138 1633 1178 1666 et
1205 1625 1439 1665 inviolabile
1466 1640 1609 1665 sacra-

142 1686 282 1719 mento
297 1696 315 1733 ,·
356 1679 394 1720 el
431 1675 554 1735 quale
590 1694 642 1723 ne
684 1681 823 1720 tenerh
867 1680 972 1720 infra
1010 1680 1037 1719 li
1066 1683 1198 1721 nostri
1228 1680 1375 1720 confini
1405 1682 1536 1720 securi
1566 1689 1607 1720 et

142 1734 316 1784 muniti,
349 1749 465 1775 come
494 1750 578 1774 una
615 1736 769 1789 pariete
808 1735 961 1778 ferrea.
1018 1738 1087 1775 Ma
1130 1737 1282 1777 havere
1310 1734 1339 1774 li
1368 1734 1506 1789 figlioli
1537 1736 1603 1776 del

142 1797 282 1830 nostro
315 1790 505 1844 principe
532 1797 675 1845 questo
707 1791 730 1831 ὲ
759 1788 1005 1844 impossibile
1041 1807 1065 1830 a
1093 1791 1133 1831 lo
1161 1791 1421 1844 imperadore
1452 1806 1475 1830 a
1501 1806 1604 1831 con-

143 1846 341 1900 sequire3
372 1853 413 1885 et
442 1845 549 1886 darli
580 1861 604 1885 a
630 1847 698 1885 noi
724 1846 747 1886 ὲ
779 1845 911 1886 molto
939 1847 1012 1899 pih
1050 1847 1307 1900 impossibile.
1381 1846 1469 1885 Con
1503 1860 1603 1899 que⁴

142 1905 204 1939 ste
229 1900 371 1954 parole
399 1900 546 1940 forono
580 1901 810 1941 remandati
840 1901 870 1940 li
896 1901 1158 1940 ambaxadori
1184 1901 1294 1941 delo
1328 1900 1601 1954 impcradore.

141 1953 196 1995 El
227 1956 350 2010 quale
377 1955 504 1996 aldita
532 1955 612 1995 tale
641 1963 847 2009 resposta,
894 1955 1001 1995 nella
1032 1958 1166 1995 anima
1192 1971 1267 1996 sua
1297 1957 1444 1995 rimase
1475 1955 1603 1995 molto

141 2010 402 2050 contristato.
459 2011 515 2050 Et
545 2007 806 2050 recordatose
836 2010 930 2051 dele
954 2012 1090 2063 parole
1120 2011 1195 2050 che
1222 2011 1349 2050 havea
1378 2018 1494 2050 usato
1523 2025 1602 2050 con

145 2065 339 2113 Mustafa‚
364 2067 531 2121 quando
551 2066 590 2106 81
612 2067 762 2105 mandi)
782 2067 821 2104 in
845 2065 962 2105 exilio
985 2067 1023 2104 in
1045 2067 1204 2116 Limno,
1228 2080 1342 2105 come
1363 2066 1401 2104 la
1422 2065 1602 2119 hystoria

145 2128 284 2161 nostra
311 2121 364 2161 de
395 2137 519 2176 sopra
549 2122 602 2160 ha
627 2127 840 2171 mostrato,
861 2120 1010 2160 mandb
1040 2135 1115 2174 per
1144 2121 1314 2160 Dimitri
1333 2122 1497 2160 Lascari
1522 2122 1602 2160 Lea

143 2176 314 2224 ondari,
354 2176 480 2217 homo
517 2177 568 2217 de
612 2177 762 2229 grande
790 2176 927 2215 animo
961 2182 1002 2215 et
1030 2177 1080 2215 de
1112 2175 1236 2216 molta
1273 2177 1472 2230 sapientia
1509 2188 1602 2229 pre-

145 2231 258 2282 dito,
289 2232 330 2271 in
360 2231 398 2273 le
422 2247 513 2272 cose
540 2231 686 2272 bellice
717 2231 841 2271 molto
871 2232 1099 2272 exercitato.
1158 2234 1202 2271 In
1231 2230 1527 2271 Lacedemonia
1557 2238 1602 2275 et

144 2285 188 2326 in
214 2286 404 2327 Thetalia
441 2302 518 2341 per
555 2288 591 2327 le
620 2302 691 2327 sue
726 2286 888 2328 virtude
926 2293 966 2326 et
997 2300 1119 2340 opere
1154 2285 1339 2340 preclare
1368 2286 1501 2326 havea
1532 2300 1600 2325 nc·-

142 2341 323 2396 quistato
349 2339 491 2397 grandi
517 2343 682 2382 honori.
758 2342 843 2381 Era
874 2342 914 2381 in
945 2342 1040 2396 quel
1069 2350 1209 2396 tempo
1239 2342 1439 2381 Emanuel
1466 2343 1599 2394 impe-
1617 2356 1680 2400 ,34

142 2397 288 2439 rudore
318 2397 438 2439 felice
466 2406 507 2439 et
544 2397 752 2438 fortunato
795 2405 911 2450 patre
937 2397 988 2436 de
1030 2398 1086 2437 sei
1111 2396 1342 2451 degnissimi
1368 2396 1526 2451 figlioli‚
1557 2396 1601 2436 di

146 2451 259 2506 quali
301 2452 338 2493 el
377 2455 646 2507 primogenito
687 2467 754 2493 era
779 2452 964 2502 Zuanni‚
1006 2459 1048 2492 et
1080 2459 1223 2507 questo
1252 2452 1292 2492 fo
1321 2459 1517 2492 coronato
1547 2452 1600 2491 da

143 2518 218 2547 auo
256 2514 370 2562 patre
409 2516 451 2549 et
494 2510 702 2563 publicato
738 2508 971 2562 imperador
1016 2508 1066 2547 de
1108 2507 1266 2551 Romei.
1341 2507 1391 2548 El
1418 2506 1599 2547 secondo

145 2561 393 2614 Theodoro,
425 2564 462 2604 el
487 2566 606 2619 quale
635 2565 720 2604 fece
751 2564 911 2616 dispoto
941 2564 990 2602 de
1019 2563 1330 2605 Lacedemonia.
1401 2562 1454 2603 El
1487 2570 1599 2601 terzo

146 2615 190 2656 fo
215 2618 476 2669 Andronico,
523 2621 683 2674 dispoto
712 2620 762 2658 de
788 2618 989 2661 Thetalia.
1046 2619 1096 2658 El
1128 2626 1278 2673 quarto
1307 2618 1570 2658 Constantino
1587 2645 1600 2667 ,

147 2671 185 2711 81
224 2674 344 2727 quale
381 2682 528 2715 teneva
567 2677 603 2715 le
639 2683 758 2729 parte
794 2675 980 2713 Pontice.
1039 2673 1089 2713 El
1117 2674 1264 2728 quinto
1295 2673 1335 2714 fo
1363 2672 1602 2721 Demetrio,

147 2725 190 2766 el‘
211 2735 322 2768 sexto
341 2730 515 2770 Tomaso
533 2761 544 2782 ,
575 2731 603 2770 li
639 2731 750 2784 quali
783 2730 950 2769 essendo
980 2730 1089 2782 putti
1119 2727 1184 2768 col
1217 2743 1289 2768 suo
1318 2736 1435 2783 patre
1466 2728 1603 2767 demo-

147 2795 313 2828 ravano.
382 2786 551 2827 Armate
589 2786 780 2840 adunque
808 2785 906 2825 dexe
935 2785 1066 2839 galie,
1097 2783 1149 2823 de
1173 2785 1343 2837 homini,
1375 2784 1603 2824 munitione
