1904 3198
324 177 402 244 84
664 193 848 237 DUCAE
885 192 1170 236 nnanEms
1201 193 1423 237 NEPOTls

323 294 527 352 πατρικὸν
553 297 702 351 κλῆρον
728 294 986 351 ἡγησάμενος
1030 290 1254 348 αὖτόνομος
1279 293 1443 351 ἧγεμών
1467 294 1616 346 ’Λαΐας
1643 291 1762 352 Μή·-

323 366 394 418 θη.
425 359 449 403 ὅ
482 362 529 402 δὲ
548 358 841 413 Μουσουλμάν
866 359 924 414 μή
956 351 1199 415 φέρωντὴν
1220 361 1363 402 ,αὐτοῦ’
1391 360 1608 403 ἀναίδειαν
1633 355 1763 417 ἧβϋα-

323 427 434 483 λὴθη
459 427 638 482 περᾶσαι
665 426 710 466 ὲν
735 427 786 482 τῇ
817 425 1020 481 Βιθυνίαι
1075 425 1148 466 καί
1176 422 1228 480 δὴ
1255 424 1439 480 περάσας
1465 424 1538 468 καί
1561 423 1763 468 εἰσελθών

323 495 369 535 ἒν
395 491 605 549 Προύσῃ,
633 487 814 539 ἅπαντες
851 489 889 532 οἱ
919 493 1163 544 Προυσαεῖς
1206 491 1424 541 α’σπασίως
1457 490 1589 533 αὐτὸν
1614 490 1763 534 cineard-

218 557 311 604 Me
323 560 468 609 ξαντο,
497 556 570 598 καὶ
595 558 697 609 μεθ’
724 551 822 610 ὅσης
855 556 995 609 χαρᾶς
1023 552 1198 608 ἐτοιζιιως
1223 557 1298 598 τοῦ
1327 558 1473 599 θανεῖν
1500 553 1609 612 ὑπὲρ
1635 553 1801 598 αὖτονό

116 626 153 658 Δ.
171 624 309 673 C-s404
321 620 574 680 ᾖρετίσαντο.
628 619 720 662 τότε
749 618 798 674 δὴ
828 617 952 676 ἔαρος
979 620 1213 674 ἀρξαμένου
1239 621 1418 676 στρατὸν
1445 621 1660 678 ἀθροίζειν
1682 617 1762 677 ἤρ-

320 692 416 740 ξατο
448 680 552 729 κατὰ
576 686 652 728 τοῦ
687 682 869 739 Τζινεήτ,
926 682 948 725 ὃ
976 687 1014 727 ‹5’
1038 684 1168 734 αὐτὸς
1202 686 1373 743 Τζινεὴτ
1403 686 1485 730 miv
1510 688 1764 741 ὀλίγοιςῖπ-

320 769 416 804 ποις
442 755 643 808 δρομαῖος
688 751 748 799 εἰς
784 749 951 793 Ἰκόνιον
986 749 1244 807 μητρόπολιν
1279 754 1352 807 τῆς
1378 755 1621 803 Λυκαονίας
1644 752 1765 808 ἔρχε-

319 836 414 872 ται,
447 822 520 860 και·
558 819 615 874 τῷ
643 815 859 872 Καραμάν
891 815 1094 872 ὁμιλήσας
1139 819 1388 873 κατέρχεται
1425 819 1485 868 εἷς
1517 815 1762 873 Κοτύαιον,

319 885 391 926 καί
428 885 487 940 τῷ
514 880 719 938 Καρμιάν
759 881 812 924 τὰ
840 877 950 924 αὖτὰ
992 883 1122 924 εἰπών
1155 883 1266 924 ἕλκει
1313 882 1470 933 αὐτοῦς
1497 886 1597 937 μεθ’
1626 882 1764 927 ὅπλων
1782 895 1829 923 ιο

317 951 379 997 εἷς
410 943 602 1005 Ἔφεσον.
661 945 700 989 οἱ
737 948 784 988 δὲ
824 945 936 1001 λόγοι
971 945 1048 1006 οὓς
1085 945 1272 1002 ὡμίλησε
1307 946 1415 1001 μετὰ
1435 939 1526 991 ’τῶν
1552 947 1765 1005 ἡγεμόνων

315 1009 424 1070 ἦσαν
448 1011 620 1066 „omme
649 1012 832 1067 α’κριβῶς
857 1011 932 1067 τὴν
960 1012 1112 1068 ζημίαν
1128 1010 1179 1068 ἣν
1203 1012 1407 1068 ὖπέστητε
1431 1013 1547 1068 παρὰ
1574 1015 1650 1057 τοῦ
1663 1017 1764 1058 Πα-

315 1079 477 1135 γιαζήτ·
534 1080 608 1120 καί
648 1078 747 1128 τούς
770 1077 998 1133 ὑμετέρους
1038 1085 1172 1133 γονεῖς
1201 1077 1275 1128 οὓς
1303 1080 1382 1133 μὲν
1409 1077 1588 1136 ἔσφαξεν
1615 1077 1692 1128 οὓς
1717 1079 1766 1122 δὲ

318 1144 474 1202 ἀγχόνῃ
511 1140 731 1196 ἀπέπνιξεν
740 1174 754 1196 ,
799 1145 871 1186 καί
911 1142 1040 1194 αὐτὸς
1067 1143 1283 1200 μονάρχης
1321 1146 1481 1199 ἐγένετο
1500 1176 1512 1196 ,
1554 1143 1628 1187 καὶ
1651 1142 1766 1199 ὑμᾶς

279 1212 556 1266 Βέξορίστους
588 1211 793 1265 ἐποίησεν.
852 1212 928 1251 νῦν
955 1211 1002 1251 δὲ
1030 1208 1124 1252 ἐπεὶ
1151 1211 1294 1266 δικαίᾳ
1319 1211 1424 1252 θεοῦ
1451 1213 1585 1266 κρίσει
1613 1209 1637 1253 ὅ
1664 1205 1829 1253 did-15

315 1291 428 1331 στωρ
477 1273 732 1331 ἠφάνισται,
779 1273 838 1329 μὴ
869 1277 1104 1316 καταπιέτω
1132 1272 1244 1329 ἡμᾶς
1271 1274 1318 1317 τὸ
1343 1277 1419 1329 τῆς
1445 1270 1622 1325 dualem,-
1647 1272 1765 1330 ἔὶτγο-

316 1353 404 1394 νον,
437 1335 543 1381 άλλά
571 1339 803 1395 προθύμως
828 1338 890 1380 ἔτι
918 1339 1100 1392 α’κμάζον
1129 1335 1177 1381 ὂν
1199 1341 1495 1394 συντρίψωμεν
1524 1336 1655 1383 miro&
1681 1339 1762 1396 τὴν

316 1401 482 1459 κάραν,
511 1404 582 1446 καὶ
608 1403 653 1446 τὸ
683 1403 829 1446 λοιπὸν
856 1405 901 1446 ἐν
941 1404 1169 1462 ἄμεριμνίᾳ
1198 1403 1446 1457 διάξωμεν.”
1473 1404 1570 1446 τότε
1596 1404 1638 1447 οἱ
1666 1404 1765 1460 ἦγε-

315 1469 442 1523 μόνες
466 1471 757 1519 ἑνωτισθέντες
783 1469 879 1520 τοὺς
905 1468 1053 1525 λόγους
1080 1470 1216 1512 αὐτοῦ
1243 1469 1318 1512 καὶ
1344 1470 1405 1519 εἰς
1432 1471 1651 1526 συμφέρον
1683 1469 1764 1512 αὖ,

318 1535 400 1577 τῶν
446 1534 709 1588 λογισάμενοι
738 1533 933 1591 ἐχώρουν
960 1537 1006 1578 ἒν
1034 1533 1224 1591 ἅρμασι·
1285 1534 1360 1578 καὶ
1385 1535 1410 1577 ὅ
1436 1537 1515 1590 μὲν
1544 1534 1762 1592 Καραμὰν
1775 1554 1829 1581 20

317 1603 364 1642 ἐν
407 1600 627 1656 τριάκοντα
652 1600 859 1655 χιλιάσιν,
898 1601 920 1643 ὅ
947 1603 994 1643 δὲ
1024 1600 1228 1657 Καρμιάν
1268 1603 1316 1644 ἒν
1344 1602 1470 1655 δέκα,
1503 1603 1578 1644 καί
1605 1599 1628 1642 ὅ
1663 1602 1761 1654 Τζι-

315 1665 413 1722 νεὴτ
454 1669 501 1709 ἐν
537 1669 655 1709 πέντε
689 1665 876 1720 χιλιάσιν
922 1669 967 1709 ἐν
996 1663 1156 1725 Ἐφέσῳ
1202 1668 1600 1723 ἐστρατοπέδευσαν.
1657 1664 1682 1708 ὃ
1715 1668 1764 1711 δὲ

408 1783 572 1858 Ιι.ς).1(1ἰοῖς
603 1778 731 1823 λόγοις
763 1779 798 1812 P.
834 1779 877 1812 cf.
910 1791 943 1825 p.
969 1780 1014 1813 60
1041 1790 1077 1820 a,
1113 1791 1158 1824 92
1184 1789 1228 1819 a,
1260 1779 1319 1823 143
1346 1778 1380 1811 b.
1473 1791 1529 1814 ιιι.
1553 1780 1655 1826 τρισὶ
1679 1779 1765 1814 Bul-

424 1837 457 1857 la
501 1837 552 1858 US·

319 1915 424 1948 latur.
450 1915 683 1960 quamohrem
703 1926 781 1948 cum
794 1914 1042 1948 Musulmanus
1062 1918 1198 1948 tantam
1213 1913 1289 1947 eius
1311 1913 1541 1949 insolentiam
1565 1914 1663 1950 haud
1690 1916 1774 1950 ser-—

319 1967 396 2002 ret,
424 1961 463 1994 in
488 1962 690 2005 Bithyniam
728 1962 895 1995 traiicere
935 1961 1114 2003 destinat,
1150 1961 1411 2006 confestimque
1446 1962 1575 1996 fretum
1602 1969 1763 1997 transve-

319 2013 396 2041 ctus
422 2009 564 2041 Prusam
585 2009 803 2053 ingreditur,
829 2012 984 2053 eumque
1007 2009 1195 2042 Prusenses
1212 2019 1333 2041 omnes
1357 2009 1464 2041 alacri
1489 2009 1659 2055 bonoque
1682 2010 1762 2043 ani—

318 2066 376 2087 mo
409 2061 629 2100 exceperunt
664 2061 700 2088 et
732 2055 864 2088 hilares
902 2055 1094 2088 admodum
1120 2060 1228 2100 atque
1254 2055 1340 2088 laeti
1366 2061 1508 2100 paratos
1534 2068 1571 2090 se
1599 2055 1645 2089 ad
1666 2065 1762 2090 mor·-

318 2107 391 2134 tem
419 2112 483 2145 pro
511 2113 552 2134 eo
579 2101 783 2135 obeundam
802 2101 979 2135 dixerunt.
1008 2102 1151 2147 iamque
1173 2112 1256 2134 vere
1280 2101 1450 2134 inchoato
1477 2104 1670 2136 exercitum
1696 2103 1761 2136 ad·-

317 2158 439 2180 versus
467 2148 645 2181 Cineitem
668 2148 873 2182 conscribit.
898 2149 928 2181 is
954 2149 1076 2193 paucis
1106 2148 1289 2192 equitibus
1313 2149 1579 2190 comitantibus,
1598 2149 1760 2183 Iconium

318 2194 520 2236 Lycaoniae
551 2195 780 2240 metropolim
815 2195 978 2236 advolat,
1012 2200 1052 2228 et
1075 2194 1309 2227 Caramanum
1336 2196 1553 2240 alloquitur,
1578 2194 1663 2229 hinc
1689 2195 1760 2229 Co-

318 2246 462 2283 tyaeum
498 2241 617 2282 venit,
657 2248 693 2275 et
717 2253 797 2274 cum
835 2242 1023 2275 Carmiano
1055 2241 1099 2274 de
1124 2240 1252 2274 iisdem
1285 2241 1620 2283 habito·sermone,
1659 2242 1758 2287 ipsos

319 2298 398 2319 cum
434 2287 611 2320 militibus
649 2288 827 2332 Ephesum
862 2288 1048 2333 pertrahit.
1079 2287 1212 2320 hancce
1237 2297 1320 2321 vero
1347 2287 1441 2332 apud
1471 2298 1530 2320 eos
1559 2288 1759 2322 orationem

318 2333 456 2371 habuit.
483 2340 670 2370 „accurate
696 2335 843 2368 novistis
860 2341 995 2380 quanta
1021 2335 1148 2367 damna
1174 2334 1348 2367 Baiazites
1374 2333 1475 2367 vobis
1506 2335 1672 2368 intulerit
1694 2346 1759 2380 pa·-

319 2379 555 2424 rentibusque
593 2381 740 2424 vestris3
765 2392 855 2426 quos
889 2382 1020 2427 partim
1054 2380 1208 2421 occidit,
1242 2381 1371 2424 partim
1407 2380 1457 2413 eis
1483 2381 1601 2424 gulam
1625 2381 1757 2427 laqueo

306 2426 448 2470 fregit,
483 2427 633 2471 ipseque
667 2428 859 2461 monarcha
897 2428 999 2461 vobis
1037 2427 1148 2472 pulsis
1187 2426 1307 2459 evasit.
1343 2427 1638 2472 quandoquidem
1672 2438 1757 2462 vero

319 2473 429 2516 pestis
456 2474 520 2505 illa
544 2473 639 2506 iusto
665 2474 724 2506 dei
747 2474 883 2508 iudicio
907 2474 951 2507 de
976 2474 1094 2507 medio
1119 2473 1260 2506 sublata
1287 2479 1350 2514 est,
1376 2485 1449 2506 non
1477 2473 1668 2508 absorbeat
1690 2485 1757 2508 nos

319 2519 453 2563 aspidis
486 2520 622 2564 proles,
668 2520 732 2552 sed
755 2526 890 2565 quanto
921 2533 1027 2565 ocyus
1056 2526 1091 2553 et
1114 2520 1278 2552 alacriter
1303 2526 1411 2565 caput
1434 2520 1533 2553 illius
1557 2520 1757 2554 contunda-

319 2577 418 2606 mus,
460 2565 604 2611 quando
630 2567 790 2599 nondum
814 2568 910 2611 viget
933 2579 973 2600 ac
994 2567 1111 2607 valet,
1152 2577 1383 2611 securamque
1414 2567 1524 2599 vitam
1560 2568 1598 2600 in
1633 2572 1756 2612 poste-

321 2624 398 2644 rum
423 2622 599 2656 agamus.“
624 2613 700 2645 eius
714 2613 821 2646 verba
838 2626 915 2646 cum
934 2614 1132 2647 audiissent
1143 2613 1333 2658 principes,
1358 2613 1464 2646 utilia
1482 2613 1552 2646 sibi
1570 2624 1662 2658 quae
1677 2624 1755 2646 mo-

318 2664 447 2692 nuerat
483 2659 575 2699 rati,
614 2658 659 2691 ad
693 2669 788 2692 arma
812 2660 948 2702 ierunt3
984 2660 1130 2704 triginta
1154 2659 1308 2692 militum
1333 2659 1447 2692 millia
1472 2659 1623 2693 adduxit
1646 2659 1755 2693 Cara-

318 2716 464 2746 manus‚
492 2705 698 2738 Carmianus
724 2705 866 2747 decem,
904 2701 1062 2740 Cineites
1086 2706 1270 2751 quinque,
1296 2711 1332 2739 et
1357 2706 1487 2750 Ephesi
1515 2707 1753 2740 castrametati

318 2757 413 2788 tunt.
461 2752 707 2787 Musulmanus
730 2763 813 2788 vero
840 2754 947 2788 Prusa
971 2752 1168 2799 Lopadium
1190 2753 1300 2795 venit,
1324 2759 1360 2786 et
1383 2753 1421 2788 in
1445 2753 1602 2788 exercitu
1626 2753 1753 2798 viginti
