1884 3216
345 160 454 228 240
677 176 862 220 DUCAE
898 175 1184 219 Mnanms
1221 176 1444 221 NEPo‘ns

342 278 502 335 ὑπέστη
529 281 604 322 καί
643 281 759 337 δεινῇ
784 274 1027 334 περιστάσει
1054 275 1083 319 ὁ
1105 275 1207 331 ἐμὸς
1232 278 1371 334 πατήρ
1387 310 1401 331 ,
1429 274 1532 322 ὅταν
1551 284 1646 331 τοῖς
1662 276 1786 339 ’0390-

341 361 455 401 γροις
481 345 503 388 ὃ
550 343 749 398 βασιλεύς
790 342 1022 397 συνετέθη,
1054 341 1133 385 καῖ’
1151 341 1223 385 διοὶ
1251 346 1376 399 ξηρᾶς
1403 343 1599 396 ἐλθόντες
1622 347 1787 401 ἐκεῖνοι,

343 409 416 454 διὰ
443 411 662 465 θαλάσσης
689 408 766 459 τοὶς
794 409 877 451 τῶν
897 405 1102 464 Φράγκων
1114 408 1296 465 τριήρεις
1325 410 1370 451 ἐν
1395 408 1527 468 ταύτῃ
1543 412 1598 468 τῇ
1619 410 1789 468 Ἕλλησ-

342 474 475 535 πὸντῳ
503 474 677 532 ἠγάγετο
692 507 704 527 ,
750 473 824 516 καὶ
850 471 924 515 τὸν
963 471 1317 524 Καλλιουπόλεως
1359 475 1558 530 πορθμὸν
1594 477 1791 520 οἷποκλεί-

342 537 595 591 σαντεςοῦκ
619 541 785 582 ἐδίδουν
811 539 986 593 πορείαν
1022 540 1081 595 τῷ
1107 539 1195 596 ἐμῷ
1223 543 1372 595 πατρίς
1413 541 1576 596 α’ναβὰς
1603 537 1690 585 οὖν’
1714 540 1826 597 pat-5

343 623 419 662 χρι
443 609 516 649 τοῦ
542 603 664 648 τόπου
694 605 770 646 τοῦ
794 603 914 659 ἱεροῦ
941 603 1114 657 στομίου
1157 603 1302 659 ἐγγύς,
1331 604 1405 647 καί
1428 607 1476 649 ἐν
1502 608 1562 665 τῷ
1588 609 1790 667 πολιχνίῳ

217 677 254 712 Ρ.
271 672 368 716 1353
393 674 588 724 ἐδείματο
613 667 635 711 ὅ
674 667 813 724 πατὴρ
849 664 983 710 αὐτοῦ
995 700 1008 720 ,
1054 667 1135 711 σύν
1161 671 1351 720 ἀκατίοις
1372 670 1560 727 περάσας
1586 675 1694 714 θεοῦ
1718 673 1792 714 εύ-

344 739 578 784 δοκοῦντος.
643 736 716 776 καί
758 733 838 789 γὰρ
866 734 911 776 αἱ
935 733 1122 790 τριήρεις
1148 736 1223 776 τοῦ
1253 738 1459 788 βασιλέως
1483 737 1574 778 ἐκεῖ
1595 737 1794 780 κατεσκό-

342 817 470 844 πευον
497 801 573 842 τοῦ
590 800 777 841 κωλῦσαι
795 797 870 855 τήν
899 798 1110 852 διάβασιν·
1140 798 1221 854 ἐγώ
1241 801 1288 842 δὲ
1314 799 1532 857 ἐκαθήμην
1557 803 1794 858 ἐν’Λδρια-

343 865 542 910 νουπόλει
570 866 740 907 παιδίον
768 859 827 906 ὦν
845 894 857 916 ,
888 862 1158 918 ἐκδεχόμενος
1192 863 1271 920 τήν
1297 865 1379 907 τῶν
1407 862 1607 923 Οῧγγρων
1634 864 1790 925 ἄφιξιν·
1810 863 1858 914 ιο

344 930 383 973 οἱ
411 933 459 973 δὲ
491 925 675 985 Οὖγγροι
703 929 953 984 ἐλεηλάτουν
980 927 1032 970 τοὶ
1062 930 1182 984 πέριξ
1208 932 1283 985 τῆς
1310 928 1496 987 Βάρνης,
1523 933 1598 974 καί
1620 930 1794 986 ‹istaut-

342 994 442 1045 λεύς
478 997 730 1052 εύφραίνετο
749 1027 762 1049 ,
791 995 865 1036 καὶ
890 993 938 1036 τὸ
979 996 1063 1036 τῶν
1090 993 1447 1048 Μουσουλμοίνων
1471 998 1588 1052 γένος
1612 999 1794 1054 ἐδυσφό·

343 1077 433 1116 ρει,
467 1062 540 1103 καί
573 1061 611 1103 οἱ
639 1059 888 1115 καβούριδες
917 1058 1145 1116 ἐχαίροντο.
1202 1058 1296 1102 τότε
1327 1058 1348 1102 ὃ
1379 1059 1480 1114 ἐμὸς
1506 1062 1692 1117 περάσας
1718 1078 1795 1117 με-

342 1127 394 1170 ui
423 1125 598 1175 πολλούς
647 1124 746 1175 τοὺς
782 1126 1001 1175 κινδύνους
1037 1121 1175 1178 α’ίμοσε
1223 1127 1301 1167 τοῦ
1339 1129 1514 1182 ποιῆσαι
1541 1128 1793 1185 καταντικρύ,

342 1193 420 1236 τοῦ
466 1191 676 1247 φρουρίου
716 1192 795 1232 τοῦ
833 1191 1021 1243 κειμένου
1058 1188 1161 1245 πρὸς
1189 1190 1398 1246 α’νατολήν
1421 1194 1560 1249 ἕτερον
1588 1194 1796 1250 φρούριον
1813 1199 1861 1242 ι5

343 1255 449 1310 πρὸς
496 1256 632 1298 δύσιν.
702 1257 856 1304 ἐκεῖνος
893 1255 969 1296 οὔκ
1007 1252 1172 1311 ἔφθασε
1210 1257 1286 1296 τοῦ
1313 1259 1509 1310 ποιῆσαι·
1566 1257 1648 1313 ἐγώ
1674 1259 1796 1301 τοῦτο

344 1324 483 1375 με’λλω
512 1323 685 1374 ποιῆσαι
712 1321 819 1362 θεοῦ
846 1319 1121 1374 α’ρωγοῦντος.
1174 1319 1220 1362 τί
1241 1336 1296 1373 με
1321 1321 1526 1375 κωλύετε,·
1553 1321 1584 1380 ἢ
1613 1325 1690 1365 ου’κ
1709 1321 1798 1376 ἔξεο

307 1400 415 1433 Βστι
446 1387 619 1441 ποιῆσαι
644 1387 689 1427 ἐν
714 1391 802 1434 τοῖς
829 1386 945 1438 ἐμοῖς
975 1384 1000 1425 ὃ
1027 1383 1260 1439 βούλομαι;
1291 1387 1528 1441 α’πέλθατε,
1572 1387 1713 1431 εἴπατε
1739 1391 1801 1446 τῷ

347 1455 536 1506 βασιλεῖ·
592 1447 614 1492 ὅ
642 1452 715 1493 νῦν
746 1448 914 1506 ἡγεμών
942 1450 1018 1491 οὐκ
1046 1449 1137 1492 ἔστι
1162 1452 1245 1493 τῶν
1270 1448 1414 1506 πρώην
1441 1449 1606 1505 ὅμοιος·
1663 1453 1693 1495 ἃ
1724 1455 1798 1496 ου’κ

347 1516 552 1572 ἠδύναντο
594 1518 743 1560 ἐκεῖνοι
771 1518 971 1571 ποιῆσαι,
1010 1511 1128 1566 οὗτος
1155 1516 1238 1557 ὑπὸ
1269 1515 1344 1572 τὴν
1364 1522 1490 1571 χεῖρα
1518 1519 1593 1560 καί
1617 1518 1799 1568 εὐκόλως
1810 1537 1863 1564 20

348 1580 439 1636 ἔχει
477 1584 548 1623 τοῦ
586 1584 743 1637 πρᾶξαι
765 1613 777 1635 ,
827 1583 900 1622 καί
925 1579 953 1622 ἃ
979 1581 1056 1622 οὐκ
1087 1580 1305 1632 ἐβούλοντο
1331 1583 1502 1637 ἐκεῖνοι,
1535 1578 1654 1634 οὗτος
1680 1587 1800 1627 θέλει

349 1646 423 1689 καί
448 1646 656 1700 βούλεται.
716 1648 790 1688 καί
815 1645 837 1687 ὅ
870 1644 1007 1688 ἐλθών
1036 1645 1117 1687 α’πὸ
1143 1647 1221 1688 τοῦ
1247 1649 1323 1688 νῦν
1353 1648 1470 1690 ἓνεκα
1495 1650 1567 1703 τῆς
1593 1646 1801 1692 ὑποθέσε-

352 1727 408 1760 ως
450 1711 603 1768 ταύτης
642 1709 980 1768 ἀφαιρεθήσεται
1018 1709 1096 1766 τὴν
1128 1711 1292 1767 δ“οράν.”
1349 1710 1389 1754 οἱ
1418 1713 1465 1755 δὲ
1491 1715 1570 1755 τοῦ
1593 1717 1801 1768 βασιλέως

352 1912 440 1947 pore
464 1898 591 1934 foedus
621 1911 701 1933 cum
714 1899 890 1943 Hungaris
910 1899 1103 1944 imperator
1126 1899 1273 1944 pepigit.
1305 1899 1345 1933 hi
1370 1900 1454 1934 (lum
1482 1907 1577 1935 terra
1600 1909 1800 1947 moverunt,

352 1948 504 1981 navibus
529 1948 602 1980 suis
626 1947 754 1979 Franci
778 1947 1051 1990 Hellespontum
1078 1957 1191 1990 usque
1215 1948 1375 1991 provecti
1402 1953 1496 1990 sunt,
1522 1954 1560 1982 et
1579 1949 1800 1996 callipoleos

352 1996 446 2028 freto
470 1995 658 2039 praecluso
683 1999 821 2037 patrem
847 2004 966 2025 meum
989 1993 1144 2025 transitu
1175 2000 1384 2036 arcuerunt3
1423 1996 1487 2040 qui
1527 1998 1711 2040 superiora
1745 1998 1801 2032 lo·-

353 2053 393 2073 ca
426 2042 553 2086 petiit,
589 2046 625 2074 et
657 2039 703 2073 ad
736 2045 888 2072 castrum
919 2050 938 2071 a
963 2045 1064 2083 patre
1091 2050 1155 2071 suo
1179 2050 1291 2084 prope
1316 2041 1446 2074 ostium
1477 2053 1613 2075 sacrum
1638 2050 1802 2077 constru-

314 2119 316 2121 ,
353 2094 449 2122 ctum
474 2088 592 2127 venit,
631 2087 695 2119 ubi
723 2086 869 2126 acatiis,
905 2086 1066 2130 quamvis
1106 2086 1181 2118 illic
1206 2087 1458 2131 imperatoriae
1482 2090 1645 2122 triremes
1670 2091 1802 2124 transi-

352 2141 430 2168 tum
464 2133 704 2179 impediturae
746 2133 936 2165 stationem
975 2131 1171 2173 haberent,
1207 2132 1275 2165 deo
1308 2134 1450 2167 favente
1485 2136 1637 2169 traiecit.
1671 2147 1736 2181 per
1762 2137 1801 2170 id

354 2185 494 2225 tempus
524 2181 772 2224 hungarorum
801 2179 1012 2219 adventum,
1038 2179 1254 2223 quiVarnae
1278 2180 1395 2212 vicina
1419 2181 1497 2213 loca
1521 2182 1801 2227 populabantur,

355 2233 546 2272 expectans
585 2238 675 2271 puer
711 2227 897 2259 etiamtum
931 2224 1167 2268 Adrianopoli
1196 2225 1378 2269 degebam.
1406 2232 1443 2260 at
1467 2227 1662 2272 imperator
1686 2230 1802 2264 laetus

356 2273 561 2313 exultabat,
597 2278 634 2306 et
661 2278 766 2317 gente
793 2272 1103 2305 Musulmanorum
1145 2272 1324 2304 aerumnis
1349 2276 1470 2317 presssa
1496 2274 1688 2308 Cavurides
1715 2287 1803 2320 gau-

358 2320 502 2353 debant.
545 2320 658 2351 multa
692 2324 776 2363 post
806 2318 966 2363 pericula
1005 2317 1186 2350 exantlata
1212 2324 1379 2362 superato
1407 2319 1519 2360 freto,
1545 2321 1677 2355 iuravit
1700 2329 1803 2367 pater

357 2377 457 2400 meus
491 2371 645 2398 castrum
679 2365 780 2398 aliud
814 2376 852 2397 se
881 2365 1116 2398 excitaturum
1140 2365 1178 2396 in
1203 2364 1418 2398 occidentali
1444 2366 1588 2408 littore,
1613 2379 1632 2400 e
1655 2370 1802 2413 regione

359 2413 435 2445 eius
462 2411 559 2457 quod
588 2412 626 2445 in
665 2412 834 2445 orientali
868 2412 1025 2456 positum
1054 2416 1118 2443 est.
1143 2416 1283 2454 tempus
1308 2411 1363 2443 ini
1389 2411 1435 2444 ad
1460 2412 1499 2445 id
1524 2423 1612 2457 opus
1644 2427 1717 2448 non
1742 2428 1803 2448 su-

357 2459 512 2504 perfuit,
547 2458 646 2502 quod
677 2470 774 2491 nunc
806 2457 864 2490 dei
899 2469 968 2502 ope
1001 2456 1145 2490 adiutus
1179 2457 1374 2500 aggredior.
1409 2469 1471 2491 cur
1501 2461 1655 2494 vetatis?
1681 2474 1802 2495 nonne

357 2505 448 2538 mihi
473 2505 560 2537 licet
583 2505 621 2537 in
646 2504 785 2538 ditione
808 2515 887 2536 mea
908 2503 1007 2549 quod
1033 2503 1183 2536 libuerit
1208 2503 1350 2537 facere?
1377 2503 1485 2538 abite.
1515 2506 1722 2551 imperatori
1748 2514 1803 2542 ta-

358 2553 409 2585 lia
447 2551 624 2583 nuntiate.
661 2563 741 2583 cum
772 2550 862 2591 hoc,
903 2551 967 2595 qui
994 2561 1090 2583 nunc
1131 2555 1274 2593 regnat,
1317 2550 1479 2595 principe
1503 2552 1706 2587 decessores
1726 2555 1804 2589 eius

361 2597 601 2642 componendi
627 2608 699 2631 non
724 2603 827 2639 sunt3
854 2608 947 2641 quae
961 2607 1034 2629 non
1058 2601 1254 2640 potuerunt
1269 2596 1325 2628 illi
1350 2604 1550 2640 praestare,
1571 2606 1735 2646 prompte
1764 2613 1805 2635 ac

362 2645 468 2679 facile
505 2644 676 2688 perficere
710 2643 769 2676 hic
805 2649 943 2688 potest:
984 2653 1078 2687 quae
1102 2642 1316 2683 uoluerunt,
1343 2644 1448 2676 valde
1471 2646 1558 2677 vult.
1587 2647 1806 2692 quicumque

361 2702 446 2725 vero
471 2690 641 2734 deinceps
669 2690 887 2734 legationem
918 2689 987 2722 hac
1012 2688 1058 2722 de
1086 2699 1123 2722 re
1155 2688 1312 2729 obierit,
1342 2690 1376 2721 ei
1400 2691 1482 2724 vivo
1507 2692 1612 2736 pellis
1637 2693 1805 2727 detrahe-

363 2744 455 2773 tur-‘¹
483 2736 592 2782 legati
619 2736 684 2770 ubi
721 2747 892 2782 responsa
930 2735 1073 2780 tyranni
1103 2735 1191 2768 iram
1221 2740 1259 2769 et
1278 2735 1435 2771 furorem
1461 2738 1633 2784 spirantia
1658 2751 1806 2786 aecepe-
