1950 3198
334 170 395 235 vi
567 193 894 235 mmmm
933 193 1162 234 maxum
1204 192 1521 233 PRAEFATlo.

336 298 438 346 dici
473 296 774 356 defuerunt,
817 294 978 345 codici
1022 294 1236 345 debetur
1275 295 1521 364 pleniori,
1568 294 1766 345 homini

333 398 526 442 autem,
568 385 662 433 nisi
699 383 874 438 fallor,
911 385 1130 436 Veneto,
1166 382 1372 443 clerico,
1407 382 1576 431 Latini
1607 399 1763 450 quam

333 485 424 522 aut
453 472 633 521 Graeci
680 484 771 520 aut
801 471 878 519 sui
918 470 1160 518 sermonis
1191 470 1449 538 peritiori,
1481 472 1522 520 si
1554 471 1765 539 quidem

332 562 648 610 Venetorum
683 559 771 608 vel·
795 557 916 605 civis
949 557 1040 605 vel-
1068 539 1413 627 cliensfuerit
1443 575 1634 608 necesse
1667 573 1764 618 est,

298 646 424 712 'qui
477 648 718 695 Senatum
769 644 1125 712 Populumque
1177 646 1433 695 Venetum
1495 663 1764 714 nunquam

332 734 428 781 nisi
463 731 964 782 honorificentissime
995 732 1265 800 appellat,
1291 731 1463 801 turpia
1495 732 1604 782 eius
1633 733 1764 782 sacta

330 833 420 869 aut
461 820 572 869 silet
617 831 708 868 aut
751 818 980 886 oratione
1014 818 1137 885 tegit
1176 816 1245 886 (p.
1264 817 1403 881 450),
1448 820 1766 887 magistratus

330 908 502 958 Ducae
551 907 716 956 obiter
759 899 1058 955 memoratos
1103 894 1284 954 diserte
1317 906 1549 956 nominat
1579 903 1762 970 (408),

330 994 686 1042 Genuensibus
734 991 991 1054 maledicit
1033 990 1207 1055 (432),
1245 992 1470 1059 sacerdos
1509 1005 1680 1042 autem
1714 1006 1774 1045 et*

331 1081 502 1129 bibliis
518 1081 710 1137 Latinis
742 1078 988 1141 assiduus,
1022 1079 1114 1149 qui
1143 1080 1412 1129 sententias
1444 1078 1564 1138 inde
1597 1079 1763 1129 decer-

331 1182 440 1237 ptas
472 1169 607 1216 ultra
638 1158 848 1217 modum
876 1153 1116 1239 Ριόἁιιοὶὶ
1148 1179 1198 1215 et
1228 1157 1508 1215 seimonem
1525 1168 1763 1218 Italicum

330 1257 522 1305 Latinis
566 1254 782 1306 subinde
826 1254 1086 1323 particulis
1118 1266 1169 1303 et
1212 1254 1555 1305 locutionibus
1587 1254 1764 1305 distin-

330 1345 455 1409 guit.
500 1340 636 1392 idem
668 1343 709 1392 si
742 1344 932 1392 Graece
974 1354 1024 1391 et
1056 1341 1229 1392 ltalice
1265 1342 1422 1410 probe
1455 1354 1639 1402 nosset,
1669 1361 1764 1410 nec

335 1444 409 1480 tot
452 1432 584 1481 locos
623 1443 713 1480 aut
760 1436 912 1498 prave
945 1429 1209 1497 accepisset
1249 1441 1340 1478 aut
1381 1427 1661 1479 ridiculum
1706 1431 1764 1481 in

334 1518 543 1567 modum
585 1518 899 1586 pervertisset
930 1516 1063 1580 (vide
1103 1516 1254 1566 modo
1289 1535 1337 1591 Ρ.
1373 1520 1473 1580 446
1513 1529 1566 1566 et
1607 1515 1763 1579 508),

334 1625 425 1655 nec
470 1590 651 1683 Graeci
693 1606 988 1682 exemplaris
1034 1605 1322 1655 barbaliem
1366 1605 1468 1655 suis
1501 1605 1763 1679 idiotismis

330 1683 597 1762 aequasset.

528 1780 682 1830 Ξειίῑ).
719 1781 940 1833 Berolini
975 1780 1046 1830 Id.
1082 1784 1192 1830 Iun.
1228 1799 1270 1829 a.
1312 1783 1446 1831 1833.
