1916 3210
424 192 636 237 ιτΑιιοΕ
675 193 1008 236 mmmmm:
1047 170 1296 236 iN'cER'ro.
1491 174 1601 232 365

148 294 204 345 Et
216 292 332 346 tanto
347 295 416 342 ern
439 291 619 337 indu'rito
650 296 686 335 el
706 310 778 336 cor
798 295 847 335 de
875 295 1059 336 cadeuno
1082 295 1156 336 che
1178 309 1261 334 non
1287 289 1333 335 fo'
1353 293 1529 335 barbaro
1555 297 1604 336 ne

143 347 283 392 Greeo
307 351 383 392 che
413 351 467 392 de
495 353 600 402 tanti
628 350 724 390 mali
759 353 926 391 havesse
969 351 1182 407 cordogiio
1214 353 1264 390 ne
1294 353 1599 405 compassione.

147 404 353 461 vedendo
379 407 497 452 adun
518 422 570 448 ue
599 407 874 447 Cathacusino
897 407 943 447 ‘la
975 407 1154 448 ostinata
1181 406 1378 447 crudelita
1404 405 1497 446 dela
1526 408 1604 447 im-

178 462 358 516 exntxioe
386 461 485 503 etd
550 477 627 504 suo
656 462 892 516 conseglio,
926 463 1111 503 vedendo
1145 463 1211 503 far
1239 469 1357 502 tanto
1386 464 1529 502 stratio
1560 463 1602 503 di

150 561 152 563 ‚
183 515 268 559 reci
286 517 539 573 cheseguiva
556 518 594 558 la
616 533 688 558 sua
709 525 843 572 parte,
867 519 1152 559 recordantese
1171 517 1260 558 dele
1280 532 1404 573 grave
1432 533 1602 558 rezevu-

146 578 189 627 te
221 572 394 624 inim-ie,
441 573 661 614 indurante
706 574 743 614 el
783 589 855 614 cor
882 589 957 614 suo
978 605 990 626 ‚
1018 575 1145 628 penso
1173 573 1239 614 nel
1266 589 1340 614 suo
1374 575 1511 614 animo
1541 588 1603 614 se-

142 627 238 683 quir
261 626 398 683 quella
437 630 504 669 via
545 644 620 684 per
649 629 688 669 la
728 630 848 684 quale
884 645 952 678 era
992 630 1142 670 andata
1171 629 1211 669 la
1238 629 1523 684 imperatrice,
1559 637 1603 670 el:

143 681 326 737 perdere
365 685 467 724 tutti
497 683 526 724 li
553 685 716 726 Romei.
790 686 846 725 Et
875 683 1015 725 sacto‘t
1043 687 1233 740 pensiero
1250 714 1261 736 ,
1290 699 1400 739 poco
1428 685 1604 725 demoro

141 736 425 787 „cIne’Lmandb
455 740 505 779 ad
535 741 701 781 effecto.
730 741 787 781 Et
816 741 967 780 maudo
998 742 1048 780 ad
1079 741 1247 780 Orchan
1278 755 1360 781 uno
1397 741 1604 795 prudente

142 793 434 846 auxiliandum,
463 795 501 835 el
531 798 652 853 qnale
677 810 754 850 per
785 811 860 837 suo
894 811 1015 836 nome
1045 796 1073 836 li
1105 797 1270 836 havesse
1298 796 1348 836 ad
1374 796 1604 836 domandar

0 862 18 881 θ’
79 890 87 902 s
143 850 274 898 tinto,
309 856 352 890 et
380 849 561 892 facesseli
595 852 805 892 intendere
833 867 949 892 come
978 859 1020 892 et
1051 859 1208 907 quanto
1239 867 1308 892 era
1338 859 1447 892 stato
1476 852 1603 894 offeso

141 903 244 950 dani
278 905 429 957 Greci,
459 913 502 947 et
530 921 648 948 come
676 908 735 947 lui
763 908 857 948 (1310
886 908 1123 961 imperador
1151 907 1393 948 Andronico
1424 922 1493 947 era
1521 915 1605 948 sta-

142 967 189 1000 to
218 959 368 1002 lassato
400 964 679 1004 commissario
710 963 760 1003 de
802 963 1002 1017 l’imperio
1039 970 1081 1004 et
1115 963 1180 1003 del
1210 978 1284 1003 suo
1332 963 1402 1003 fiol
1431 964 1601 1014 Zuuue,

141 1022 186 1056 et
213 1030 332 1057 come
371 1031 447 1071 per
482 1019 638 1060 invidia
680 1033 748 1058 era
787 1026 897 1059 stato
939 1019 1152 1059 descazato
1184 1019 1277 1058 dala
1306 1021 1605 1070 commissario,

141 1077 185 1112 et
213 1073 359 1127 quanti
386 1079 430 1114 et
461 1074 573 1129 quali
612 1073 708 1114 delli
749 1076 811 1115 soi
840 1077 1051 1115 necessarii
1078 1081 1126 1115 ‘et
1151 1075 1382 1129 propinqui
1410 1075 1604 1127 indegna·

140 1134 279 1168 mente
305 1142 433 1169 erano
473 1131 572 1170 stati
599 1132 759 1170 morti:
802 1137 844 1170 et
874 1144 916 1170 se
944 1131 985 1170 in
1021 1137 1166 1185 questa
1192 1143 1265 1169 sua
1295 1132 1547 1170 necessitade
1578 1130 1607 1171 li

138 1184 247 1223 vora
273 1190 458 1238 prestare
484 1185 521 1226 el
548 1200 624 1226 suo
665 1185 832 1225 braccio
864 1185 912 1224 e’l
942 1200 1017 1226 suo
1049 1185 1231 1225 aiutorio
1250 1215 1262 1236 ‚
1292 1185 1351 1225 lui
1383 1185 1412 1225 li
1439 1186 1538 1225 dara
1567 1185 1606 1225 la

138 1237 295 1293 figliola
335 1254 412 1294 per
447 1254 520 1281 sua
561 1255 684 1296 sposa
703 1270 715 1292 ,
756 1247 798 1281 et
841 1246 959 1281 tanto
999 1240 1063 1280 del
1090 1255 1166 1280 suo
1197 1240 1369 1281 thesoro
1397 1242 1448 1280 in'*
1473 1242 1603 1292 dota,

141 1301 301 1350 quanto
330 1309 374 1335 se
402 1310 612 1351 convenga
639 1295 704 1336 ala
733 1296 887 1350 grande
908 1310 979 1336 sua
1008 1297 1273 1347 conditione,
1305 1310 1470 1350 apresso
1499 1311 1606 1336 sem-

132 1363 219 1406 'pre
248 1348 429 1390 l'havera
456 1366 533 1406 per
560 1367 635 1392 suo
665 1366 765 1392 caro
793 1351 917 1399 fiolo,
950 1358 993 1391 et
1021 1353 1064 1390 in
1092 1358 1202 1391 tutta
1231 1348 1272 1390 la
1300 1366 1372 1391 sua
1402 1353 1489 1391 vila
1517 1366 1606 1392 ser-

138 1418 187 1444 ra
219 1403 468 1447 obhediente
497 1406 576 1447 3113
603 1422 676 1448 soa
703 1407 944 1450 volontade.
1003 1406 1262 1460 Exponendo
1282 1406 1325 1446 lu
1355 1406 1605 1447 ambaxado-

139 1474 188 1501 re
218 1459 259 1501 la
285 1475 360 1501 sua
391 1461 622 1514 imbaxnta,
653 1460 836 1503 Orcham
863 1469 978 1502 stava
1004 1477 1083 1502 con
1107 1463 1262 1516 grande
1293 1464 1523 1503 attentione
1551 1464 1604 1503 ad

140 1512 291 1568 aldire,
322 1531 402 1557 con
424 1517 474 1561 vla
499 1518 634 1558 hocca
665 1525 837 1572 aperta,
868 1525 910 1558 et
939 1518 1255 1558 maximamente
1285 1518 1349 1557 ala
1381 1525 1501 1572 parte
1530 1519 1603 1558 de-

139 1570 180 1612 la
207 1585 329 1627 sposa
367 1579 409 1613 et
439 1572 548 1613 della
591 1573 723 1624 dota,
755 1587 873 1613 come
913 1573 951 1612 el
978 1574 1035 1613 bo
1065 1575 1256 1613 scitiente
1298 1574 1349 1613 de
1377 1581 1506 1614 estate
1535 1574 1603 1614 001

138 1641 244 1682 capo
290 1627 399 1668 nella
433 1628 543 1669 fossa
586 1628 691 1668 delle
722 1643 828 1683 aque
855 1635 1018 1669 recente
1045 1644 1131 1669 non
1161 1644 1203 1669 se
1232 1630 1334 1668 satia
1362 1629 1412 1669 de
1442 1626 1603 1670 bevere.

138 1683 252 1724 Souo
282 1683 417 1738 quelle
456 1691 572 1724 zente
616 1683 787 1724 bestiale
813 1685 979 1739 perdite
1007 1690 1048 1724 et
1079 1699 1301 1724 summerse
1329 1684 1412 1724 inla
1443 1684 1602 1725 luxuria
1614 1696 1660 1740 34

139 1727 330 1780 uaffirale
357 1746 400 1780 et
439 1747 587 1780 contra
619 1747 795 1791 natura,
843 1754 920 1779 con
951 1739 1100 1780 femine
1135 1747 1178 1780 et
1207 1755 1287 1780 con
1318 1741 1497 1787 maschi‚
1529 1756 1602 1780 an-

139 1794 217 1835 ehe
245 1809 324 1835 con
351 1795 497 1841 bestie,
527 1795 679 1850 perche
708 1795 758 1834 de
790 1795 860 1834 dio
891 1809 976 1834 non
1005 1795 1118 1835 hano
1153 1810 1282 1849 paura
1310 1797 1362 1834 ne
1394 1811 1604 1851 vergogna

139 1849 207 1890 del
234 1850 404 1892 mundo.
460 1851 518 1890 Et
546 1865 588 1891 se
615 1850 887 1902 advienesshe
915 1865 958 1890 se
991 1866 1200 1905 azungano
1225 1866 1305 1890 con
1335 1852 1482 1890 femine
1504 1855 1603 1891 Gre-

141 1919 189 1945 00
215 1919 241 1946 0
271 1906 418 1949 Latine
448 1919 473 1945 o
507 1905 558 1946 de
589 1905 694 1946 altra
724 1907 894 1946 natione
916 1905 1166 1955 Christiana,
1202 1921 1281 1945 con
1313 1913 1430 1946 tanta
1461 1907 1603 1946 brama

138 1959 178 2001 le
218 1960 413 2001 abbrazza
455 1975 574 2001 come
611 1975 656 2002 se
699 1961 804 2001 fosse
839 1962 1002 2001 Venere
1032 1975 1057 2000 o
1088 1962 1324 2015 Cupidine3
1358 1962 1602 2002 abhorrenti

140 2015 246 2056 delle
284 2016 434 2057 femine
483 2015 589 2056 della
629 2031 701 2056 sua
733 2018 890 2070 patria,
933 2030 1052 2056 come
1076 2017 1242 2056 fosseno
1279 2031 1372 2057 orse
1402 2032 1427 2056 o
1456 2018 1603 2071 despe-

138 2079 255 2112 ctose
290 2074 406 2127 tigre.
478 2073 616 2113 Inteso
662 2072 852 2126 adunque
894 2072 1060 2111 Orchan
1105 2072 1200 2111 (1310
1241 2072 1514 2113 ambaxadore
1552 2073 1604 2113 de

139 2127 416 2168 Cathacusino
446 2127 522 2168 che
550 2128 589 2167 13
618 2127 804 2168 donzella
835 2142 904 2167 era
931 2127 1040 2167 bella
1069 2134 1111 2167 et
1140 2127 1180 2166 la
1209 2127 1311 2168 dota
1341 2129 1497 2181 grande
1515 2159 1524 2176 ‚
1561 2136 1603 2169 et

138 2184 322 2224 rezevuti
345 2183 373 2223 li
395 2183 524 2223 ricchi
554 2183 653 2223 doni
681 2173 862 2223 manda'ti
891 2198 1007 2223 come
1034 2184 1188 2237 pegni:
1222 2190 1264 2223 et
1287 2183 1464 2238 preludii
1492 2183 1603 2234 ,delle

137 2239 276 2280 flature
323 2254 449 2284 noze,
478 2253 555 2279 con
585 2238 752 2279 vinculo
783 2238 1063 2278 indissolubile
1089 2238 1140 2278 de
1172 2242 1416 2279 sacramenti
1443 2239 1528 2279 dati
1559 2247 1602 2280 et

139 2295 324 2335 recevuti
353 2302 417 2334 tra
439 2295 558 2340 loro,
591 2294 759 2350 accepto
794 2294 833 2333 la
863 2293 1138 2347 promissione
1169 2293 1275 2334 delia
1305 2294 1450 2335 offerta
1478 2309 1598 2349 sposa

137 2350 244 2390 colla
272 2352 486 2392 nominata
529 2351 629 2390 dota
650 2381 662 2401 ‚
703 2350 1035 2403 promectendoli
1072 2349 1186 2403 perla
1214 2365 1286 2390 sua
1311 2358 1433 2404 parte
1462 2347 1537 2390 chi:
1570 2352 1599 2392 li

137 2407 247 2446 saria
278 2420 439 2461 sempre
479 2406 593 2446 bono
643 2421 789 2446 zenero
832 2413 870 2445 et
915 2405 1081 2445 haveria
1110 2405 1383 2446 Cathacusino
1415 2421 1491 2461 per
1520 2421 1597 2447 suo

136 2475 283 2502 socero
317 2469 359 2502 et
401 2461 609 2502 honorato
650 2469 799 2515 patre,
830 2469 870 2501 et
900 2460 940 2500 in
971 2460 1011 2500 la
1035 2468 1224 2514 presente
1248 2476 1321 2502 sua
1351 2463 1526 2516 impresa
1555 2471 1598 2503 et

135 2517 179 2556 in
207 2523 317 2557 tutte
359 2516 462 2558 altre
491 2532 563 2558 sue
612 2517 858 2557 necessitade
890 2524 929 2556 et
954 2516 1114 2569 bisogni
1142 2532 1221 2557 con
1249 2524 1356 2557 tutte
1384 2532 1455 2558 sue
1484 2518 1597 2559 forze

135 2570 166 2611 li
207 2573 314 2612 seria
351 2588 510 2627 sempre
539 2579 678 2627 presto
706 2581 746 2612 et
774 2579 929 2627 pronto
959 2573 1000 2611 in
1032 2573 1230 2623 aiutorio,
1263 2587 1380 2613 come
1410 2589 1485 2613 suo
1517 2574 1596 2615 ob-

105 2666 110 2671 ,
136 2626 326 2668 bediente
369 2628 550 2682 figiiolo3
586 2629 814 2668 solamente
853 2627 927 2668 che
956 2627 986 2667 li
1030 2628 1242 2669 mandasse
1271 2628 1310 2668 la
1339 2629 1490 2683 figiiola
1517 2644 1596 2683 per

138 2695 210 2722 sua
237 2698 358 2737 sposa
387 2699 467 2724 con
506 2685 544 2724 la
575 2684 841 2736 impromessa
871 2683 970 2723 dota
1000 2684 1139 2724 avanti
1165 2683 1205 2724 la
1233 2687 1421 2739 proxima
1451 2691 1593 2725 estate.

138 2737 296 2788 Questo
341 2754 491 2793 sporco
534 2746 576 2780 et
613 2740 826 2794 illegitimo
864 2738 1132 2779 matrimonio
1177 2740 1219 2779 fo
1252 2740 1360 2780 facto
1391 2740 1458 2780 del
1487 2754 1597 2779 mese

137 2791 188 2832 de
220 2793 396 2838 zenam.
469 2796 522 2836 Et
560 2796 646 2835 cos]
675 2795 806 2835 molto
849 2795 1058 2835 honorato
1089 2801 1130 2835 et
1160 2803 1365 2836 acarezato
1398 2796 1594 2836 remandi)
