1916 3210
303 137 418 206 416
776 154 959 198 110οΑ11
994 155 1254 199 ms‘mmA

300 258 362 298 soi
394 255 533 326 figlioli
557 285 570 309 ,
600 255 644 296 di
670 248 788 311 quali
813 270 896 296 uno
921 269 991 295 era
1018 255 1070 296 de
1095 262 1220 309 seue,
1248 257 1382 298 l'altro
1413 256 1466 298 (10
1493 264 1595 303 octo,
1611 258 1753 312 aunt-4⁴⁷

301 309 456 353 ord'eno
486 311 562 352 che
587 310 616 351 li
642 311 854 351 mandasse
886 311 938 350 ad
957 311 1156 351 Emanuel
1184 313 1439 367 imperadore
1465 312 1507 353 di
1535 315 1674 363 Greci,
1688 315 1752 355 ”ab

302 368 399 422 qual
443 381 559 407 come
599 373 810 420 protector
845 371 885 404 et
922 367 1196 407 commissario
1236 367 1287 408 de
1332 368 1461 422 questi
1490 367 1558 408 (101
1591 369 1754 410 minori·

299 423 453 463 lassava
491 422 531 461 la
573 435 674 461 cura
719 420 768 460 e’l
802 433 1003 472 governo‚
1054 428 1229 462 temente
1258 423 1287 462 il
1315 423 1489 463 sollicito
1517 423 1638 477 patre
1664 423 1749 465 ohe

299 479 440 518 Morat
482 490 555 516 sno
586 489 721 514 mazor
751 474 901 527 figliolo
939 489 1021 515 non
1051 478 1317 530 strangulasse
1344 478 1370 517 li
1399 477 1545 518 fratelli
1572 480 1741 530 minori,

300 546 415 572 come
442 532 464 571 ὲ
493 531 521 570 11
552 537 730 570 costume
760 529 812 569 de
841 529 976 583 quella
1006 533 1262 584 generatione
1287 532 1494 582 adultera,
1529 533 1750 573 confidam-¹

298 587 394 627 dose
421 586 606 639 adunque
635 583 889 624 Mechemeth
918 584 1010 636 che,
1039 586 1073 624 si
1093 600 1205 626 come
1223 588 1281 626 lui
1307 588 1507 628 morendo
1533 587 1638 628 bene
1666 587 1753 628 ha&

298 655 375 682 vea
413 641 602 681 ordinato
635 638 664 679 li
692 639 843 691 posteri
871 646 914 680 et
942 640 978 680 le
1013 654 1104 680 cose
1133 641 1199 682 del
1226 656 1300 681 suo
1327 643 1502 694 ducato,
1531 642 1614 682 cos'l
1637 642 1666 682 li
1692 643 1754 682 fi-'

299 697 410 751 glioli
435 694 613 735 vivendo
641 694 748 748 dopo
778 694 817 734 la
841 709 915 735 sua
944 703 1079 735 morte
1108 697 1150 735 in
1178 711 1276 749 pace
1303 703 1414 737 stare
1432 697 1669 737 dovesseno.
1698 698 1741 737 Ο

298 752 424 791 menti
451 750 494 790 di
517 749 679 789 mortali
710 751 849 803 ignare
878 749 985 790 delle
1011 764 1101 790 cose
1132 751 1288 792 future!
1347 752 1524 792 Nissuno
1554 750 1742 792 ardischa

298 805 444 845 alcuna
478 819 572 844 cosa
615 805 700 844 fare
739 812 883 845 contra
922 804 963 844 la
990 805 1248 858 dispositione
1290 805 1427 846 fatale.
1495 807 1677 847 Pensava
1702 807 1741 847 el

297 861 430 900 ducha
458 859 712 899 Mechemeth
741 859 837 908 che,
867 874 912 900 se
942 859 972 899 li
1000 860 1068 899 doi
1097 861 1155 900 soi
1183 862 1338 900 minori
1364 860 1502 916 figlioli
1531 876 1576 902 se
1601 868 1753 902 trevae

299 929 403 955 rano
437 916 480 954 in
508 915 546 954 le
573 929 692 955 mane
720 914 771 954 de
798 914 842 954 lu
871 914 1138 969 impet-adpre,
1167 917 1205 956 el
1232 916 1335 956 duca
1361 918 1494 957 Mon-at
1517 917 1754 957 remaneria·

297 970 464 1024 pacifico
493 971 634 1024 signor
662 969 712 1009 de
739 969 872 1010 tutto’l
900 984 975 1010 suo
999 970 1173 1022 ducam,
1202 978 1242 1011 et
1271 971 1299 1010 li
1326 971 1476 1010 subditi
1505 971 1603 1012 tutti
1631 984 1656 1011 a
1682 970 1757 1011 lui·

298 1026 455 1065 (1313110
486 1024 666 1078 plenaria
694 1025 952 1068 obhedientia
971 1053 983 1076 ‚
1020 1039 1106 1065 non
1134 1024 1301 1065 haventi
1339 1025 1431 1065 altri
1462 1041 1486 1065 a
1514 1025 1589 1066 chi.
1608 1038 1754 1080 110850--

299 1095 354 1120 110
383 1079 616 1134 confugere,
649 1086 688 1119 et
717 1093 790 1133 pei·
819 1088 962 1134 questa
986 1081 1053 1120 via
1079 1079 1108 1119 li
1135 1079 1273 1133 figlioli
1303 1082 1464 1120 menori
1491 1081 1755 1135 suggierianoss

298 1135 337 1175 la
368 1135 542 1189 iniquita
574 1134 626 1174 da
653 1133 693 1174 13
724 1143 885 1183 morte,
934 1142 974 1174 et
1012 1133 1105 1174 dalo
1133 1135 1384 1188 imperadore
1423 1149 1506 1175 non
1535 1136 1564 1175 li
1591 1136 1744 1176 havera

298 1191 545 1230 amanchare
585 1188 625 1229 la
652 1190 842 1229 necessita
884 1188 990 1230 della
1017 1190 1109 1229 loro
1137 1190 1233 1234 vita.
1289 1190 1487 1230 Emanuel
1516 1191 1747 1245 imperador

300 1245 352 1284 da
381 1245 514 1285 l’altra
543 1250 656 1298 parte
682 1252 746 1284 tra
771 1258 813 1283 se
842 1252 965 1284 stesso
988 1258 1165 1297 pensava
1189 1247 1319 1299 questi
1336 1247 1443 1298 putti
1468 1252 1605 1292 tenere
1631 1255 1747 1286 ’001110

297 1312 428 1354 pegno
474 1306 515 1339 et
554 1300 713 1339 securta
757 1298 850 1338 delo
877 1300 1074 1352 imperio,
1113 1307 1217 1339 sotto
1243 1300 1388 1339 ombra
1419 1300 1470 1340 de
1501 1299 1592 1340 loro
1619 1300 1747 1341 havet·

297 1354 475 1394 amicitia
505 1353 683 1394 stabilita
722 1367 798 1392 con
826 1355 960 1393 Mox-at
978 1384 989 1402 ‚
1042 1361 1082 1393 et
1126 1356 1255 1408 questi
1281 1368 1442 1408 sempre
1468 1362 1608 1394 tenere
1632 1357 1674 1395 in
1703 1354 1746 1395 10

298 1423 371 1449 sue
401 1423 521 1449 mane
549 1422 666 1448 come
706 1422 788 1447 uno
815 1408 984 1448 bastone
1024 1407 1290 1449 minacievele
1318 1410 1355 1448 al
1384 1423 1457 1448 suo
1489 1409 1671 1458 11010100,
1704 1417 1746 1450 et

296 1478 374 1517 per
399 1464 466 1504 dii·
494 1463 566 1518 piu
594 1463 713 1513 forte,
745 1463 904 1503 fosseno
929 1478 1000 1517 per
1026 1462 1086 1502 lui
1112 1477 1226 1503 come
1255 1465 1296 1503 in
1326 1464 1363 1503 le
1391 1477 1508 1503 mane
1538 1463 1590 1504 de
1612 1464 1746 1504 Ercu-

299 1520 337 1559 le
361 1519 398 1559 la
426 1519 659 1573 ponderosa
696 1519 825 1558 clava.
879 1518 937 1558 Et
968 1518 1131 1572 quando
1158 1519 1290 1558 Morat
1318 1518 1466 1558 havera
1493 1519 1532 1558 la
1564 1532 1636 1559 sua
1659 1520 1745 1559 vita

221 1573 436 1623 1381111113,
467 1574 508 1614 lo
551 1573 809 1626 imperadore
844 1572 994 1612 havera
1027 1572 1064 1612 el
1093 1573 1283 1626 principe
1307 1580 1531 1622 mansueto,
1562 1581 1602 1613 et
1630 1586 1745 1614 come

298 1642 382 1669 uno
411 1642 542 1683 angue
569 1627 820 1678 domestico,
849 1627 917 1668 nel
947 1641 1021 1667 suo
1048 1627 1137 1667 sino
1169 1628 1274 1667 bene
1302 1629 1491 1670 enutrito.
1520 1633 1562 1667 et
1583 1636 1632 1668 ‘se
1658 1629 1742 1668 for-

294 1697 339 1724 se
366 1697 591 1724 occorresse
617 1682 692 1723 che
721 1682 921 1722 mot-desse
951 1683 989 1722 el
1009 1696 1082 1721 suo
1109 1682 1277 1722 nutritio
1292 1713 1305 1732 ,
1333 1696 1451 1723 come
1479 1697 1608 1736 spesse
1634 1684 1743 1724 volte

295 1739 508 1780 intrevene
538 1739 642 1778 nelle
664 1751 754 1777 cose
781 1737 971 1786 humane,
1007 1744 1120 1777 certe
1148 1735 1185 1776 el
1211 1751 1368 1777 veneno
1395 1752 1475 1777 non
1505 1738 1629 1778 ussit-a
1656 1738 1744 1778 fora

298 1793 340 1833 di
368 1794 426 1834 soi
455 1793 579 1833 denti.
650 1792 689 1832 O
718 1792 918 1832 Emanuel
935 1821 947 1842 ‚
991 1791 1100 1831 bono
1126 1792 1360 1845 impet-ador
1377 1820 1389 1842 ‚
1418 1799 1465 1831 tu
1493 1799 1534 1832 te
1559 1792 1757 1847 alogi-ave·

296 1848 340 1888 di
366 1851 422 1888 toi
451 1847 632 1902 pensieri
673 1861 754 1887 non
789 1848 903 1899 sani,
943 1846 971 1886 li
999 1845 1111 1900 quali
1152 1860 1234 1886 non
1259 1847 1442 1887 doveano
1471 1849 1595 1887 sor-tir
1622 1848 1742 1887 alcun

295 1903 411 1943 bono
453 1899 623 1953 effecto,
659 1901 811 1955 perche
848 1903 887 1942 13
918 1902 1110 1952 fortuna,
1151 1902 1226 1941 che
1268 1901 1378 1941 solea
1416 1916 1522 1942 esser
1547 1904 1673 1942 amica
1701 1903 1744 1943 (11

297 1959 442 2007 Greci,
471 1957 524 1997 s’e
564 1958 711 2011 partita
739 1958 790 1996 da
818 1959 886 1996 noi
915 1962 957 1996 et
986 1957 1008 1996 ὲ
1038 1956 1183 1996 andata
1211 1955 1279 1996 alli
1308 1957 1472 1996 barbari
1502 1971 1572 2010 per
1596 1956 1636 1996 la
1668 1970 1744 1997 no·

298 2019 380 2053 stra
407 2013 594 2066 superbia
636 2019 676 2051 et
711 2012 941 2065 impietade.
1010 2013 1150 2050 Morto
1182 2011 1372 2065 adunque
1401 2012 1743 2063 Mechemethbei,

298 2082 415 2108 come
441 2069 492 2107 de
517 2081 644 2120 sopra
672 2066 844 2106 havemo
874 2073 1093 2118 mesti-ato,
1129 2065 1165 2106 el
1194 2080 1267 2105 suo
1294 2081 1414 2119 corpo
1447 2067 1485 2106 fo
1513 2074 1670 2106 servato
1702 2068 1743 2107 in

298 2122 336 2162 le
366 2131 483 2177 parte
524 2123 595 2177 pin
624 2128 781 2175 reposta
825 2129 864 2161 et
893 2122 963 2175 piu
988 2128 1139 2160 secrete
1171 2121 1236 2160 del
1263 2135 1336 2160 suo
1363 2121 1522 2174 palazo,
1555 2122 1755 2161 edificato‘

298 2178 350 2216 da
377 2179 435 2217 lui
475 2178 516 2217 in
548 2177 835 2229 Andrinopoli.
902 2178 956 2216 Et
984 2178 1149 2215 nissuno
1187 2176 1308 2215 homo
1337 2174 1485 2229 sapeva
1514 2176 1614 2215 ch’el
1641 2168 1744 2216 losse

298 2240 434 2272 morto
451 2262 462 2279 ‚
503 2239 667 2285 excepto
715 2232 745 2271 li
773 2235 831 2271 soi
859 2239 1002 2286 quatro
1029 2230 1242 2277 Visirides,
1289 2231 1363 2269 che
1391 2245 1464 2269 con
1494 2232 1595 2271 altro
1624 2245 1756 2270 nome>

298 2301 340 2326 se
367 2287 577 2326 chiamano
620 2286 761 2338 baxia3
809 2286 882 2326 che
914 2288 954 2325 in
984 2287 1127 2326 Latino
1160 2285 1327 2338 podemo
1368 2285 1569 2324 01113111310
1596 2285 1742 2325 vicarii

299 2356 399 2381 over
427 2341 696 2382 referendarii
712 2371 726 2393 ¹,
772 2342 812 2395 di
845 2342 955 2395 quali
999 2342 1034 2380 el
1073 2342 1205 2394 primo
1248 2355 1315 2379 013
1348 2340 1537 2382 Paiasith.
1597 2341 1743 2392 Questi

301 2404 447 2449 quatro
476 2398 550 2435 XL
577 2397 695 2435 zorni
740 2403 914 2436 tenuero
944 2396 982 2435 la
1011 2411 1083 2435 sua
1114 2402 1241 2434 morte
1268 2402 1443 2443 secreta,
1474 2402 1512 2434 et
1542 2394 1634 2433 altri
1667 2396 1743 2435 che

300 2450 388 2490 10ιό
417 2465 497 2490 11011
526 2452 740 2504 podevano
769 2452 898 2490 veder
929 2452 964 2490 el
993 2451 1124 2489 (1110113
1156 2457 1315 2498 morto,
1351 2457 1390 2488 et
1421 2449 1486 2488 doi
1515 2449 1679 2498 medici,
1714 2450 1742 2489 li

301 2506 412 2559 quali
452 2520 583 2558 spesso
624 2507 841 2545 intravano
883 2513 923 2545 et
950 2507 1171 2556 uscivano,
1211 2504 1444 2543 falsamente
1473 2503 1643 2542 dicendo
1673 2503 1742 2544 alli

299 2560 426 2599 nobili
465 2561 569 2600 della
606 2575 677 2599 sua
705 2569 816 2600 corte
857 2559 958 2599 ch'el
986 2560 1119 2599 ducha
1168 2574 1237 2598 013
1268 2559 1320 2598 (13
1349 2573 1473 2612 grave
1502 2559 1743 2598 infirmitade

300 2629 488 2668 oppresso
506 2645 517 2667 ‚
547 2622 586 2654 et
615 2615 689 2653 che
715 2616 934 2668 bisognava
965 2630 987 2654 a
1021 2615 1182 2654 lontano
1210 2621 1320 2667 paite
1353 2614 1520 2652 mundar
1549 2628 1570 2651 a
1601 2621 1742 2653 trovar

301 2684 398 2710 cose
424 2685 496 2723 per
537 2670 763 2709 confortare
812 2670 851 2709 13
877 2685 948 2709 sua
973 2669 1237 2709 inflrmitade.
1296 2669 1411 2707 Multi
1441 2668 1571 2707 nuntii
1600 2669 1742 2708 sorono

302 2725 502 2778 mandati,
531 2724 667 2765 alcuni
692 2726 733 2764 in
763 2726 802 2764 13
831 2726 996 2777 Sei-via,
1017 2724 1149 2765 alcuni
1178 2739 1199 2763 a
1216 2724 1581 2776 Constantinopoli,
1609 2723 1741 2763 alcuni
