1884 3216
376 144 670 191 ntsTonlAE
708 142 1047 191 BYZAN'RNAE
1075 143 1195 188 CAP.
1221 143 1331 186 xxt.
1499 143 1608 213 199

146 249 283 293 αὐτοῦ
306 245 382 294 καὶ
404 245 576 304 κυρίους
602 246 675 288 καί
700 243 904 296 δεσπότας
930 242 1043 300 ἔχειν
1061 246 1302 288 »catamitae
1320 242 1419 296 τούς
1448 246 1495 287 ἐκ
1521 248 1607 287 τῶν

140 313 368 372 Ὀθμοῖκον
394 312 729 370 καταγομένους,
775 309 906 353 ἔδωκε
935 309 1013 366 τήν
1039 310 1250 366 ἐπαρχίαν
1277 313 1338 371 τῷ
1366 310 1446 369 υἱῷ
1469 311 1610 361 Ἀλεξ-

149 378 310 437 άνδρου
347 380 428 426 τοῦ
454 375 730 431 Σουσμιίνου,
769 375 820 420 ὃν
846 375 920 419 καί
946 379 1008 427 εἰς
1045 375 1122 432 τήν
1151 376 1286 420 αὐτοῦ
1310 373 1508 431 ἀσέβειαν
1533 382 1650 429 pes-C

146 445 388 505 τφσκεόασε.
452 442 528 487 τόν
570 445 618 486 δὲ
652 443 827 498 Τζινεήτ
856 441 1055 492 κελεύσας
1078 441 1163 486 ’σὺν
1190 443 1308 502 αὐτῷ
1336 443 1382 486 ἐν
1405 445 1461 501 τῇ
1493 443 1611 500 Opq?-

106 515 197 572 ὅκῃ
225 504 391 567 ἐλθεῖν,
428 511 567 560 καλῶς
613 508 664 552 τὰ
700 509 775 564 τῆς
803 509 1011 564 ἀνατολῆς
1040 507 1270 566 φροντίσας
1296 509 1357 559 εἰς
1384 507 1459 565 τήν
1482 508 1609 551 δύσιν

144 579 407 634 ἐπανέζουξε.
471 575 546 620 καί
584 577 630 619 ἐν
672 575 986 618 Καλλιουπόλει
1026 575 1165 619 ἐλθών
1203 575 1349 620 στόλον
1387 576 1610 631 ἀπαρτίζει

143 643 251 704 arm&
279 645 359 688 τοῦ
391 641 547 693 δουκός
587 644 754 695 Ναξίας
790 643 865 685 καί
890 644 974 684 τῶν
1018 644 1176 685 λοιπαῖν
1203 641 1446 686 Κυκλάδων
1472 642 1611 698 νήσων

142 714 229 765 τᾶν
251 708 337 754 tino
367 708 447 766 τήν
476 710 612 752 αὐτοῦ
637 714 790 765 χεῖρα,
832 709 981 751 αἰτιῶν
1009 705 1142 752 αὐτόν
1170 709 1225 760 ὥς
1254 710 1309 751 ου’
1334 707 1480 765 πρώην
1497 739 1510 763 ,
1540 705 1612 750 οὗ·

143 793 206 822 τω
230 777 307 821 και·
330 776 378 818 ἐν
403 777 454 833 τῇ
480 777 678 833 Σμύρνῃ,
709 776 786 816 οὕκ
811 770 918 830 ἦλθε
958 773 1313 831 προσαγορεύσεων
1338 778 1397 832 τῷ
1423 777 1612 829 Mamu-

82 845 237 898 ῃμέῐ.
292 839 466 897 dudem,-
504 836 581 884 οὖν
626 840 714 884 α’πό
742 843 816 896 τῆς
854 840 1213 892 Καλλιουπόλεως
1242 839 1267 883 ὅ
1297 840 1478 895 στόλος,
1501 839 1613 896 ἔχων

143 909 349 966 οέμιραλίν
393 907 467 950 τόν
499 909 794 962 Ίζαλισπέγην
843 906 924 948 σὺν
950 907 1141 962 τριήρεσι
1183 909 1259 949 καί
1284 904 1474 964 διήρεσιν
1502 904 1614 960 ὄμοῦ

142 972 399 1036 τριάκοντα,
427 969 560 1030 ἦλθεν
587 974 634 1016 ἐν
651 969 820 1032 Ἄνδρῳ
851 975 904 1030 τῇ
933 971 1072 1031 νήσῳ,
1099 974 1146 1015 ἐν
1176 974 1227 1031 τῇ
1256 971 1412 1031 Πάρῳ,
1443 972 1653 1028 &Mei-D

142 1044 224 1099 λῳ·
280 1041 354 1084 καί
378 1038 559 1090 πολλοὺς
585 1041 671 1082 τῶν
701 1041 920 1095 νησιωτῶν
966 1039 1175 1094 α’θροίσας
1203 1040 1277 1080 καί
1307 1040 1462 1093 ζημίαν
1491 1038 1608 1082 πλεί-
1620 1041 1662 1076 V·
1681 1041 1726 1088 48

142 1122 249 1162 στην
274 1106 457 1161 ποιήσας
483 1105 770 1156 ἑπανέζευξεν.
826 1102 866 1146 οἱ
905 1105 952 1146 δὲ
986 1106 1205 1147 Βενετικοί
1230 1102 1439 1158 μαθόντες
1466 1103 1515 1147 τό
1543 1120 1611 1160 γε.

24 1191 27 1194 ·
82 1171 263 1230 ιόγονός
304 1173 382 1214 οὕκ
414 1170 677 1225 ὑπέμειναν·
757 1165 812 1226 ἧν
848 1168 931 1225 γὰρ
971 1170 994 1211 ὅ
1024 1169 1181 1219 δούκας
1227 1168 1309 1225 πρὸ
1338 1174 1498 1216 πολλοῦ
1524 1178 1613 1221 τοῖς

143 1243 384 1288 Βενετικοῖς
423 1237 680 1280 ὖποκύπτων
718 1238 794 1278 καί
830 1234 908 1291 τήν
936 1236 1126 1292 σημαίαν
1153 1231 1295 1278 αὖτῶν
1322 1240 1482 1293 φέρων.
1539 1240 1617 1280 καί·

141 1302 454 1359 καταλαβόντος
482 1304 562 1346 τοῦ
591 1301 715 1359 ἔαρος
742 1298 1006 1359 ηὗτρέπισαν
1033 1304 1107 1345 καί
1131 1298 1258 1345 αὐτοὶ
1283 1301 1471 1358 τριήρεις
1495 1305 1612 1357 δέκα,

76 1366 79 1369 ᾗ
141 1371 522 1427 καίπροσέχοντες
559 1363 667 1425 ἦσαν
701 1367 775 1412 τὸν
798 1369 1031 1424 Ἀδριανοῦ
1056 1366 1210 1411 κόλπον
1227 1400 1241 1422 ,
1270 1364 1460 1423 Εὔβοιαν
1487 1368 1614 1425 Κρή-

140 1453 215 1493 την
243 1438 318 1479 καί
358 1433 436 1485 τοὶς
465 1437 700 1486 Κυκλάδας
746 1434 916 1492 νήσους.
984 1435 1192 1478 ἐλθοῦσαι
1220 1436 1269 1477 δὲ
1296 1436 1480 1492 τριήρεις
1507 1433 1613 1485 ἑπτὰ

77 1505 279 1559 οομὲχρι·
304 1503 482 1546 Τενέδου
511 1500 814 1559 ἠβουλήθησαν
841 1503 1048 1558 ἐμφανεῖς
1074 1503 1275 1557 γενέσθαι
1305 1507 1391 1551 τοῖς
1419 1504 1612 1558 ἐχθροῖς,

139 1568 215 1612 καὶ
228 1569 489 1620 εἰσελθόντες
504 1567 578 1612 τόν
599 1566 902 1623 Ἑλλήσποντον
919 1569 1122 1623 διέβησαν
1135 1568 1268 1624 μέχρι
1280 1566 1548 1622 Λαμψάκου.
1566 1568 1613 1610 αἱ

142 1636 192 1680 δὲ
209 1632 394 1691 τριήρεις
412 1636 496 1677 τῶν
514 1634 712 1691 Τούρκων
745 1636 917 1678 ἵσταντο
937 1635 983 1676 ἐν
1009 1635 1067 1691 τῷ
1089 1635 1228 1688 λιμένι
1252 1633 1610 1685 Καλλιουπόλεως
1624 1639 1664 1674 P.
1677 1639 1722 1676 δι

234 1738 290 1762 21.
316 1726 377 1774 αἱ]
413 1727 480 1760 καὶ
506 1727 539 1759 Ρ,

142 1809 227 1847 tum
243 1806 340 1840 vitae
352 1810 512 1852 tempus3
530 1804 770 1851 dominosque
785 1815 822 1839 re
835 1816 876 1838 ac
888 1803 1037 1838 nomine
1051 1804 1255 1850 agniturum
1280 1814 1340 1838 eos
1364 1806 1428 1851 qui
1456 1803 1502 1839 ab
1519 1803 1613 1840 oth-

142 1853 398 1899 manicagente
424 1863 534 1898 genus
548 1852 692 1887 ducant.
716 1853 924 1898 provinciae
948 1853 1052 1886 istius
1076 1852 1430 1885 administrationem
1455 1853 1614 1887 credidit

142 1899 369 1936 mahumetes
394 1899 590 1934 Alexandri
615 1900 782 1933 Susmani
808 1900 906 1940 filio,
932 1911 1039 1945 quem
1067 1899 1113 1932 ad
1140 1899 1287 1944 impiam
1314 1900 1613 1945 superstitionem

143 1959 247 1982 suam
271 1952 440 1982 traxerat.
466 1947 574 1980 iussit
602 1958 749 1992 quoque
776 1946 956 1980 Cineitem
985 1958 1022 1979 se
1050 1947 1087 1979 in
1112 1946 1304 1979 Thraciam
1330 1947 1458 1992 sequi3
1484 1947 1612 1981 rebus-

144 2006 218 2041 que
234 1995 272 2028 in
287 1994 429 2028 oriente
443 1994 580 2040 optime
595 1993 804 2027 constitutis
824 1994 862 2026 in
878 1991 1047 2026 occiduas
1061 1998 1182 2038 partes
1204 1993 1375 2038 perrexit.
1401 1993 1612 2039 Callipolim

144 2042 325 2087 ingressus
339 2042 489 2075 classem
507 2041 656 2075 instruit
683 2041 853 2074 adversus
877 2040 970 2073 Naxi
999 2041 1141 2073 insulae
1167 2039 1318 2081 ducem,
1354 2047 1610 2088 caeterasque,

144 2101 239 2136 quae
268 2090 346 2122 eius
371 2089 552 2135 parebant
575 2088 728 2134 imperio
745 2113 754 2129 ‚
782 2087 956 2132 Cycladas
981 2087 1128 2120 insulas.
1154 2087 1399 2121 obiiciebatur
1426 2088 1483 2130 ei,
1510 2089 1613 2135 quod

143 2135 391 2171 mahometem
412 2147 530 2181 nuper
554 2146 628 2169 non
654 2134 791 2168 adisset
816 2147 884 2168 nec
910 2134 1035 2167 officiis
1058 2134 1231 2168 exhibitis
1257 2135 1450 2177 coluisset,
1476 2141 1517 2170 ut
1543 2147 1613 2170 nec

145 2183 333 2228 Smyrnam
360 2189 468 2216 antea
494 2194 575 2216 eum
605 2183 827 2216 salutaturus
854 2186 1063 2216 accesserat.
1094 2192 1233 2226 egressa
1252 2182 1475 2228 Callipoleos
1500 2189 1612 2229 portu

145 2230 270 2264 classis
294 2231 495 2264 triremium
529 2241 571 2262 ac
604 2229 797 2264 biremium
824 2229 934 2262 simul
959 2229 1126 2273 triginta,
1163 2229 1221 2262 cui
1250 2230 1465 2272 Amiralius,
1492 2230 1531 2263 id
1555 2237 1613 2266 est

144 2276 452 2319 archithalassus,
475 2283 643 2323 praeerat
666 2277 765 2311 Giali
793 2277 918 2321 Begus,
946 2275 1107 2309 Andrum
1137 2276 1304 2318 insulam,
1334 2277 1448 2311 Paron
1477 2283 1514 2311 et
1530 2279 1614 2315 Me-,

145 2325 209 2359 lou
235 2325 399 2371 appulit3
422 2325 621 2370 multisque
659 2324 881 2358 insularibus
910 2323 1024 2368 captis
1048 2323 1227 2369 illatoque
1253 2324 1350 2369 gravi
1376 2324 1507 2359 damno
1534 2325 1611 2359 dis-

145 2373 266 2407 cessit.
288 2377 327 2406 at
349 2372 482 2406 Veneti
519 2377 658 2406 tantam
693 2372 863 2405 iniuriam
903 2382 976 2403 nou
1005 2370 1143 2404 tulere:
1170 2371 1234 2404 ille
1259 2371 1396 2417 quippe
1419 2372 1511 2406 Naxi
1537 2372 1613 2407 dux

146 2419 284 2454 iamdiu
311 2419 348 2453 in
371 2419 594 2453 Venetorum
619 2419 728 2453 fidem
754 2425 790 2452 et
818 2418 1014 2451 amicitiam
1038 2423 1206 2460 venerat,
1230 2418 1451 2465 illorumque
1475 2421 1612 2454 vexillo

146 2472 186 2500 et
210 2466 414 2511 insignibus
451 2478 489 2500 se
527 2466 727 2500 tutabatur.
767 2477 850 2499 vere
887 2465 1012 2510 itaque
1053 2464 1271 2500 adventante
1295 2467 1460 2500 triremes
1487 2467 1614 2501 decem

146 2514 218 2560 ipsi
241 2514 511 2554 instruxerunt,
540 2525 631 2559 quas
657 2515 695 2547 in
721 2514 879 2547 statione
906 2511 1115 2545 habuerunt
1138 2513 1176 2546 in
1200 2513 1282 2547 sinu
1310 2513 1518 2556 Adriatico,
1544 2514 1615 2548 cir-

146 2573 189 2595 ea
217 2561 401 2595 Euboeam
434 2561 578 2595 Cretam
614 2567 652 2595 et
675 2560 848 2605 Cycladas
875 2560 1023 2593 insulas.
1047 2559 1211 2593 triremes
1239 2572 1347 2606 porro
1376 2567 1514 2606 septem
1541 2562 1614 2595 Te·-

147 2608 283 2643 nedum
308 2619 424 2653 usque
442 2608 668 2653 navigarunt,
694 2609 744 2642 ita
768 2613 808 2641 ut
833 2608 870 2640 in
883 2607 1042 2640 hostium
1062 2613 1294 2653 conspectum
1318 2609 1502 2643 venirent:
1533 2609 1614 2642 fau-

147 2655 251 2689 cibus
279 2655 414 2689 deinde
439 2655 668 2701 Hellesponti
696 2655 873 2701 superatis
889 2655 1121 2700 Lampsacum
1145 2666 1261 2700 usque
1286 2667 1494 2701 pervenere.
1518 2656 1613 2689 Tur-

148 2702 225 2736 oica
254 2708 342 2736 tunc
367 2703 490 2736 classis
525 2703 656 2736 eximie
695 2703 870 2736 instructa
896 2702 1088 2735 stationem
1118 2700 1279 2737 habehat
1303 2703 1341 2736 in
1367 2709 1474 2749 portu
1501 2703 1614 2736 Calli-

147 2750 287 2796 poleos.
323 2755 517 2796 conspecto
556 2750 703 2785 interim
740 2749 822 2784 velo
859 2761 931 2785 uno
973 2748 1123 2795 exigu0‚
1148 2749 1248 2796 quod
1281 2761 1300 2783 c
1326 2750 1480 2797 Cpoleos
1505 2756 1613 2798 portu
