1916 3210
488 178 705 222 lumen·
738 178 1070 221 m‘rmpnn’rss
1107 178 1358 223 1333310.
1535 162 1650 230 423

203 285 387 327 ἰὼν-κο
405 281 454 335 h
481 283 741 338 quel'tempo
757 311 769 333 ‚
815 283 1103 324 cominzarono
1131 297 1157 324 a
1181 283 1287 324 fuzir
1312 296 1432 324 verso
1461 283 1499 323 13
1525 289 1653 326 terra.

202 338 412 394 laquelle
431 336 542 380 ‘hora
560 337 736 378 Mustafa
754 338 914 392 inpigro
930 345 969 378 et
992 338 1145 379 audace
1172 339 1300 379 anche
1321 339 1377 378 lui
1406 339 1510 378 usse}
1539 339 1590 379 de
1618 340 1656 378 la

200 392 308 448 gulia
321 397 406 442 ret
426 395 557 434 influe
576 393 640 433 ala
670 406 761 432 sera
789 395 1112 446 vigorosamenfe
1129 394 1318 435 havendo
1337 395 1575 435 combatuto
1603 393 1655 433 de

193 449 439 504 ’campagnia
463 455 542 490 'con
568 449 787 499 Dimitrio,
821 448 973 489 al’hora
1001 450 1115 489 tarda
1143 450 1265 490 torno
1293 451 1371 490 3113
1399 450 1502 504 galia
1530 451 1658 502 impe-

201 503 326 555 riam
351 504 460 545 o'nde
487 518 561 558 per
581 517 656 543 suo
687 505 829 543 nuntio
855 516 933 543 con
969 504 1061 545 fede
1086 506 1249 559 publica
1275 505 1428 546 mando
1457 519 1480 544 a
1508 505 1657 558 quelli,

191 557 507 600 mechiedendoli
545 558 620 599 che
657 573 775 598 senza
816 560 959 599 alcuna
990 575 1119 614 paura
1165 561 1377 601 dovessino
1405 562 1550 600 venire
1579 560 1659 599 alla

189 619 276 654 ‘m
294 615 498 670 poesedtia
518 614 572 654 ad
602 615 822 668 colloquio,
851 615 1003 668 perche
1031 617 1158 656 havea
1187 616 1240 656 ad
1274 617 1457 656 conferir
1482 630 1562 655 con
1591 616 1656 655 lo-

199 671 262 709 fo*
289 669 445 710 :noune
463 670 603 724 parole
627 684 700 723 per
728 671 826 709 utile
847 678 885 709 et
917 671 1116 711 beneficio
1137 673 1228 712 dela
1254 673 1398 715 citade.
1455 672 1522 711 Ali
1543 670 1655 725 quali

200 724 345 765 venuti
375 724 413 765 al
441 739 516 765 suo
548 732 764 779 conspecto
791 726 876 765 cus}
899 727 1051 766 orando
1078 728 1192 769 disse.
1252 728 1290 767 O
1313 727 1508 767 huomeni
1538 726 1728 776 valo-14·

200 779 315 831 bosi,
341 779 490 820 havete
522 781 601 820 ben
624 789 771 835 saputo
804 795 920 820 come
952 783 991 821 io
1011 797 1111 822 sono
1144 781 1268 837 figliol
1294 783 1343 822 de
1370 782 1513 822 lldrim
1533 782 1655 822 Paia-

194 834 309 884 esth,
338 835 416 875 che
445 835 486 875 fo
517 844 654 877 vostro
685 839 856 890 signore.
915 839 982 876 Ma
1014 840 1079 877 voi
1101 839 1210 877 servi
1231 839 1281 878 de
1305 839 1385 877 mio
1406 845 1535 891 patre,
1559 850 1658 891 per-

200 889 278 930 che
303 904 385 930 nou
410 890 557 932 havete
589 892 684 931 data
729 892 988 932 obhedientia
1016 901 1056 932 et
1089 893 1217 933 honor
1241 893 1281 933 al
1306 900 1445 933 vostro
1472 895 1661 947 signore?

192 944 290 985 Non
329 952 468 1000 sapete
500 947 576 987 che
616 948 752 1001 quello
791 947 865 986 che
901 948 1156 1000 signorezava
1197 963 1266 1003 per
1303 941 1466 999 aisanti,
1509 948 1551 987 fo
1579 947 1662 987 mio

199 999 396 1041 fratello?
451 1002 509 1042 Et
543 1002 602 1042 lui
646 1002 832 1041 havendo
857 1010 1038 1043 amazato
1067 1004 1199 1043 l'altro
1237 1004 1277 1043 di
1308 1004 1491 1052 fradelli,
1522 1009 1563 1042 et
1586 1003 1662 1042 ha—

188 1054 382 1096 ·biandoli
408 1057 693 1097 iniustamente
724 1058 828 1096 10110
850 1058 887 1096 31
908 1058 1054 1098 ducato
1084 1066 1124 1098 et
1147 1060 1370 1113 posseduto'
1389 1060 1469 1098 fine
1491 1058 1540 1097 ad
1563 1072 1663 1112 que·

193 1117 266 1151 “sto
292 1118 452 1166 tempo,
492 1114 532 1152 io
569 1127 685 1152 come
710 1112 887 1165 profugo
918 1115 1115 1166 pervenni
1141 1116 1182 1154 in
1218 1114 1256 1154 le
1283 1128 1402 1153 mane
1428 1114 1469 1152 di
1494 1114 1665 1163 Romei,

202 1173 246 1207 et
266 1166 396 1207 influe
427 1167 478 1207 ad
498 1168 599 1207 hora
631 1181 697 1207 me
718 1169 770 1207 ha
798 1174 939 1207 tenuto
985 1170 1025 1208 in
1055 1170 1174 1209 exilio
1195 1177 1234 1208 et
1257 1169 1359 1209 fatto
1383 1169 1586 1208 confinare
1621 1169 1664 1207 in

201 1220 244 1262 la
280 1222 416 1265 insula
456 1223 509 1263 de
547 1225 719 1277 Lymno.
764 1223 866 1262 hora
890 1237 967 1276 per*
1008 1224 1048 1263 la
1081 1225 1247 1264 volunta
1282 1225 1332 1264 de
1377 1224 1445 1263 dio
1472 1238 1545 1264 son
1575 1223 1661 1277 qui.

202 1276 314 1324 voi,
345 1278 540 1318 come-de
564 1293 688 1318 raxon
715 1277 885 1327 dovete‚
917 1279 1180 1332 guardateme
1209 1293 1286 1319 con
1315 1278 1467 1332 aliegm
1501 1293 1595 1319 core
1625 1285 1667 1318 et

201 1330 563 1377 bona-voluntate.
622 1334 718 1373 Non
758 1339 1005 1374 contrastate
1046 1335 1085 1374 31
1112 1336 1195 1374 mio
1230 1334 1354 1374 fatale
1391 1334 1534 1378 andar.
1565 1335 1666 1373 Las—

200 1387 349 1428 83ῒί133
379 1388 532 1428 andare
562 1389 717 1438 avanti,
745 1388 852 1429 dove
887 1388 926 1427 la
956 1403 1105 1428 raxone
1134 1397 1173 1429 et
1205 1390 1243 1428 la
1274 1390 1435 1428 fortuna
1463 1403 1528 1428 me
1550 1389 1667 1428 chia-

199 1455 284 1486 ma.
338 1443 394 1483 Se
433 1445 501 1484 voi
534 1446 801 1483 consentit-ete
838 1450 879 1483 et
915 1446 1114 1498 apererite
1154 1459 1220 1483 me
1262 1444 1300 1483 la
1329 1446 1420 1494 via,
1449 1444 1560 1483 siche
1589 1458 1665 1484 con

198 1497 338 1539 l’aiuto
361 1505 502 1539 vostro
526 1500 568 1539 io
588 1513 793 1553 pervenga
820 1498 861 1537 in
897 1499 1175 1553 Andrinopoli
1203 1501 1244 1538 in
1274 1500 1312 1539 la
1344 1514 1434 1538 casa
1458 1507 1631 1553 paterna
1651 1530 1662 1547 ,

195 1561 329 1594 §crete
353 1568 378 1593 a
405 1568 469 1594 me
497 1554 551 1594 da
579 1554 647 1593 mo
674 1555 716 1593 in
741 1555 882 1593 avanti
900 1568 981 1594 non
1006 1557 1111 1595 servi
1138 1569 1202 1594 ma
1227 1555 1401 1602 fradelli,
1430 1562 1472 1594 et
1496 1556 1665 1594 servaro

197 1608 539 1650 luwbenivolentia
563 1617 733 1663 paterna
758 1623 877 1649 verso
904 1610 989 1660 voi,
1017 1618 1055 1650 31
1080 1611 1273 1650 azonzerb
1300 1611 1351 1649 ali
1375 1610 1471 1650 doni
1496 1610 1596 1650 doni
1625 1618 1666 1650 et

198 1666 332 1718 gratie
359 1663 440 1705 alle
463 1666 591 1720 gratie
616 1672 802 1718 paterne.
859 1666 928 1704 Ma
949 1679 991 1705 se
1020 1666 1089 1706 voi
1119 1671 1426 1713 contrastarete‚
1460 1667 1522 1715 io,
1552 1668 1665 1706 auxi-

199 1718 380 1760 liaute-la
402 1721 551 1760 benina
572 1720 735 1759 son-tuna
761 1727 801 1760 et
833 1721 1139 1761 exercitandose
1172 1722 1210 1762 el
1234 1723 1316 1761 mio
1339 1727 1460 1774 patre
1488 1723 1665 1774 impera-

186 1775 313 1827 dore,
333 1775 426 1814 sero
447 1778 663 1815 vineatore
681 1783 723 1815 et
740 1789 972 1815 successore
991 1776 1098 1816 delle
1122 1791 1214 1816 cose
1233 1785 1414 1830 paterne,
1434 1783 1475 1816 et
1501 1777 1552 1816 ad
1570 1777 1664 1815 Mo-

201 1836 270 1870 rat
293 1830 373 1870 mai
394 1831 469 1884 pin
491 1831 579 1870 sera
599 1831 692 1870 data
720 1830 759 1869 13
783 1831 849 1870 via
873 1832 935 1870 313
964 1839 1080 1884 parte
1098 1828 1279 1885 Esperie.
1314 1832 1368 1871 Et
1390 1832 1441 1871 da
1472 1833 1539 1884 poi
1559 1831 1665 1870 ch’io

5 1885 21 1933 qi
201 1885 292 1925 sero
318 1885 434 1925 facto
462 1886 650 1939 signore,
693 1885 869 1925 sedendo
893 1887 933 1924 in
962 1886 1000 1925 13
1019 1887 1127 1926 53(113
1157 1887 1315 1933 ducale,
1348 1886 1502 1926 haverb
1523 1894 1664 1939 tempo

0 1957 21 1985 ι,
203 1941 256 1980 ad
284 1941 468 1980 iudicare
496 1942 577 1982 voi.
636 1940 799 1991 Quelli,
829 1940 955 1980 aldito
984 1942 1022 1980 el
1051 1943 1191 1988 varlar
1216 1942 1267 1982 dc
1295 1943 1492 1992 Mustafa‚
1518 1941 1665 1981 alcuno

147 2002 150 2006 ’
200 1995 244 2035 (11
272 1996 440 2050 primati
465 1995 516 2035 de
535 2010 606 2036 sua
636 1996 809 2035 volunta
848 2010 890 2036 se
924 1997 1101 2043 inclino,
1143 1997 1235 2036 altri
1263 1997 1382 2048 dapoi
1407 2011 1584 2036 venneto
1611 1997 1669 2036 ad

201 2050 559 2092 suaobbedientia.
618 2050 669 2090 El
701 2065 826 2091 zorno
853 2059 1044 2104 sequente
1076 2053 1219 2091 Zenait
1245 2051 1349 2090 delle
1380 2051 1483 2105 galie
1507 2052 1665 2092 descese

0 2147 12 2159 ,ι
207 2112 252 2147 et
283 2106 425 2147 monti)
460 2121 485 2146 3
519 2106 711 2157 cava1103
755 2113 797 2146 et
839 2107 937 2146 dato
972 2106 1010 2146 31
1067 2117 1193 2161 segn'o
1232 2106 1335 2146 della
1373 2107 1550 2162 bataglia
1586 2121 1662 2147 con

0 2164 21 2212 ἕξ
202 2162 405 2202 trombete
429 2169 468 2202 et
491 2162 585 2201 altri
613 2162 751 2201 bellici
788 2161 1072 2215 instrumenti,
1104 2177 1179 2201 con
1206 2163 1327 2202 Greci
1347 2170 1387 2201 et
1408 2162 1565 2202 Turchi
1595 2176 1662 2202 31·-
1679 2165 1755 2212 143(

0 2216 19 2239 ”’
201 2219 303 2257 mati
323 2232 490 2257 corseno
515 2233 539 2257 a
566 2218 822 2258 combattere
843 2219 881 2257 la
905 2225 1028 2260 terra.
1087 2219 1135 2257 Li
1166 2218 1333 2257 citadini
1362 2225 1400 2257 et
1428 2219 1579 2271 populo
1611 2218 1664 2258 de

202 2273 378 2327 Galipoli
424 2274 590 2323 armati,
624 2289 696 2327 per
730 2273 767 2312 la
792 2273 990 2326 presentia
1025 2274 1090 2312 del
1113 2275 1250 2327 signor
1283 2275 1376 2312 tutti
1406 2287 1449 2312 se
1478 2286 1663 2313 mosseno

201 2329 575 2369 sottomettendose.
616 2331 845 2382 promiseno
885 2328 1146 2368 obhedientia
1171 2343 1194 2368 a
1219 2330 1417 2376 Mustnfa‚
1462 2328 1663 2368 laudando

202 2384 340 2438 quello
372 2398 486 2424 come
514 2385 678 2438 signore
706 2392 744 2424 et
765 2385 1035 2423 descendente
1058 2384 1109 2424 de
1129 2386 1392 2424 Ottomanno.
1447 2385 1515 2424 Ma
1537 2383 1661 2437 quelli

0 2478 16 2498 sp
204 2439 282 2479 che
315 2453 440 2479 erano
458 2441 609 2479 statuiti
639 2439 702 2478 ala
727 2441 896 2493 guardia
933 2439 999 2479 del
1026 2440 1218 2490 castello,
1248 2455 1328 2480 non
1356 2441 1660 2489 consentivam,

0 2501 18 2546 ᾖ
202 2507 271 2536 ma
296 2501 610 2535 contrastavano
626 2525 636 2543 ‚
665 2509 741 2534 con
766 2495 845 2534 alte
864 2510 962 2534 voce
985 2495 1188 2534 laudando
1222 2498 1358 2535 Morat
1389 2509 1502 2534 come
1522 2497 1660 2548 signor-

0 2545 12 2599 ξ
203 2551 457 2596 universale,
487 2551 760 2604 desprezando
796 2551 985 2593 Mustafa.
1050 2552 1256 2591 Demetrio
1282 2551 1481 2591 Leondari
1506 2565 1660 2590 remase

5 2609 20 2626 f*
204 2606 257 2646 ed
291 2605 332 2645 lo
357 2607 515 2646 assedio
555 2607 622 2646 del
644 2605 766 2645 castel
795 2606 845 2644 de
875 2605 1064 2659 Galipoli.
1132 2606 1428 2646 Mustela-colle
1458 2606 1561 2645 altre
1588 2620 1660 2658 po-

205 2662 353 2710 tentie,
385 2661 459 2701 che
480 2661 522 2700 lu
548 2664 810 2715 sequit-avano
826 2691 835 2708 ‚
862 2674 904 2701 se
927 2676 1052 2701 mosse
1077 2676 1193 2702 verso
1211 2662 1250 2702 lu
1275 2662 1471 2712 Exemili3
1498 2663 1537 2701 31
1565 2662 1659 2714 qual

211 2716 577 2766 Lachiedemonia,
620 2718 877 2769 Peloponeso
919 2725 958 2756 et
992 2725 1097 2757 tutta
1147 2719 1183 2757 13
1220 2717 1377 2757 Achaia
1422 2732 1534 2757 corse
1582 2731 1659 2756 con

208 2771 325 2812 laude
345 2802 355 2821 ‚
379 2773 681 2827 presentandoli
716 2771 975 2814 obhedientia
1003 2787 1120 2815 come
1145 2789 1167 2814 a
1196 2788 1267 2814 suo
1292 2775 1465 2828 signore.
1527 2772 1660 2812 Ritor·
