1916 3210
323 163 438 233 438
800 178 982 220 nucu:
1018 171 1274 220 'nis'romA

322 280 459 321 subito
489 279 605 321 fidele
632 279 697 320 del
728 293 800 320 suo
829 279 1054 333 principato
1069 307 1083 328 ,
1111 286 1151 319 et
1186 280 1349 333 quando
1381 274 1566 322 rechiede
1589 281 1628 322 el
1655 282 1764 322 tem-

322 349 408 389 po3
436 334 555 376 debbi
586 335 778 375 mandare
805 335 846 373 in
875 333 1048 377 exercito
1078 347 1160 374 uno
1189 335 1230 375 di
1260 337 1318 375 toi
1347 336 1496 390 figlioli.
1527 342 1569 376 et
1594 337 1659 388 io',v
1684 349 1760 377 co·-

323 405 389 429 me
415 397 485 430 tuo
522 390 797 429 amantissimo
835 388 995 428 fratello
1015 418 1026 439 ‚
1068 395 1109 428 te
1135 389 1192 429 ho
1234 390 1340 429 dicte
1365 397 1504 445 queste
1530 391 1682 446 parole.
1711 397 1760 431 t'u

322 445 511 498 adunque
532 444 643 498 paria
673 444 765 497 quel
794 443 869 484 che
894 451 935 482 te
962 444 1091 496 piace.
1143 445 1286 484 Zenait
1315 451 1562 499 veramente,
1590 445 1758 486 saeendo

321 500 400 539 fine
428 501 602 539 Camusa
628 499 664 537 al
693 513 767 537 suo
796 496 971 550 pariare,
1002 498 1087 537 cosi
1116 501 1403 552 respondendo
1431 500 1549 543 disse.
1606 501 1673 540 Tu
1699 500 1759 540 sni

321 554 428 604 ben,
469 554 653 601 fratello,
694 552 769 591 che
817 552 869 590 da
895 552 921 590 li
952 553 1167 592 Ottomani
1206 569 1283 593 non
1314 555 1405 594 havi
1439 555 1517 594 mai
1546 554 1760 595 nia-honor

321 609 373 647 ne
416 609 642 661 guadagno.
709 608 777 645 Ma
815 606 937 660 quelli
965 607 1018 647 da
1047 622 1111 647 me
1147 608 1241 648 nelli
1277 609 1340 649 soi
1377 609 1592 650 infortunii
1621 609 1760 649 hanno

323 663 424 702 viste
455 662 578 702 molte
621 667 662 700 et
688 661 840 714 grande
867 674 987 714 opere
1027 662 1192 713 bellice,
1222 663 1259 703 le
1285 665 1404 718 quale
1434 671 1575 719 queste
1603 662 1762 704 braccie

322 717 462 756 hanno
491 723 657 769 operato
685 729 756 767 per
787 715 824 755 el
853 723 959 755 stato
990 715 1093 756 loro.
1124 719 1241 770 Dapo
1270 717 1308 758 la
1335 719 1566 759 excorsione
1591 717 1634 773 di
1653 719 1760 758 Tar-

322 773 399 810 tari
431 785 496 809 me
525 771 750 823 promisero
779 769 815 809 el
839 770 987 811 ducato
1010 801 1020 819 ‚
1068 772 1105 811 el
1134 773 1255 827 quale
1281 774 1419 814 adesso
1446 774 1759 828 imprometteno

321 826 431 864 dare.
491 825 566 863 Chi
600 824 700 864 tolse
729 824 824 878 quel
853 826 998 865 ducato
1030 825 1133 866 delle
1166 841 1259 866 man
1286 828 1337 868 de
1367 828 1529 879 Omnr,
1557 827 1680 881 figlini
1707 827 1760 867 de

321 880 432 918 Ati?
462 893 582 918 nomo
609 881 645 918 el
665 880 840 919 Zinaitl
880 882 974 919 Non
1003 880 1056 918 ho
1088 882 1260 922 cacciato
1289 884 1326 922 el
1352 898 1426 923 suo
1455 883 1574 922 fratel
1606 883 1759 922 Hiesse.

319 934 374 972 Et
400 935 466 986 poi
507 934 558 972 ad
597 948 684 974 esso
715 935 848 973 Omur
875 942 910 974 et
944 936 981 974 al
1024 936 1128 974 duca
1169 951 1242 976 suo
1270 937 1433 977 fratello
1459 940 1565 978 Iesse
1593 947 1676 976 non
1705 936 1761 976 ho

268 990 272 994 '
320 988 417 1027 dato
447 988 487 1028 la
513 993 680 1028 morte?
752 989 804 1029 El
833 990 1064 1029 Musulman
1097 990 1223 1031 barba
1251 991 1301 1031 de
1330 994 1492 1041 Mul-at,
1524 990 1562 1031 el
1590 990 1688 1045 qual
1710 998 1762 1031 tu

319 1042 476 1081 chiame
501 1044 637 1096 signor
676 1050 747 1082 tuo
765 1072 778 1093 ‚
832 1051 998 1084 sentava
1037 1046 1078 1083 in
1107 1046 1251 1085 Tracia
1292 1048 1333 1085 in
1364 1047 1484 1098 ocio,
1518 1058 1636 1086 senza
1664 1054 1763 1086 cura

322 1097 371 1136 de
399 1098 660 1150 principato:
700 1103 743 1137 et
785 1098 824 1137 io
864 1114 947 1139 non
991 1099 1022 1138 li
1049 1101 1221 1154 aquistai
1249 1101 1412 1154 Epheso
1433 1130 1446 1152 ‚
1475 1097 1761 1141 chiamandolo

319 1152 460 1205 signor
488 1151 540 1191 de
568 1159 672 1191 tutta
701 1152 849 1192 Ionia?
890 1154 959 1207 poi
989 1154 1194 1194 descaccib
1223 1170 1287 1195 me
1314 1157 1389 1196 che
1418 1156 1461 1196 lu
1492 1155 1695 1206 exaltava,
1713 1162 1764 1194 'et

318 1205 430 1245 donb
457 1206 590 1260 quella
618 1207 829 1259 provintia
850 1222 874 1247 a
903 1204 1143 1262 Chielpaiesi
1159 1238 1171 1259 ,
1197 1210 1324 1250 homo
1355 1211 1549 1260 Tribalo,
1577 1213 1762 1264 compris-s

318 1266 362 1300 to
391 1275 463 1313 per
501 1268 685 1314 argento,
744 1263 797 1301 Se
831 1262 935 1302 hora
966 1263 1120 1302 ‹tonan-{1
1153 1279 1177 1304 a
1205 1279 1269 1304 me
1297 1266 1429 1319 quella
1457 1264 1662 1319 provintia
1689 1277 1764 1317 per

243 1313 358 1370 1731e
384 1316 463 1355 mie
493 1329 621 1369 opere
660 1315 872 1368 preclare,
902 1332 983 1356 non
1010 1319 1096 1357 sera
1121 1333 1222 1371 gran
1250 1320 1359 1360 dono
1386 1320 1439 1359 de
1471 1322 1608 1360 Mon-at
1633 1333 1658 1358 a
1685 1319 1764 1358 Ze-

319 1369 422 1417 nait,
451 1369 527 1409 che
556 1369 609 1409 ha
623 1370 813 1410 meritato
839 1373 965 1411 molto
985 1374 1056 1425 pin
1086 1388 1160 1426 per
1187 1375 1226 1413 le
1254 1388 1345 1414 cose
1363 1373 1578 1414 excellente
1605 1373 1681 1414 che
1707 1373 1763 1413 ha

317 1423 429 1463 facto
462 1438 534 1477 per
563 1425 592 1463 li
618 1425 902 1465 Ottomanide.
932 1434 972 1466 et
997 1429 1036 1466 io
1054 1456 1065 1476 ‚
1095 1428 1285 1478 fratello,
1319 1435 1520 1482 prometto
1548 1430 1592 1468 in
1622 1435 1763 1481 questa

317 1477 445 1527 hora,
474 1479 516 1518 in
535 1480 743 1532 presentia
760 1480 812 1519 de
844 1481 913 1519 dio
941 1495 963 1520 e
992 1481 1058 1520 del
1088 1483 1299 1535 propheta,
1328 1483 1474 1523 azoche
1501 1484 1542 1522 io
1575 1482 1634 1522 sia
1660 1496 1762 1522 vero

317 1533 446 1573 amico
477 1534 529 1572 de
556 1535 722 1574 Morat:
750 1535 916 1588 quando
944 1536 1157 1590 bisognara
1185 1538 1245 1576 far
1272 1540 1445 1578 exercito
1463 1566 1475 1588 ‚
1504 1537 1534 1576 li
1560 1537 1763 1577 mandari)

317 1600 402 1627 uno
430 1587 472 1626 di
500 1587 579 1627 mei
603 1618 616 1640 ,
643 1588 719 1628 che
747 1590 776 1628 li
805 1590 931 1629 faccia
962 1593 1200 1645 compagnia
1230 1593 1338 1632 nello
1362 1593 1535 1632 exercito
1563 1594 1763 1632 stratioti-

318 1655 386 1684 co.
442 1643 489 1681 Io
522 1657 597 1696 per
622 1657 745 1682 caxon
774 1644 880 1683 della
909 1642 1094 1698 presente
1120 1647 1430 1696 conciliatione,
1462 1654 1503 1687 et
1529 1647 1659 1686 anche
1682 1661 1761 1700 per

317 1697 480 1745 avanti,
511 1696 641 1736 havea
669 1697 894 1739 deliberato
918 1701 1049 1739 andar
1076 1702 1117 1739 in
1147 1702 1262 1741 Ionia
1291 1709 1330 1742 et
1357 1702 1657 1741 abbracciarme
1679 1715 1760 1742 con

316 1751 495 1790 Mustafa
537 1752 587 1790 de
614 1752 721 1792 Atis.
787 1754 925 1806 Dapoi
955 1755 1030 1794 che
1073 1762 1119 1794 tu
1145 1756 1204 1796 sei
1232 1757 1316 1796 mio
1355 1756 1514 1795 fratello
1542 1763 1583 1796 et
1609 1754 1651 1795 la
1676 1756 1761 1796 mia

317 1805 454 1844 anima
483 1805 549 1844 hai
578 1806 755 1859 disposto
784 1807 888 1848 cb’io
919 1810 977 1848 sia
1007 1810 1137 1849 amico
1178 1810 1229 1850 de
1258 1812 1421 1861 Morat,
1449 1816 1656 1863 prometto
1676 1811 1762 1851 'che

317 1861 360 1898 in
388 1857 427 1899 la
467 1867 588 1899 nocte
628 1862 704 1903 che
738 1864 903 1915 vegnira
946 1865 1178 1905 cominzarb
1206 1865 1237 1904 li
1277 1865 1407 1906 effecti
1439 1865 1545 1905 della
1572 1873 1765 1918 presente

319 1914 619 1954 conciliatione.
691 1917 873 1969 Separati
914 1918 1104 1972 adunque
1130 1919 1241 1959 l’uno
1266 1921 1477 1970 dal’altro,
1508 1921 1681 1960 Camusa
1708 1921 1763 1960 ad

318 1969 454 2007 Morat
482 1976 524 2008 et
551 1969 603 2008 ad
630 1971 832 2025 conseglio
874 1972 991 2011 refer}
1023 1973 1063 2013 la
1091 1974 1347 2015 conclusione
1372 1981 1414 2015 et
1442 1975 1470 2013 li
1499 1974 1631 2014 effecti
1658 1973 1764 2015 delle

318 2036 411 2062 cose
449 2029 621 2063 tractate
660 2040 740 2064 con
778 2026 940 2077 Zenait‚
980 2042 1057 2080 per
1082 2028 1120 2068 le
1147 2030 1267 2083 quale
1294 2038 1588 2070 comenzarono
1612 2029 1762 2069 havere

319 2091 456 2116 mazor
493 2080 628 2118 animo
669 2088 710 2119 et
747 2095 939 2134 speranza
984 2082 1088 2122 della
1130 2083 1266 2123 futura
1302 2084 1485 2124 victoria.
1558 2083 1694 2123 Zinait
1720 2083 1762 2123 la

318 2138 438 2171 nocte
464 2140 679 2186 sequente,
708 2136 748 2172 in
776 2136 813 2174 la
842 2138 970 2188 prima
1000 2138 1157 2190 vigilia,
1188 2146 1343 2178 armato
1371 2153 1446 2178 con
1476 2140 1582 2178 circa
1607 2144 1759 2178 settan-

244 2191 306 2235 ¹74
321 2191 362 2224 ta
391 2186 433 2224 di
461 2189 518 2226 soi
559 2189 711 2241 proprii
741 2190 894 2228 schiavi
921 2192 1061 2231 montb
1107 2192 1204 2231 nelli
1231 2194 1415 2246 megliori
1442 2192 1611 2244 cavalli,
1641 2193 1761 2245 togli-

320 2240 426 2278 endo
470 2256 546 2279 con
574 2243 661 2281 loro
702 2250 812 2283 tutto
850 2245 1041 2298 l'argento
1077 2254 1115 2285 et
1154 2247 1279 2298 l'oro,
1313 2247 1514 2300 partendo
1543 2247 1579 2286 el
1607 2247 1757 2286 cai-cho

322 2299 386 2332 tra
415 2295 487 2333 essi
518 2310 633 2335 senza
658 2298 948 2351 impedimento
987 2300 1090 2340 delle
1130 2315 1199 2340 sue
1229 2315 1418 2355 persone.
1477 2302 1702 2340 Lassarono
1732 2303 1760 2341 li

320 2347 537 2400 paviglioni
564 2351 695 2390 siccati
728 2359 769 2391 et
795 2354 808 2391 i
832 2354 931 2392 lumi
962 2356 1088 2393 accesi
1117 2369 1191 2408 per
1219 2352 1346 2395 mezo.
1378 2357 1600 2395 Lassarono
1630 2355 1760 2395 anche

321 2401 349 2440 li
379 2405 462 2441 vasi
492 2410 535 2443 et
564 2407 658 2444 tutti
683 2406 712 2445 li
742 2409 911 2458 cariazi,
942 2409 971 2448 li
1000 2410 1196 2461 gambeli,
1224 2409 1254 2449 li
1279 2410 1400 2460 muli,
1427 2409 1458 2449 li
1483 2409 1626 2450 cavalli
1653 2417 1696 2449 et
1728 2409 1758 2449 li

320 2458 428 2495 servi
466 2458 600 2497 inutili
637 2461 701 2499 ala
742 2462 930 2516 bataglia.
985 2463 1038 2503 Et
1066 2464 1148 2503 cos'l
1175 2465 1347 2518 expediti
1378 2464 1635 2504 tacitamente
1665 2478 1757 2517 par-

321 2510 445 2549 tendo
471 2513 739 2554 cavalcarono
769 2523 875 2556 tutta
902 2518 941 2557 la
969 2524 1087 2558 nocte
1115 2519 1194 2559 fine
1220 2519 1259 2558 al
1287 2533 1436 2569 zorno,
1468 2519 1542 2558 che
1570 2518 1756 2558 arivaro-

319 2577 378 2603 no
417 2565 470 2604 ali
507 2568 654 2606 confini
699 2570 750 2609 de
778 2572 894 2611 Lidia
925 2586 1045 2611 verso
1074 2573 1196 2613 Clieri
1223 2580 1266 2614 et
1291 2573 1477 2622 Ratira,
1509 2573 1757 2612 cavalcando

321 2617 362 2658 in
393 2619 527 2672 quella
570 2630 687 2662 nocte
719 2627 849 2664 camin
890 2626 941 2668 de
968 2628 1039 2666 doi
1087 2635 1262 2671 zornate.
1317 2627 1397 2668 Ala
1424 2634 1532 2666 terza
1559 2627 1663 2667 hora
1689 2628 1755 2667 del

321 2687 443 2712 zorno
485 2685 676 2728 sequente
712 2694 934 2728 passarono
968 2682 1004 2722 el
1035 2682 1155 2721 fiume
1181 2684 1391 2722 nominato
1418 2682 1639 2723 Hermona.
1695 2682 1755 2721 La

322 2741 411 2768 sera
438 2728 487 2770 de
530 2732 624 2785 (fuel
653 2747 778 2774 zoi-no.
810 2750 987 2777 zonzeno
1015 2736 1092 2779 alle
1119 2739 1278 2778 Smirne
1303 2751 1418 2778 senza
1446 2737 1562 2777 alcun
1595 2743 1755 2777 contra-
