1916 3210
365 142 481 216 476
838 151 1020 205 DUCAE
1058 163 1314 204 nisromA

364 261 458 313 qual
483 275 571 302 cosa
588 291 600 312 ‚
646 275 762 302 come
791 262 830 302 fo
873 261 1086 310 ordinata,
1118 262 1157 300 so
1185 262 1303 304 facta.
1358 260 1416 302 Le
1443 261 1550 301 fusce
1577 275 1624 302 se
1645 261 1794 318 strava-

365 329 434 361 πο,
462 325 501 356 et
529 318 569 356 in
597 317 864 357 ciascheduna
894 317 997 355 fusta
1025 330 1093 355 era
1124 330 1206 356 uno
1238 315 1431 356 nochiero
1460 316 1535 356 che
1561 323 1723 358 sentava
1754 317 1794 359 a'l

363 376 552 422 temone,
595 372 727 412 l'altro
770 371 844 410 che
885 385 1111 424 governava
1157 370 1196 411 le
1230 371 1332 411 vele.
1387 370 1540 411 L'altro
1566 371 1726 426 tegniva
1754 370 1794 412 el

364 426 595 477 innanzi-lo,
632 426 767 466 l'altro
796 425 834 464 la
871 425 1110 476 trombetta3
1137 426 1338 466 cantando
1364 428 1527 465 nautico
1555 434 1704 468 camm-
1739 427 1796 467 Et

366 480 595 533 navigando
622 483 664 520 in
692 494 797 534 pupa
826 493 900 533 per
929 480 965 519 le
988 479 1094 521 valle
1123 480 1335 521 andavano
1364 494 1436 534 per
1462 488 1586 530 terra,
1615 494 1688 534 per
1714 479 1795 521 fine

365 535 441 572 che
467 549 642 574 zonseno
685 536 723 574 al
750 548 876 574 mare.
923 548 997 588 per
1024 541 1163 590 questa
1188 537 1253 575 via
1281 535 1430 575 forono
1458 535 1660 576 conducta
1693 536 1796 576 suste

361 595 544 631 octantn.
601 590 704 629 Cosa
729 589 1009 643 maravigliosa
1038 596 1079 629 et
1103 593 1228 630 nova!
1294 592 1443 630 Xerses
1467 591 1553 630 fece
1577 596 1711 644 ponte
1727 603 1797 630 so-

364 657 435 696 pra
470 644 506 683 el
547 658 682 693 mare,
722 651 764 684 et
792 650 909 683 tanto
940 646 1113 684 exercito
1141 659 1254 697 passa
1274 659 1349 698 per
1377 645 1469 698 quel
1500 653 1650 698 ponte,
1678 658 1796 685 come

363 698 557 737 sarrebbe
582 706 737 752 passato
766 712 844 752 per
869 706 994 741 terra.
1014 714 1080 738 ma
1107 706 1250 754 questo
1280 699 1440 740 novello
1458 699 1695 751 Macedone,
1725 713 1795 740 oo-

364 767 431 791 me
457 754 496 791 io
540 753 692 802 credo,
739 753 883 793 ultimo
918 761 1098 807 tyranno
1144 753 1250 794 della
1283 768 1354 794 sua
1398 761 1529 804 mute,
1565 753 1731 795 fece'de
1755 754 1795 794 la

363 814 475 845 terra
504 821 638 859 mare,
682 814 724 847 et
754 807 783 847 li
815 808 953 848 navilii
994 809 1196 849 caminare
1219 823 1293 862 per
1317 809 1419 848 eima
1448 808 1552 848 delle
1576 815 1795 862 montagne

364 875 477 900 come
493 876 560 914 per
577 862 615 901 le
633 863 738 902 onde
761 866 931 902 marine.
964 864 1088 904 Xerse
1109 863 1294 903 venendo
1333 863 1447 917 passo
1472 863 1517 903 lu
1534 863 1795 918 Hellesponto

361 929 438 954 con
481 917 636 967 grande
680 918 840 970 gloria:
884 919 1089 958 tornando
1117 918 1230 971 passo
1258 919 1400 958 vestito
1429 918 1480 957 da
1510 917 1717 958 Atheniesi
1744 917 1796 957 de

363 973 516 1022 grande
543 985 758 1026 vergogna.
790 974 945 1023 Questo
974 973 1200 1026 navigando
1227 987 1297 1026 per
1334 980 1443 1012 terra
1466 985 1582 1012 come
1612 983 1684 1026 per
1708 975 1796 1013 ma-

364 1039 432 1075 re,
461 1026 618 1066 desl'ecc
642 1026 670 1065 li
702 1027 821 1066 Greci
852 1035 891 1066 et
920 1041 1036 1080 prese
1064 1027 1101 1067 le
1123 1027 1275 1067 famose
1306 1027 1485 1076 Athene,
1515 1027 1591 1066 che
1615 1027 1795 1067 adorna-

363 1093 413 1118 νει
441 1087 551 1119 tutto
576 1082 612 1119 el
638 1082 792 1120 mundo
810 1112 821 1131 ,
866 1083 948 1120 imo
977 1096 1090 1135 prese
1116 1083 1154 1121 la
1181 1082 1437 1136 imperatrice
1464 1081 1516 1120 de
1539 1081 1710 1122 tuttele
1736 1083 1796 1121 ci-

284 1149 352 1183 27²
363 1135 472 1173 tude.
531 1136 684 1185 Questo
712 1136 799 1175 fece
832 1149 906 1189 per
933 1150 1056 1180 mare,
1086 1138 1167 1176 Per
1193 1144 1306 1176 terra
1331 1142 1591 1184 veramente,
1652 1152 1654 1154 ’
1678 1136 1796 1176 ῆ3ιιὲ-

364 1189 418 1228 do
448 1189 581 1243 quella
614 1190 835 1230 bombarda
867 1191 1016 1243 grande
1043 1198 1185 1231 contra
1226 1191 1265 1231 la
1295 1191 1399 1242 cita,
1442 1190 1481 1229 la
1508 1191 1644 1243 pianto
1671 1193 1794 1232 verso

363 1245 399 1282 la
428 1252 546 1296 porta
574 1259 760 1298 appresso
806 1247 845 1284 S.
876 1246 1073 1287 Romano.
1129 1247 1280 1286 Arente
1306 1247 1343 1286 la
1371 1245 1594 1286 bombarda
1615 1245 1796 1300 grande,

361 1313 414 1337 ne
438 1300 522 1338 fece
559 1301 740 1352 piantem
777 1300 847 1338 doi
888 1300 990 1340 altre
1017 1301 1198 1352 minore,
1230 1315 1310 1340 una
1337 1300 1389 1340 da
1419 1314 1499 1340 uno
1528 1301 1635 1348 lato,
1665 1300 1796 1340 l'altra

362 1354 413 1391 da
443 1353 588 1393 l’altro.
658 1355 714 1393 Et
756 1356 885 1406 prima
925 1355 1062 1395 faceva
1090 1362 1200 1396 trare
1226 1355 1265 1395 le
1290 1355 1360 1394 doi
1389 1356 1570 1405 minore3
1595 1356 1663 1408 poi
1691 1355 1795 1395 clava

361 1409 457 1447 foco
487 1408 565 1447 alla
591 1409 746 1462 grande
777 1409 997 1448 bombarda
1015 1438 1027 1460 ‚
1058 1410 1129 1449 azb
1159 1410 1198 1449 la
1222 1411 1342 1450 botta
1370 1423 1452 1448 non
1481 1409 1650 1449 undasse
1672 1416 1795 1460 vota,

361 1462 568 1516 pigliando
604 1477 727 1517 segno
757 1471 795 1502 et
824 1478 983 1503 mesura
1024 1478 1095 1517 per
1120 1463 1159 1503 la
1188 1464 1340 1518 grande
1363 1463 1470 1504 dalle
1491 1464 1561 1503 doi
1591 1464 1692 1504 altre
1715 1465 1795 1503 mi-
1839 1498 1843 1502 .

362 1520 470 1556 nori.
535 1518 778 1557 Desearcata
819 1518 858 1557 la
886 1519 1037 1571 grande
1068 1518 1313 1568 bombat-da,
1347 1533 1422 1572 per
1445 1517 1483 1558 el
1510 1518 1666 1573 grande
1689 1525 1793 1560 tono

363 1578 405 1611 et
435 1579 614 1612 tremore
642 1574 737 1612 tutti
765 1572 1201 1626 constantinopolitani
1229 1576 1428 1614 rimaseno
1456 1573 1622 1613 attoniti
1649 1581 1690 1613 et
1710 1580 1796 1613 stu-

362 1626 526 1679 pefacti,
556 1627 795 1667 chiamando
825 1627 866 1666 in
891 1642 966 1671 suo
994 1629 1196 1668 adiutorio
1226 1629 1393 1668 Christo
1423 1628 1692 1682 redemptore.
1721 1628 1796 1668 Al-

361 1681 462 1720 liora
502 1681 659 1722 tolseno
708 1682 910 1721 l’ancliora
948 1683 1053 1722 della
1094 1684 1298 1736 genetrice
1343 1683 1395 1723 de
1438 1683 1508 1723 dio
1536 1683 1602 1723 dal
1630 1683 1798 1737 palazo,

362 1736 470 1775 dove
506 1736 644 1776 soleva
682 1751 841 1789 sempre
873 1744 978 1776 stare
996 1767 1006 1784 ‚
1056 1744 1095 1777 et
1123 1739 1277 1791 portola
1307 1751 1381 1776 con
1412 1737 1559 1777 devote
1585 1739 1796 1790 rogatione

361 1797 401 1828 ct
427 1805 549 1843 prece
571 1790 609 1829 al
635 1792 878 1830 monastici-o
904 1792 955 1831 de
971 1792 1119 1833 Chora.
1149 1793 1203 1831 Et
1228 1792 1281 1831 ivi
1307 1798 1424 1831 stette
1448 1792 1527 1832 fine
1555 1791 1685 1832 chela
1702 1792 1797 1832 eina

359 1845 412 1883 fo
432 1859 560 1898 presa.
590 1846 752 1885 Alhora
779 1846 821 1885 fo
837 1848 1020 1900 compito
1041 1846 1078 1885 el
1093 1847 1201 1886 dicto
1233 1848 1283 1886 de
1302 1847 1470 1886 Ieremia
1492 1847 1704 1900 propheta,
1733 1847 1797 1886 di-

361 1907 478 1939 cente
502 1914 579 1954 per
607 1901 644 1939 la
673 1900 828 1940 boccha
856 1901 906 1940 de
938 1901 1030 1941 dioc
1062 1902 1206 1954 perche
1233 1909 1281 1941 tu
1307 1908 1424 1954 porte
1453 1902 1589 1942 libano
1615 1901 1667 1941 da
1690 1901 1797 1941 Sava

364 1961 407 1994 et
433 1969 604 2009 cynamo
634 1955 687 1995 da
737 1961 844 1995 terra
872 1956 1066 1996 lontana?
1122 1956 1169 1995 Li
1197 1960 1322 1996 vostri
1345 1956 1552 2003 sacrificii,
1582 1970 1663 1996 non
1695 1969 1795 1996 sono

364 2010 580 2062 acceptati,
611 2016 652 2049 et
679 2009 709 2049 li
738 2011 864 2050 vostri
891 2010 1118 2051 holocausti
1142 2025 1223 2050 non
1251 2025 1314 2050 me
1343 2011 1476 2055 danno
1503 2011 1675 2065 piacere.
1702 2011 1800 2050 haee

362 2064 461 2102 dicit
485 2065 691 2105 dominus:
711 2065 830 2115 Ecce,
861 2065 900 2105 io
932 2065 985 2105 do
1012 2080 1035 2105 a
1065 2073 1205 2120 questo
1234 2065 1385 2119 popolo
1415 2065 1622 2115 infirmita,
1655 2070 1692 2104 et
1718 2065 1795 2104 de-

363 2125 591 2159 ventarano
614 2119 775 2158 infermi
806 2119 847 2159 in
878 2122 1013 2174 quello
1043 2121 1080 2160 el
1111 2128 1226 2174 patre
1252 2127 1292 2160 et
1318 2120 1470 2174 figlioli.
1506 2121 1558 2159 El
1587 2120 1718 2159 vicino
1746 2119 1795 2159 e’l

362 2175 595 2226 propinquo
624 2188 667 2214 se
695 2174 937 2228 perderano.
966 2177 1064 2215 llaec
1088 2176 1188 2215 dicit
1212 2175 1402 2215 dominus.
1458 2175 1618 2223 Eccho,
1650 2173 1687 2212 el
1715 2188 1796 2227 po-

362 2228 458 2280 polo
487 2243 615 2268 venne
641 2229 692 2268 da
721 2230 875 2280 Borea,
902 2230 1056 2284 grande
1083 2236 1216 2284 gente.
1270 2230 1325 2270 Et
1341 2229 1456 2269 molti
1479 2227 1724 2282 imperadori
1752 2241 1796 2268 se

360 2283 557 2322 levarono
604 2283 701 2322 dalli
753 2285 903 2323 confini
945 2285 1049 2324 della
1088 2292 1223 2336 terra,
1268 2292 1307 2323 et
1349 2292 1568 2338 portarano
1613 2282 1723 2322 archi
1752 2289 1794 2323 et

361 2336 573 2388 pharetra,
615 2346 654 2377 et
679 2352 851 2379 seranno
895 2339 1050 2379 crudeli
1080 2345 1122 2379 et
1154 2353 1238 2379 non
1266 2338 1474 2379 haverano
1505 2337 1792 2380 misericordia.

359 2391 414 2429 Et
440 2392 477 2430 la
504 2406 606 2432 voce
633 2407 704 2432 sua
734 2395 847 2433 serra
867 2407 983 2434 come
1008 2409 1097 2433 mar
1113 2393 1344 2448 procelloso.
1375 2397 1416 2432 in
1446 2392 1587 2432 cavalli
1615 2399 1655 2430 et
1681 2405 1794 2431 arme

280 2453 606 2496 273mena1·anno
645 2462 740 2487 zoso
778 2449 804 2487 li
844 2449 935 2488 loro
965 2449 1142 2488 exercito
1183 2462 1295 2494 come
1323 2448 1418 2487 foco
1447 2448 1487 2487 in
1516 2445 1689 2498 bataglia
1707 2475 1720 2495 ‚
1748 2447 1791 2484 in

358 2507 414 2550 te,
446 2501 591 2553 figliola
621 2502 738 2542 Sion.
773 2505 839 2541 Ma
858 2510 1043 2543 tornamo
1076 2502 1139 2542 ala
1165 2504 1336 2557 sagacite
1367 2503 1431 2541 del
1460 2502 1647 2554 magistro
1672 2499 1791 2538 bom..

358 2553 572 2606 bardiero,
618 2555 657 2595 el
706 2557 847 2611 quale,
891 2558 1036 2609 azoche
1071 2572 1154 2597 non
1198 2572 1241 2598 se
1267 2557 1467 2597 sfendasse
1497 2555 1535 2595 la
1569 2554 1791 2594 bombarda

357 2608 561 2648 trahendo
592 2609 630 2648 la
673 2612 827 2663 piena,
868 2612 1059 2651 intrando
1100 2612 1136 2651 el
1164 2620 1286 2652 vento
1316 2610 1382 2650 nel
1409 2624 1537 2650 vacuo
1566 2609 1606 2648 di
1639 2608 1790 2648 metalli

358 2663 537 2702 calefacti
578 2664 681 2703 dalla
728 2667 888 2706 calidita
921 2667 1025 2706 della
1065 2665 1255 2720 polvere,
1285 2666 1422 2705 subito
1449 2666 1616 2717 copriva
1645 2663 1791 2702 lecal-

359 2717 410 2758 de
437 2718 661 2759 bombarde
688 2733 760 2759 con
781 2720 884 2774 pelle
913 2721 963 2761 de
989 2720 1159 2766 camelli.
1215 2723 1283 2762 Ma
1309 2719 1457 2773 perche
1487 2724 1630 2774 questo
1658 2731 1788 2758 reme-
