1916 3210
591 147 666 188 AD
715 146 835 191 CAP.
874 148 948 188 iv.
973 144 1186 189 nona.
1496 129 1603 198 541

152 261 338 301 sumnia,
366 246 431 293 illi.
464 249 607 305 poeula
635 249 894 293 ministrasse.
961 249 1128 291 Maurus
1159 260 1329 304 quoque
1353 246 1541 290 Orbinns
1573 251 1614 290 in

152 305 327 354 historia
350 304 403 348 tle
429 318 560 359 regno
588 304 808 346 Slavorum
837 305 950 345 illam
982 305 1102 345 fuisse
1130 304 1273 344 Lazari
1302 302 1428 344 filiam
1456 306 1614 356 scribit,

153 361 328 415 eiusque
369 373 519 402 nomen
548 360 757 401 Milievam
795 361 915 401 fuisse
949 360 1115 414 prodit,
1156 372 1330 414 eamque
1370 359 1539 400 Baiaziti
1571 361 1614 401 in

152 417 463 464 matrimonium
487 413 726 457 collocatam
754 430 778 456 a
805 423 937 456 matre
965 429 1038 456 sua
1056 413 1192 455 Miliza
1214 414 1355 455 Lazari
1382 415 1507 456 vidua
1523 446 1536 466 ,
1569 424 1618 456 ut

153 469 489 520 benevolum‚ac
516 477 711 525 pacatum
738 484 832 511 eum
857 472 933 511 sibi
963 476 1140 524 pararet.

160 561 163 564 ,
264 525 410 580 ,ἰῇ-ις’,
427 527 494 576 ²4·
523 526 610 566 ταῖν
622 523 842 576 μετάλλων
855 525 1052 580 Σερβιάς]
1085 525 1260 566 Illarum
1275 525 1429 579 argenti
1454 525 1615 567 fodina-

153 595 254 623 Μαι
265 581 452 623 meminit
464 581 675 622 Bonflnius
694 583 745 621 D.
758 582 783 622 3
803 580 873 622 lib.
896 582 946 622 8:
978 582 1224 621 Mehenietes
1242 583 1488 637 superiorem
1500 584 1618 638 prim·

151 637 336 690 Mysiam
348 637 548 690 ingressus
556 636 739 690 fodinas
759 639 938 690 argenti,
958 651 1061 692 quae
1080 637 1254 691 despotis
1268 645 1400 689 erant,
1419 650 1618 694 occupat-e
1630 640 1670 675 V.
1695 650 1758 686 ¹7⁰

149 693 308 738 uitiar-
329 706 483 732 novum
511 701 684 734 montem
717 693 932 747 Trepciam
958 701 995 732 et
1024 692 1189 744 Prg‘fien
1216 692 1303 732 eius
1330 692 1511 748 oppida,
1541 708 1618 734 ar.

149 748 264 802 genti
281 747 622 803 ,metallorumque
632 749 910 802 ,feracissima
925 777 937 795 ‚
968 747 1118 788 obsidet
1143 755 1182 787 et
1206 757 1436 802 expugnat.
1494 749 1619 789 Mau-

151 817 226 844 rus
267 802 392 843 etiam
431 802 614 843 Orbinus
652 806 694 843 in
722 803 940 843 Slavorum
979 817 1133 856 regno:
1175 802 1312 843 Monte
1352 816 1449 844 nero
1485 817 1564 845 ove
1587 806 1622 846 ic

157 858 290 905 cho
316 859 373 900 Ιαὰ
397 858 644 898 ricchissime
672 860 826 898 minere
855 858 971 898 cl'oro
1001 872 1023 897 e
1050 858 1270 912 d'argento,

146 952 151 958 ,
215 947 219 951 .
267 912 319 954 Ρ.
337 912 451 966 18,4,
468 911 828 962 Καλλιουπόλεως
842 911 1200 967 καίΛαμψάκου]
1219 912 1427 968 Callipolis
1446 915 1548 956 urbs
1567 915 1621 956 ad

150 967 472 1023 ,Hellespontum
489 973 532 1010 iu
547 970 718 1023 Europa
735 971 828 1019 sita,
859 983 883 1009 a
907 968 1037 1008 Callia
1052 969 1299 1009 Atheniense
1315 969 1416 1009 olim
1441 970 1622 1013 condita.

155 1038 254 1066 cum
281 1038 307 1064 a
338 1025 490 1066 'rumis
518 1024 753 1066 Suleimane
779 1026 898 1066 Bassa
930 1025 1036 1065 duce
1064 1024 1270 1078 Callipolis
1302 1039 1373 1065 seu
1405 1026 1621 1081 Calliopo-

152 1079 208 1122 lis
238 1087 358 1134 capta
397 1080 500 1131 fuit,
542 1087 585 1121 et
611 1082 752 1121 tantae
793 1082 976 1121 iacturae
1020 1082 1193 1120 nuncius
1220 1079 1621 1137 Constantinopolim

153 1133 337 1191 perlatus
354 1164 368 1187 ,
409 1150 458 1177 eo
487 1138 698 1177 vaesaniae
736 1136 846 1176 caeci
875 1135 1026 1176 Graeci
1050 1135 1303 1176 devenerant
1322 1166 1336 1189 ,
1365 1145 1412 1178 ut
1439 1137 1622 1179 dicerent

147 1192 406 1247 ‚amphoram
447 1192 539 1232 viai
570 1207 599 1232 a
628 1192 771 1232 Tur-cis
800 1200 977 1247 ereptam
995 1221 1006 1239 ‚
1041 1205 1116 1232 nec
1145 1191 1198 1231 de
1229 1190 1298 1231 illa
1325 1206 1419 1233 arce
1447 1207 1621 1248 recupe-

153 1247 287 1291 randa
330 1247 569 1302 cogitarent.
633 1248 879 1302 Lampsacus
906 1248 947 1288 in
972 1246 1075 1287 Asia
1102 1253 1190 1300 est,
1221 1254 1262 1287 et
1289 1247 1472 1303 Lapsae-o
1497 1249 1621 1291 hodie

151 1317 179 1343 a
207 1302 380 1344 Graecis
405 1310 587 1344 vocatur.

155 1383 157 1386 ·
268 1356 318 1399 P.
354 1358 434 1409 18,
460 1358 500 1400 6.
560 1354 808 1413 Κοτύαιον]
882 1358 1049 1399 Maioris
1089 1357 1295 1413 Pbrygiae
1321 1358 1449 1410 urbs,
1496 1373 1621 1415 quam

152 1411 279 1453 Tui-ci
310 1412 503 1467 Catalu'ge
528 1412 767 1468 appellant..

232 1503 234 1506 .
268 1468 322 1510 P.
354 1468 422 1519 18,
449 1483 510 1510 ιι.
539 1467 836 1523 Λαοδικαίας]
894 1467 1097 1509 Laodicea
1123 1468 1223 1510 urbs
1240 1469 1625 1526 PhrygiaeCappa-

153 1523 309 1574 tianae,
337 1523 548 1578 Diospolis
576 1529 698 1564 antea
726 1524 942 1578 appellata.
1495 1559 1496 1562 ,
1603 1547 1604 1550 =

122 1590 126 1593 ’
267 1580 318 1619 Ρ.
353 1593 417 1634 ι9,
451 1594 494 1622 2.
521 1575 596 1620 τὸν
623 1577 901 1634 Μαίανδρον]
960 1579 997 1620 Α
1022 1580 1168 1620 Tui-cis
1201 1580 1350 1621 Madm
1377 1581 1622 1636 appellatur.

267 1634 327 1682 P„
343 1648 405 1688 19,
421 1647 460 1676 2.
490 1631 596 1687 πρὸς
613 1631 931 1690 Φιλαδελφίαν]
962 1636 1162 1676 Laonicus
1178 1635 1248 1676 lib.
1263 1650 1285 1676 2
1303 1636 1427 1677 refert
1445 1637 1623 1692 impera·

155 1697 292 1731 torem
309 1690 546 1731 Manuelem
564 1704 637 1743 per
670 1691 986 1731 caduceatorem
1011 1692 1168 1731 iussisse
1188 1691 1498 1747 Philadelphiae
1513 1693 1624 1734 cives

154 1752 202 1786 ut
218 1759 261 1785 se
277 1745 442 1786 Baiaziti
473 1745 669 1786 dederent
695 1760 743 1785 ac
765 1747 1068 1799 permitterent,
1097 1746 1244 1801 quibus
1261 1762 1412 1802 parere
1441 1763 1625 1797 renueu-

145 1808 221 1848 ,ιω
249 1800 691 1848 Baiazitesobsidione
711 1801 847 1851 cinxit,
878 1802 1064 1855 urbeque
1093 1804 1242 1855 potitus
1263 1810 1338 1847 est.
1368 1803 1473 1844 libro
1500 1806 1624 1845 etiam

155 1855 186 1898 6
235 1855 330 1900 hist,
357 1855 549 1896 Musulm.
593 1864 737 1896 narrat
773 1857 1049 1896 Leunclavius
1085 1857 1303 1897 Baiazitem
1331 1873 1442 1899 anno
1471 1859 1623 1900 Christi

145 1912 268 1966 ,1390
298 1911 632 1966 Philadelphiam
658 1911 886 1966 subegisse3
926 1926 1032 1967 quae
1060 1927 1135 1966 per
1162 1915 1314 1954 multos
1342 1928 1473 1954 annos
1499 1922 1623 1956 stete·-

157 1975 252 2019 rat‚
295 1974 513 2022 postquam
549 1974 702 2007 ceteras
730 1968 854 2008 Asiae
881 1968 1002 2008 urbes
1046 1969 1087 2007 in
1118 1968 1316 2008 ditionem
1346 1983 1464 2010 suam
1494 1970 1622 2011 Turci

154 2023 420 2077 redegissent.
489 2021 778 2077 Philadelphia
813 2023 967 2078 Lydiae
998 2023 1097 2063 urbs
1128 2031 1213 2076 est,
1243 2025 1437 2065 Sardium
1464 2033 1620 2066 metro-

154 2079 306 2134 politae
333 2079 433 2119 olim
460 2079 635 2122 subdita.
1600 2126 1603 2130 ,

266 2135 316 2174 P.
332 2148 399 2188 29,
424 2133 483 2174 18.
501 2135 597 2188 Cap.
617 2133 653 2175 5.
685 2127 707 2172 ὅ
733 2132 779 2173 δὲ
795 2130 1226 2189 βασιλεὺςἸωάννης]
1257 2136 1373 2187 Quae
1390 2135 1443 2176 ab
1455 2136 1619 2177 orcha·
1631 2146 1666 2185 P.
1683 2146 1752 2181 216

157 2203 210 2230 ne
231 2190 398 2243 eiusque
413 2189 496 2230 filio
513 2192 673 2230 Morate
689 2195 800 2243 gesta
827 2195 921 2229 sunt
948 2189 1047 2228 dum
1064 2189 1394 2231 Christianorum
1419 2199 1492 2232 aut
1519 2194 1621 2233 vici-

156 2259 310 2286 norum
343 2246 584 2286 'sm-corum
629 2260 713 2286 sese
753 2245 874 2284 rebus
914 2244 1171 2297 immiscent,
1201 2245 1383 2287 breviter
1411 2251 1622 2290 enarravit

155 2300 278 2341 huius
307 2300 499 2341 historiae
540 2307 703 2342 auctor.
772 2301 958 2340 Baiazitis
983 2301 1132 2340 deinde
1159 2300 1275 2342 initia
1307 2316 1437 2358 usque
1468 2304 1519 2344 ad
1550 2305 1619 2345 lo..

154 2356 306 2396 hannis
333 2357 492 2397 obitum
522 2357 669 2397 leviter
714 2357 910 2397 hactenus
937 2356 1188 2409 perstrinxit.
1218 2357 1269 2397 ad
1298 2372 1445 2399 eorum
1474 2360 1621 2401 deinde

157 2416 434 2452 nam-ationem
462 2413 702 2466 regreditur,
728 2426 833 2465 quae
863 2413 904 2451 in
937 2412 1029 2452 aula
1057 2411 1273 2466 Cpolitana
1303 2420 1346 2454 et
1370 2416 1414 2455 in
1444 2416 1617 2470 imperio

157 2469 430 2516 Graecorum,
458 2469 606 2522 quibus
624 2467 827 2507 Iohannes
856 2469 1041 2521 regnavit
1062 2469 1335 2522 temporibus,
1364 2470 1617 2516 acciderunt.

156 2537 295 2563 rerum
335 2539 381 2564 ac
410 2532 632 2564 eventuum
674 2523 990 2577 praecipuorum
1019 2525 1167 2563 seriem
1197 2528 1387 2578 exponit,
1416 2534 1458 2566 et
1488 2526 1618 2567 infor-

158 2579 274 2619 tunia
305 2587 444 2619 narrat
489 2580 635 2633 quibus
665 2578 838 2618 labantis
869 2578 1025 2632 imperii
1059 2579 1261 2632 Cpolilani
1290 2581 1511 2636 reliquiae,
1539 2584 1617 2623 sub

156 2635 396 2674 Andronico
427 2641 468 2674 et
503 2635 686 2674 Iohanne
704 2642 898 2688 tanquam
914 2633 1150 2688 procellosis
1176 2636 1408 2685 turbinibus
1437 2639 1616 2677 circum-

157 2698 271 2730 actae
294 2705 346 2730 uc
381 2693 575 2742 iactatae,
610 2690 778 2729 tandem
808 2691 1035 2744 perierunt.
1065 2705 1079 2729 c
1096 2705 1245 2731 uamm
1272 2691 1514 2746 ampliorem
1539 2708 1617 2733 no-

157 2745 290 2786 titiam
318 2747 388 2805 qui
418 2746 571 2786 habere
601 2747 747 2800 cupit,
788 2745 1058 2786 Cantacuzcni
1077 2705 1301 2788 historiam
1330 2756 1370 2790 ct
1403 2751 1616 2804 Gregorae
