1884 3216
311 167 419 223 228
652 183 836 227 DUCAE
861 182 1147 226 MicuAEms
1184 181 1408 227 impons

407 285 454 330 Ὁ
483 286 665 335 θάνατος
704 281 780 328 οὖν
812 288 887 327 τοῦ
924 282 1098 340 Μωρὰτ
1133 285 1211 327 ov’x
1238 279 1293 340 ἦν
1338 283 1751 335 πολυνοσωδέικῖατος

306 346 390 395 οὔτ’
420 346 684 407 ἀχθηῷόρος,
712 349 820 393 α’λλὰ
846 351 919 391 καί
943 346 1059 403 παρὰ
1087 349 1163 390 τοῦ
1189 348 1350 404 πατρὸς
1379 348 1514 391 αὐτοῦ’
1539 347 1750 405 ἀτιμωθῇ,-

305 416 470 471 τότερος
512 417 585 458 καί
626 417 776 457 παθῶν
817 415 890 456 καί
925 412 1058 456 νόσων
1101 412 1452 469 ἐλευθερώτερος,
1492 407 1612 466 οἶμαι
1632 414 1751 457 θεοῦ

268 484 515 538 Βκρίνοντος
551 479 659 522 κατὰ
697 479 772 534 τήν
798 481 874 521 τοῦ
912 477 1065 534 α’νδρὸς
1103 478 1208 535 πρὸς
1236 479 1280 522 τὸ
1316 477 1455 521 κοινόν
1483 473 1653 520 εὔνοιαν
1678 477 1752 521 καὶ

303 546 380 603 τὴν
413 545 772 599 συμπαθεστάτην
797 542 901 599 πρὸς
943 542 1040 594 τούς
1066 547 1239 600 πένητας
1267 543 1488 586 διάθεσιν·
1544 543 1596 585 οὔ
1622 538 1807 596 μόνονὸ,

302 612 382 668 γὰρ
410 615 455 655 ἐν
494 617 581 661 τοῖς
623 611 760 652 αὐτοῦ
787 608 895 652 κατὰ
946 612 1063 664 γένος
1104 612 1178 652 καί
1204 611 1289 652 κατ’
1319 609 1517 663 ἀσέβειαν
1544 605 1651 651 α’λλά
1679 605 1754 651 καὶ

301 685 389 728 τοῖς
418 680 691 732 Χριστιανοῖς
710 707 722 730 ,
760 673 812 724 ἃς
857 675 1052 730 ἐνόρκους
1098 674 1310 730 συνθήκας
1336 674 1564 730 ἔπραττεν,
1592 671 1752 723 ταύτας

300 746 361 793 εἷς
386 743 500 790 τέλος
527 738 684 788 ἀσινεῖς
712 739 787 782 καὶ
813 737 1056 789 α’θολαὶτους
1081 739 1340 796 ἐφύλαττεν·
1396 740 1434 782 εἰ
1460 737 1542 794 γὰρ
1567 741 1645 781 καὶ
1667 754 1751 780 πα-

302 806 542 864 ρασπονδάς
569 807 653 848 τῶν
680 807 954 860 Χριστιανῶν
980 820 1090 853 τινες
1120 806 1193 846 καί
1218 801 1479 860 παραβάσεις
1505 802 1590 846 τῶν
1616 799 1753 857 ὅρκων

299 871 690 926 μεταχειρισθὲντες
716 869 792 912 τὸν
821 870 1033 926 ἆλάθητον
1061 871 1139 912 τοῦ
1166 869 1271 911 θεοῦ.
1292 865 1521 925 ὄφθαλμὸν
1542 867 1626 911 οὐκ
1652 866 1751 910 ἔλα·
1771 884 1818 912 ιο

300 943 379 981 θον
396 936 469 980 καί
494 936 569 991 τὴν
588 938 707 991 δίκην
729 938 903 985 δικαίως
922 937 1225 990 τιμωρηθέντες
1252 937 1350 990 παρ’
1378 936 1512 976 αὐτοῦ
1537 936 1612 976 τοῦ
1632 935 1753 978 ἐκδι-

300 1005 441 1059 κητοῦ,
472 1002 546 1043 οὐκ
567 1003 626 1051 εἰς
652 999 821 1056 μακράν
844 1000 896 1044 τὰ
919 1003 992 1055 τῆς
1019 1002 1149 1057 μήνης
1177 1002 1418 1052 ἐξετείνοντο
1448 1000 1630 1054 πλέθρα,
1664 999 1755 1041 ἄλλ’

302 1067 435 1117 εὐθὺς
468 1065 573 1121 μετὰ
614 1068 691 1121 τὴν
729 1069 843 1122 νίκην
897 1067 949 1107 οὔ
986 1069 1235 1108 κατεδιῖυκεν
1262 1065 1283 1108 ὃ
1319 1063 1561 1120 βάρβαρος,
1591 1064 1668 1106 ov'x
1695 1065 1755 1114 εἰς

266 1136 419 1184 (Ξτέλος
451 1131 523 1175 τὸν
552 1131 797 1188 ἀφανισμὸν
824 1132 954 1185 ἐδίψα
989 1134 1064 1173 τοῦ
1091 1128 1286 1185 τυχόντος
1310 1129 1490 1180 ἔθνους·
1545 1129 1634 1171 ἀλλ’
1664 1125 1756 1182 ἅμα

306 1201 346 1242 οἱ
373 1199 620 1255 ἡττηθέντες
647 1200 897 1251 πρεσβεῦσιν
922 1195 972 1239 τά
1003 1199 1077 1251 τῆς
1103 1197 1268 1252 εἰρήνης
1294 1198 1550 1250 ἐσκέψαντο,
1579 1197 1653 1237 καί
1677 1193 1755 1237 αὖ·
1774 1195 1822 1236 15

303 1264 376 1314 τὸς
399 1265 632 1318 προθύμως
670 1264 838 1316 ἐδέχετο
881 1261 954 1304 καί
973 1261 1074 1311 τούς
1115 1264 1312 1318 πρέσβεις
1338 1264 1427 1315 μετ’
1457 1258 1624 1316 εἰρήνης
1655 1261 1757 1303 α’πὲ-

304 1334 393 1382 λυε,
422 1331 559 1381 μισῶν
586 1326 665 1378 τοὶς
678 1326 836 1382 μάχας,
869 1329 1042 1380 ἀγαπῶν
1058 1325 1133 1382 τήν
1157 1325 1351 1381 εἰρήνην·
1381 1325 1455 1367 καί
1478 1325 1500 1367 ὅ
1518 1324 1656 1381 πατὴρ
1684 1328 1758 1381 τῆς

305 1394 471 1450 εἰρήνης
504 1396 777 1448 α’ντεμέτρησε
827 1390 901 1446 τήν
929 1391 1126 1446 τελευτὴν
1156 1394 1231 1434 τοῦ
1255 1393 1475 1447 βαρβάρου
1507 1392 1553 1433 ἐν
1579 1390 1725 1448 εἰρήνῃ
1743 1421 1756 1444 ,

306 1461 379 1502 καί
410 1460 486 1500 οὐκ
512 1455 563 1513 ἦν
592 1460 802 1514 μάχαιρα.
835 1453 939 1513 ἦσαν
963 1459 1008 1499 δὲ
1037 1456 1082 1500 αἱ
1111 1460 1181 1513 τῆς
1208 1458 1332 1500 νόσου
1350 1460 1484 1499 πᾶσαι
1499 1457 1654 1514 ἡμέραι
1667 1460 1759 1500 τέσ-

307 1541 449 1579 σαρες.
507 1523 686 1575 ἐξελθών
716 1524 794 1579 γὰρ
822 1527 867 1565 ὲκ
895 1525 973 1566 τοῦ
1005 1526 1211 1565 παλατίου
1241 1522 1321 1566 σὺν
1349 1523 1503 1577 ὀλίγοις
1530 1521 1758 1572 νεανίσκοις
1769 1538 1824 1566 20

308 1594 448 1646 ἑὸιέβη
481 1590 559 1645 τήν
579 1593 702 1645 νῆσον
717 1589 768 1645 ἢν
795 1590 831 1632 οἱ
851 1593 1033 1643 ποταμοί
1060 1592 1351 1645 ὃιαρραγέντες
1379 1590 1551 1645 πλησίον
1581 1591 1654 1644 τῆς
1681 1587 1759 1630 πό-

309 1662 412 1706 λεως
434 1655 566 1710 αὐτὴν
583 1658 642 1705 εἰς
661 1656 929 1710 εὐρυχωρίαν
951 1656 1221 1712 κατέστησαν,
1250 1656 1324 1696 καί
1339 1656 1520 1709 λιπαρᾶς
1539 1649 1667 1708 οὔσης
1685 1656 1759 1708 τῆς

309 1723 384 1775 γῆς
403 1719 650 1775 βοσκήματα
672 1721 746 1762 καί
772 1720 930 1776 τροφαί
947 1720 1030 1761 τῶν
1058 1720 1220 1774 ἀλόγων
1240 1718 1357 1771 ζώων
1371 1721 1548 1774 χλοεραί
1567 1719 1758 1774 φύονται·

268 1786 584 1841 Βάγελάζονται
604 1784 684 1841 γάρ
704 1787 749 1828 ἐν
779 1787 887 1843 αὐτῇ
911 1783 1124 1841 φορβάδαι
1151 1787 1223 1828 καί
1242 1785 1406 1840 ἡμίονοι
1421 1784 1494 1827 καί
1515 1787 1596 1827 τῶν
1623 1782 1759 1827 ἵππιον

412 1887 461 1920 ¹9·
490 1869 534 1916 ἦν
555 1873 741 1921 μάχαιρα]
764 1883 884 1907 nonne
907 1874 948 1909 ἐν
969 1873 1167 1922 μαχαίρᾳὶ)
1474 1863 1478 1867 ’

408 1954 709 1999 Morates‘itaque
724 1966 797 1988 non
815 1954 985 1988 diuturno
1004 1960 1067 1988 aut
1084 1955 1179 1999 gravi
1198 1955 1323 1988 morbo
1340 1951 1530 1998 occubuit,
1555 1956 1618 1990 sed
1642 1955 1761 2001 longe,

318 2013 426 2047 quam
450 2008 551 2047 pater
580 2002 668 2042 eius,
694 2001 880 2034 doloribus
908 2007 944 2034 et
968 2001 1192 2046 aegritudine
1218 2002 1334 2035 minus
1359 2008 1517 2035 vexatus.
1542 2003 1610 2037 hoc
1635 2003 1669 2037 ei
1696 2004 1762 2037 tri—

317 2048 445 2081 butum
468 2048 527 2081 dei
554 2048 699 2081 decreto
726 2048 816 2081 mihi
840 2048 984 2081 videtur
999 2054 1146 2093 propter
1170 2048 1277 2081 huius
1302 2049 1371 2087 viri
1397 2060 1477 2093 erga
1497 2060 1606 2094 genus
1634 2050 1763 2083 huma·

317 2107 404 2127 num
418 2094 731 2135 benevolentiam,
757 2100 794 2128 et
813 2106 892 2139 erga
912 2106 1087 2139 pauperes
1112 2094 1404 2128 misericordiam.
1428 2107 1501 2128 non
1525 2097 1639 2129 solum
1666 2097 1762 2131 euim

321 2153 412 2185 quae
439 2153 517 2174 cum
542 2141 680 2185 generis
710 2147 745 2174 et
773 2142 970 2186 impietatis
996 2142 1113 2182 sociis,
1138 2142 1202 2175 sed
1227 2142 1334 2174 etiam
1363 2153 1455 2186 quae
1481 2154 1559 2175 cum
1589 2142 1763 2176 Christia—

320 2188 375 2220 nis
405 2188 550 2220 foedera
576 2188 784 2228 sanciverat‚
809 2189 946 2232 integra
970 2199 1109 2232 semper
1134 2189 1295 2221 servavit.
1328 2189 1394 2221 etsi
1420 2189 1516 2221 enim
1540 2188 1763 2222 Christiano-

321 2245 397 2266 rum
420 2235 587 2266 nonnulli
611 2246 735 2278 pacem
759 2235 894 2268 violare
913 2234 1117 2267 conati-dei
1142 2235 1283 2267 oculum
1300 2259 1310 2274 ‚
1336 2234 1391 2267 cui
1417 2234 1510 2267 nihil
1535 2240 1589 2267 est
1611 2235 1763 2268 abscou-

322 2280 460 2321 ditum,
483 2292 555 2313 non
582 2282 777 2321 latuerunt,
814 2281 877 2314 sed
894 2292 1028 2325 poenas
1052 2281 1197 2314 meritas
1224 2281 1359 2314 vindici
1383 2280 1438 2313 illi
1464 2280 1662 2323 dederunt,
1688 2291 1763 2315 non

321 2327 541 2372 perdurabat
564 2333 685 2360 tamen
709 2328 821 2372 ipsius
846 2329 920 2367 ira,
947 2338 1013 2360 nec
1040 2333 1176 2372 partam
1212 2327 1397 2360 victoriam
1430 2327 1603 2360 barbarus
1639 2339 1763 2373 perse-

323 2373 502 2418 quebatur
521 2380 582 2406 aut
603 2375 715 2406 ullam
739 2380 879 2418 gentem
905 2374 1068 2407 funditus
1104 2374 1304 2406 evertebat:
1325 2373 1387 2406 sed
1410 2373 1474 2406 ubi
1499 2374 1652 2418 primum
1676 2375 1763 2408 victi

321 2431 446 2464 pacem
484 2431 547 2464 per
571 2420 706 2464 legatos
733 2421 884 2465 petiere,
912 2421 989 2465 ipse
1020 2431 1079 2453 eos
1117 2420 1223 2452 facile
1248 2419 1463 2453 admittebat
1507 2426 1543 2453 et
1565 2433 1644 2454 cum
1674 2432 1763 2466 pace

323 2466 541 2506 dimittebzfflt
567 2478 702 2511 pugnas
721 2473 912 2507 aversatus,
933 2466 1144 2499 concordiae
1169 2466 1362 2499 studiosus.
1385 2466 1468 2500 ideo
1485 2468 1634 2511 pacifica
1647 2474 1762 2501 morte

321 2525 387 2546 nee
414 2513 507 2545 ferro
542 2519 732 2557 properata
766 2514 865 2558 pacis
900 2519 1004 2558 pater
1027 2524 1107 2546 eum
1137 2518 1382 2545 remuneratus
1422 2519 1497 2554 est3
1534 2520 1762 2559 quatuorque

322 2565 463 2593 tantum
489 2558 617 2591 diebus
658 2559 842 2594 decubuit.
878 2571 1038 2603 egressus
1074 2559 1168 2592 enim
1192 2571 1272 2591 cum
1304 2558 1594 2593 adolescentibus
1621 2560 1763 2605 aliquot

320 2606 458 2650 palatio
496 2617 559 2638 suo
591 2606 630 2638 in
655 2606 810 2639 insulam
845 2606 1007 2646 traiecit,
1045 2617 1153 2650 quam
1183 2617 1295 2650 prope
1322 2605 1448 2639 urbem
1471 2606 1601 2640 fluvius
1626 2606 1761 2639 divisus

318 2653 465 2696 longam
499 2652 681 2696 latamque
718 2653 834 2686 efficit
870 2653 946 2685 eius
979 2652 1104 2696 pingui
1144 2652 1182 2685 in
1206 2653 1283 2685 solo
1306 2652 1498 2695 pecoribus
1522 2659 1605 2697 apta
1628 2664 1761 2697 pascua

320 2699 456 2739 virent,
483 2704 520 2731 et
542 2704 801 2742 congregantur
823 2699 876 2731 ibi
903 2710 1029 2752 equae,
1052 2699 1141 2731 muli
1167 2704 1203 2731 et
1234 2699 1331 2743 equi,
1355 2710 1445 2743 quos
1472 2699 1637 2744 princeps
1672 2699 1762 2733 edu-

323 2751 391 2787 cat,
414 2745 588 2791 generosi.
613 2744 721 2778 aedes
746 2756 891 2791 quoque
910 2745 1072 2790 egregiae
1095 2744 1230 2787 insunt,
1254 2756 1334 2779 cum
1360 2745 1407 2779 ad
1432 2745 1644 2780 balneorum
1657 2757 1760 2780 usum
