1916 3236
257 209 328 251 ΧΙΙ
850 209 1131 252 BULLIALDI

270 311 509 364 investiget,
555 311 878 369 narrationisque
906 311 1019 350 filum
1067 313 1224 364 parcius
1258 313 1544 365 interrumpat.
1600 312 1707 355 Lao-

267 387 383 427 nicus
406 389 512 427 enim
538 387 635 428 dum
657 387 712 427 de·
733 388 854 428 rebus
872 388 1102 428 Turcorum
1135 388 1341 429 confusam
1368 403 1485 443 saepe
1506 390 1709 430 narratio-

271 467 364 503 nem
377 465 585 515 instituit,
617 466 690 504 'ad
718 465 1022 516 describendas,
1054 466 1237 519 imperite
1264 473 1310 505 ut
1346 467 1588 520 plurimum,
1619 466 1706 507 Oe-

266 540 527 581 cidentalium
562 554 775 596 regnorum
810 542 995 595 politeias
1036 541 1277 596 digreditur.
1345 543 1546 583 Phranzes
1571 549 1708 584 autem

245 625 425 670 ‘piaeter
447 631 534 658 rem
566 626 607 659 et
634 618 793 659 nullius
811 621 1003 658 momenti
1026 619 1150 659 multa
1168 623 1249 660 suis
1278 621 1463 671 inseruit,
1492 633 1567 661 nec
1586 633 1705 660 aecu-

266 702 354 736 rate
381 702 421 734 et
442 694 678 750 diligenter,
707 703 869 749 praeter
889 695 1146 748 Cpolitanam
1172 697 1446 746 obsidionem,
1483 711 1604 752 quam
1635 704 1702 740 re.

266 779 330 812 cte
363 773 534 812 instituit
561 778 603 811 et
630 773 905 825 persequitur,
929 786 993 812 res
1020 781 1147 826 gestas
1178 781 1328 814 narrat.
1357 788 1448 814 cum
1475 773 1707 816 Turcor‘um

271 848 502 888 Annalibus
541 851 583 888 'et
612 849 788 896 Historia
819 865 840 887 a
863 849 1105 890 Leunclavio
1140 851 1323 890 acerrimi
1342 850 1481 890 iudicii
1501 851 1591 891 viro
1614 841 1707 899 'edi-

265 926 316 964 tis
334 933 472 965 noster
492 925 710 965 admodum
734 927 883 976 sentit;
923 941 1004 980 quo
1035 929 1199 966 nomine
1229 929 1361 982 magni
1381 924 1586 969 faciendus
1606 926 1706 970 mihi

257 1000 442 1042 videtur.
476 1003 518 1041 in
553 1001 631 1041 illis
659 1017 763 1056 quae
790 1003 843 1042 ad'
869 1003 1087 1043 Iohannem
1113 1011 1348 1058 utrumque,
1383 1004 1707 1045 Cantacuzenum

268 1084 310 1117 et
325 1077 626 1133 Palaeologu'm,
646 1079 862 1132 pertinent,
894 1080 945 1119 ab
967 1080 1053 1134 ipso
1072 1079 1351 1120 Cantacuzeno
1372 1094 1452 1120 non
1477 1080 1598 1121 valde
1621 1080 1706 1121 dib»

266 1154 416 1205 sentit,
444 1156 628 1209 quamvis
654 1163 881 1209 temporum
900 1157 1043 1196 seriem
1071 1157 1360 1196 intertui-basse
1383 1157 1529 1196 alicubi
1559 1157 1703 1211 depre—

263 1229 476 1272 hendatur.
507 1246 581 1272 nec
609 1231 767 1272 silentio
795 1232 1126 1272 transmittendus
1151 1239 1211 1273 est
1238 1246 1475 1284 consensus,
1506 1234 1576 1287 qui
1600 1235 1706 1275 inter

264 1307 399 1361 ipsum
421 1322 470 1348 ac
490 1309 746 1349 Leonardum
770 1309 982 1349 Chiensem
1010 1309 1217 1350 intercedit
1238 1310 1278 1349 in
1305 1309 1480 1364 Cpoleos
1495 1309 1704 1352 obsidione

257 1398 314 1424 ‹ac
350 1387 648 1439 expugnatione
682 1387 957 1427 describenda.
987 1401 1090 1441 quae
1131 1386 1296 1441 quidem
1325 1387 1585 1427 diversorum
1603 1388 1703 1427 scri-

263 1469 426 1515 ptorum
465 1463 692 1503 'concordia
728 1464 918 1504 historiae
958 1464 1077 1503 fldem
1113 1463 1323 1515 conciliat,
1374 1471 1413 1503 et
1457 1478 1570 1517 quae·
1606 1477 1700 1503 vera

259 1540 420 1592 'quaeve
452 1539 552 1581 falsa
583 1542 691 1593 sint,
736 1541 989 1582 discernendi
1031 1542 1187 1596 copiam
1210 1542 1320 1581 facit.
1349 1542 1391 1581 in
1416 1540 1537 1580 rebus
1569 1553 1700 1593 porro

260 1614 513 1670 Eungaricis
545 1618 794 1671 imperitum‘
816 1632 858 1658 se
903 1618 1069 1672 prodit,
1116 1624 1346 1671 statumque
1381 1618 1494 1672 regni
1534 1615 1642 1658 illius
1678 1631 1702 1680 a

273 1698 408 1732 morte
428 1693 672 1747 sigismundi
699 1696 952 1748 imperatoris
988 1696 1203 1748 ignorasse.

375 1770 438 1811 De
467 1772 639 1812 auctoris
671 1771 791 1811 huius
826 1771 1043 1823 historiae,
1083 1785 1204 1826 quam
1242 1772 1316 1811 sub
1347 1784 1468 1810 manu
1487 1770 1702 1823 habemus,

262 1848 428 1888 nomine
470 1855 511 1888 et
543 1863 688 1903 genere
725 1849 962 1902 paucissima
987 1849 1159 1889 dicenda
1194 1855 1430 1888 occurrunt.
1460 1854 1502 1887 et
1531 1847 1605 1886 nisi
1638 1847 1703 1887 avi

259 1925 323 1964 sui
349 1926 519 1978 paterni
537 1938 685 1965 nomen
714 1926 848 1979 capite
876 1925 900 1966 5
930 1925 1118 1966 edidisset
1137 1955 1149 1978 ,
1177 1939 1399 1979 anonymus
1424 1925 1528 1964 liber
1559 1924 1702 1978 prodi-

256 2007 374 2041 turus
411 2008 517 2042 erat.
546 2012 690 2042 verum
717 2016 809 2042 cum
839 2003 893 2042 ab*
919 2003 1089 2056 antiquis
1114 2001 1192 2042 illis
1217 2002 1367 2053 Ducis,
1395 2002 1464 2055 qui
1491 2000 1608 2055 cpoli
1635 2013 1701 2040 re·-

259 2085 470 2130 gnarunt,
501 2092 542 2118 se
581 2085 716 2118 ortum
754 2079 860 2119 dicat
900 2079 1208 2120 et‘Michaelem
1240 2079 1398 2118 Ducam
1431 2091 1552 2118 avum
1583 2089 1702 2142 sumn

259 2152 460 2207 appellet,
491 2154 695 2195 Historiae
728 2155 891 2196 titulum
925 2156 1180 2209 inscripturi,
1210 2157 1277 2195 avi
1312 2168 1455 2195 nomen
1484 2153 1700 2207 >proprium

262 2242 309 2269 ac
337 2229 584 2284 gentilicium
628 2235 842 2286 repetitum
869 2234 1151 2287 praefiximus,
1189 2238 1237 2271 ut
1279 2232 1450 2271 auctoris
1487 2230 1699 2283 proprium

257 2314 409 2347 nomen
435 2308 554 2348 nobis
570 2310 751 2363 ignotum
778 2311 848 2349 tali
865 2311 1164 2350 circumstantia
1194 2308 1544 2349 determinaretur.
1575 2305 1697 2344 Chri-

257 2385 409 2424 stianae
447 2385 607 2438 pietatis
642 2387 944 2427 tenacissimum
972 2394 1012 2427 et
1039 2385 1272 2426 Catholicae
1305 2384 1489 2424 ecclesiae
1515 2396 1698 2422 commu-

257 2462 389 2501 nionis
423 2462 756 2503 studiosissimum
782 2477 824 2503 se
848 2465 1001 2519 ubique
1027 2463 1240 2518 approbat.
1300 2461 1464 2501 Graecis
1491 2461 1697 2500 levitatem

259 2539 488 2593 malamque
531 2539 652 2580 fidem
699 2540 836 2581 obiicit
853 2571 865 2593 ‚
899 2542 967 2595 qui
995 2541 1086 2581 ficte
1111 2554 1157 2580 ac
1186 2538 1371 2579 simulate
1397 2551 1489 2577 cum
1515 2537 1697 2577 Romana

260 2615 424 2655 ecelesia
451 2616 716 2656 concordiam
747 2617 949 2670 inierant,
978 2632 1051 2658 nec
1079 2617 1159 2657 alio
1188 2616 1325 2656 animo
1358 2627 1496 2668 pacem
1525 2625 1692 2666 compo·-

253 2699 417 2732 suerant
442 2706 563 2745 quam
593 2700 638 2732 ut
679 2709 701 2732 a
732 2694 984 2748 principibus
1013 2692 1378 2742 Occidentalibus,
1405 2705 1508 2744 papa
1537 2689 1692 2743 praeci-¹

255 2783 366 2822 pue,
403 2769 546 2809 auxilia
577 2778 716 2811 contra
756 2772 918 2812 Turcos
948 2765 1300 2826 consequerentur.
1330 2769 1555 2811 institutum
1583 2767 1691 2809 vitae
