1890 3204
579 126 654 168 ΑΒ
682 126 800 172 cn.
839 127 982 174 xxxx.
1014 126 1217 169 NOTAE.
1525 109 1639 184 599

184 240 359 283 eumque
389 227 548 269 Latinis
577 229 798 269 concilium
824 229 1055 279 Feri-ariae,
1085 229 1318 270 Florentiae
1345 228 1509 270 demum
1534 230 1643 271 cele-

183 284 328 335 brant3
356 283 469 338 quod
508 284 672 339 qualem
700 287 850 325 exitum
880 285 1093 336 habuerit,
1127 300 1175 326 ex
1201 285 1278 324 hac
1304 284 1473 325 historia
1504 286 1644 328 Ducae

181 339 373 395 colligere
401 339 511 381 licet.

185 437 188 441 ,
302 395 356 437 Ρ.
387 408 487 447 212,
521 395 602 446 14..
646 393 684 435 οἱ
719 394 765 434 δὲ
794 389 1110 450 ἁθροισθέντες]
1168 394 1504 449 Archipraesules
1534 409 1646 449 apa-

183 450 370 502 triarcha
409 449 526 493 electi
568 464 660 490 eum
700 451 882 491 comitati
930 459 1046 491 sunt'
1073 458 1114 491 et
1152 449 1309 506 synodo
1342 450 1647 502 interfuerunt,

185 506 368 562 Ephesi,
397 505 689 561 Trapezuntis,
722 506 970 557 Heracleae,
1002 506 1169 562 Cyzici,
1203 506 1419 554 Sardium,
1450 505 1649 548 Nicome-

186 562 305 614 diae,
331 561 534 613 Nicaeae,
561 561 746 602 Tornovi
765 592 776 610 ‚
810 561 1129 610 monembasiae,
1158 561 1490 610 Lacedaemonis,
1521 560 1651 602 Ama-

186 619 274 659 siae
289 645 304 669 ‚
334 615 553 672 Mitylenes
574 647 586 669 ,
633 617 927 672 Staurupoleos
946 647 958 667 ,
993 617 1228 658 Moldaviae
1248 646 1262 668 ‚
1291 617 1454 670 Rhodi,
1478 615 1651 659 Meleni-

185 674 256 723 ci,
300 673 505 723 Brumae,
543 673 707 724 Ganni,
746 674 930 714 Dristrae
969 679 1012 713 et
1039 673 1254 724 Anchiali,
1295 687 1436 714 omnes
1479 686 1652 713 numero

185 729 348 783 viginti.
386 727 503 768 venit
527 727 580 768 ad
616 727 832 769 concilium
860 737 899 769 et
926 730 1094 770 Russiae
1121 728 1394 782 archipraesul
1432 742 1526 767 cum
1561 728 1650 783 epi..
1663 734 1698 768 P.
1714 735 1780 770 258

184 797 331 838 scopo..
357 797 405 824 ex
430 783 708 824 Archontibus
748 786 869 824 etiam
898 784 1087 824 ecclesiae
1117 784 1350 831 adfuerunt.
1381 785 1557 837 Magnus
1589 798 1651 825 sa·

183 838 400 891 cellarius,
430 841 605 894 Magnus
631 836 899 894 σκευοφὺλαξ
935 854 1005 881 seu
1049 853 1242 880 vasorum
1279 846 1442 888 custos,
1480 840 1653 893 Magnus
1710 855 1713 857 “

185 893 511 949 chartophylax,
539 896 713 949 Magnus
742 894 935 936 ecclesiae
961 895 1202 949 praefectus,
1244 895 1536 945 Protecdicus‚
1570 897 1653 936 No-

186 949 420 1005 mophylax,
453 957 493 990 et
520 949 588 990 alii
614 949 803 990 officiales
841 965 980 992 omnes
1023 951 1109 990 fere
1147 957 1314 1004 excepto
1345 950 1654 991 Hieromnemo-

185 1020 266 1056 ne,
298 1007 370 1060 qui
394 1012 495 1047 tuuc
521 1006 670 1046 morbo
698 1006 908 1046 decubuit.
952 1006 1156 1061 praesules
1186 1020 1283 1045 vero
1312 1006 1654 1045 monasteriorum

185 1061 355 1107 suerunt
381 1061 609 1116 Gregorius
638 1062 948 1102 Pantocratoris
988 1061 1184 1115 praesul,
1227 1061 1348 1101 Malei
1375 1059 1570 1115 praesul,
1607 1061 1650 1100 S.

185 1115 328 1157 Basilii
362 1116 544 1171 praesul.
573 1130 620 1157 ex
650 1116 979 1158 hieromonachis
1007 1117 1270 1169 Paehomius,
1300 1117 1464 1170 Moyses
1493 1118 1653 1156 Laui-ae

185 1172 424 1213 Monasterii
443 1201 458 1222 ,
484 1172 721 1213 Dorotheus
752 1173 991 1226 Batopaedii
1021 1173 1254 1212 monasterii
1284 1171 1494 1211 monachi.
1553 1171 1652 1212 Ate-

186 1226 376 1268 xandrini
403 1227 660 1282 patriarchae
690 1228 868 1268 vicarius
913 1229 955 1268 fit
989 1227 1268 1268 Heracleensis
1304 1227 1652 1280 archiepiscopus.

186 1283 431 1325 Antiochiae
472 1282 738 1337 patriarchae
785 1285 893 1324 vices
923 1284 1077 1324 obeunt
1116 1285 1338 1338 Gregorius
1365 1281 1654 1322 Pneumaticus

187 1346 230 1380 et
257 1339 424 1380 Russiae
451 1338 802 1393 archiepiscopus3
838 1339 1198 1393 Hierosolymitani
1235 1337 1401 1378 tandem
1428 1337 1583 1391 Ephesi
1607 1345 1655 1378 et

184 1395 378 1438 Sardium
403 1393 715 1448 archiepiscopi.

299 1449 351 1492 P.
378 1463 474 1501 212,
510 1463 574 1503 17·
633 1447 818 1503 τριήρεις
842 1449 1017 1500 πέμψας
1043 1446 1066 1488 ὅ
1095 1445 1279 1503 Πάντας]
1338 1448 1437 1488 Illae
1464 1449 1652 1488 triremes

185 1505 368 1548 Venetae
401 1504 512 1545 circa
552 1505 676 1546 finem
719 1504 974 1558 Septembris
1000 1519 1109 1544 anno
1144 1503 1244 1558 1437
1265 1534 1278 1556 ,
1319 1504 1468 1557 quibus
1495 1504 1651 1557 praese-

134 1560 141 1571 '
184 1569 274 1603 ctus
301 1567 388 1602 erat
414 1560 620 1601 Antonius
650 1559 969 1600 condolmerius
997 1561 1171 1614 Eugenii
1200 1574 1329 1613 papae
1358 1573 1513 1614 nepos,
1537 1559 1648 1611 Cpo-

183 1616 258 1659 lim
285 1614 480 1670 appulsae
507 1624 630 1668 sunt,
655 1623 870 1670 terraeque
899 1623 1035 1656 motus
1052 1617 1140 1670 ipso
1166 1616 1233 1654 die
1256 1615 1387 1654 factus
1412 1615 1648 1653 adnotatur.

208 1670 212 1673 ’
297 1673 352 1715 Ρ.
382 1685 476 1722 212,
513 1685 577 1725 ¹9·
636 1667 720 1710 ἀπὸ
750 1671 824 1723 τῆς
846 1671 1170 1711 Κωνσταντίνου
1198 1670 1260 1716 εἰς
1279 1667 1498 1724 Βενετίαν]
1531 1669 1650 1723 Cpoli

184 1727 400 1770 solverunt.
427 1726 626 1767 Novemb.
657 1725 734 1778 24,
766 1740 876 1766 anno
911 1725 1028 1780 1437,
1063 1740 1145 1779 quo
1162 1726 1228 1764 die
1251 1726 1363 1778 Cpoli
1395 1733 1532 1764 terrae
1554 1739 1651 1764 mo-

185 1791 254 1825 tus
279 1781 441 1824 accidit.
511 1782 717 1821 Phi-anzes
746 1795 835 1834 cap.
881 1783 928 1831 ¹4
973 1781 1046 1820 lib.
1071 1796 1094 1820 2
1125 1782 1180 1820 ait
1208 1782 1497 1833 imperatorem
1526 1779 1652 1819 adve-

185 1841 293 1880 nisse
334 1837 525 1879 venetias
559 1836 773 1876 Februarii
802 1836 858 1886 8,
899 1850 1008 1876 anuo
1038 1835 1172 1890 6946,
1219 1835 1370 1874 Christi
1416 1834 1537 1886 1438.
1581 1836 1652 1888 qui

185 1902 277 1936 tum
317 1895 437 1935 etiam
481 1906 575 1932 cum
617 1894 866 1944 imperatore
908 1899 948 1930 et
989 1890 1221 1958 patriarcha
1253 1890 1453 1941 aderaut,
1484 1889 1654 1929 tradunt

186 1949 381 1992 Venetias
407 1948 620 1988 advenisse
638 1946 838 1988 sabbatho
867 1945 944 1986 τοῦ
972 1944 1152 1996 ασώτου,
1186 1946 1226 1985 id
1256 1954 1314 1985 est
1333 1945 1534 1985 sabbatho
1564 1944 1654 1998 pri-

186 2005 255 2046 die
288 2005 562 2054 Dominicae,
604 2017 685 2056 qua
731 2001 940 2042 orientalis
976 2002 1147 2042 ecclesia
1187 2000 1445 2055 evangelium
1488 1999 1651 2054 prodigi

186 2061 287 2114 filii,
320 2060 433 2116 quod
470 2058 649 2098 habetur
676 2059 812 2097 Lucae
849 2071 885 2097 c.
927 2057 1005 2107 15,
1036 2059 1077 2096 in
1112 2056 1275 2109 liturgia
1307 2059 1463 2096 recitat.
1496 2058 1653 2109 experi-

188 2117 342 2158 endum
370 2123 429 2156 est
457 2129 556 2155 num
589 2115 804 2154 conveniat
833 2113 1039 2152 Phranzes
1067 2126 1162 2152 cum
1192 2112 1269 2151 his.
1298 2126 1408 2151 anno
1437 2111 1510 2152 illo
1549 2109 1652 2162 1438

186 2173 326 2228 cyclus
349 2173 493 2212 Lunae
520 2170 598 2210 fuit
633 2168 696 2221 14,
726 2168 828 2208 Solis
861 2183 932 2223 19,
964 2168 1103 2207 littera
1132 2170 1257 2208 Dom.
1287 2168 1339 2207 E.
1369 2181 1465 2221 ergo
1494 2165 1652 2206 Pascha

186 2229 267 2270 suit
294 2226 454 2281 Aprilis
482 2226 548 2266 die
581 2226 644 2265 13.
675 2241 699 2263 a
731 2238 813 2278 quo
846 2224 880 2263 si
909 2230 1021 2263 retro
1047 2237 1308 2264 numeremus
1335 2223 1571 2262 Dominicas
1595 2235 1651 2275 9,

186 2285 469 2339 perveniemus
511 2282 563 2322 ad
602 2280 816 2320 Februarii
845 2279 952 2318 diem
978 2293 1028 2332 9,
1067 2278 1330 2319 Dominicam
1370 2279 1446 2318 τοῦ
1479 2272 1651 2317 α’σιότου

189 2354 260 2387 seu
287 2339 358 2379 filii
388 2337 561 2392 prodigi.
591 2335 725 2390 pridie
754 2349 856 2389 ergo
889 2334 964 2374 fuit
997 2334 1240 2374 sabbathum
1266 2334 1478 2374 Februarii
1506 2333 1590 2372 dies
1607 2331 1651 2373 8.

189 2395 407 2439 Dominiea
436 2392 506 2432 illa
534 2388 700 2431 α’σώτου
732 2390 848 2430 nobis
879 2390 1035 2429 Latinis
1076 2390 1375 2443 Septuagcsima
1401 2389 1566 2429 dicitur.
1602 2387 1654 2426 ab

189 2451 259 2492 illa
288 2449 507 2491 Dominica
532 2448 586 2488 ad
620 2454 884 2500 sequentem,
931 2459 1036 2499 quae
1064 2445 1138 2497 τῆς
1165 2443 1359 2498 ἀποκρέω
1388 2443 1620 2498 appellatur
1640 2472 1652 2490 ‚

190 2507 387 2548 carnibus
425 2505 581 2558 egregie
625 2510 846 2542 vescuntur
887 2501 1046 2540 Graeci.
1097 2503 1287 2540 convenit
1330 2501 1453 2540 etiam
1497 2499 1655 2538 notatio

191 2562 271 2602 diei
301 2561 328 2601 8
355 2562 492 2601 Martii
524 2559 621 2598 anni
651 2557 777 2608 illius,
804 2558 875 2611 qui
903 2557 979 2596 suit
1007 2554 1223 2607 σάββατον
1252 2550 1447 2608 δεύτερον
1474 2555 1556 2594 τῶν
1585 2567 1658 2605 νη-

191 2617 369 2667 στειῶν,
399 2630 480 2670 quo
519 2615 586 2653 die
624 2613 856 2667 patriarcha
898 2611 1093 2666 Iosephus
1123 2626 1271 2665 papam
1299 2611 1490 2651 salutavit
1519 2607 1658 2648 osculo

192 2674 303 2726 pacis
330 2673 374 2712 in
404 2671 593 2719 domino,
639 2678 684 2708 ut
728 2669 854 2708 refert
883 2668 1090 2708 Plu—onzes
1134 2682 1226 2720 cap.
1261 2667 1308 2707 16
1338 2667 1412 2707 lib.
1448 2682 1484 2708 2.
1513 2672 1553 2704 et
1587 2664 1659 2716 qui

193 2727 365 2770 concilio
407 2727 680 2769 interfuerunt
713 2725 861 2765 Gracci
900 2723 1007 2763 idem
1038 2722 1205 2763 tradunt
1224 2754 1235 2775 ,
1265 2723 1501 2775 adduntque
1530 2720 1659 2773 patri-
