1878 3204
679 142 846 184 mnssx
889 141 1150 186 mmmm.
1342 151 1344 153 v
1594 139 1624 194 7

170 249 336 292 Montes
354 242 448 290 duce
464 243 647 281 Broc-ulto
668 244 902 291 Hungariam
922 244 1080 293 frustra
1107 240 1270 280 invadit.
1317 244 1483 279 Morcus
1501 253 1630 277 socero

169 306 239 331 suo
259 295 417 340 Georgia
445 290 577 326 bellum
604 291 737 338 insert,
762 292 869 328 urbes
893 294 993 340 capit
1007 319 1021 333 ,
1047 294 1211 327 sororios
1227 303 1313 327 suos
1328 290 1527 326 luminibus
1546 290 1631 336 pri-

168 351 250 378 vat.
297 339 502 376 Draculius
526 338 568 372 in
586 350 773 373 carcerem
809 338 976 374 detrusus
993 337 1093 375 datis
1106 339 1204 387 filiis
1224 336 1411 378 obsidibus
1432 336 1630 372 liberatur.

171 391 335 426 Morates
357 383 597 432 Belogradum
620 385 777 432 frustra
803 395 1001 432 oppugnat.
1048 383 1055 393 '
1074 389 1130 422 31.
1165 384 1225 420 Ad
1241 383 1418 431 synodum
1437 383 1632 420 celebran-

170 434 256 471 dam
274 432 529 482 proficiscitur
546 434 589 466 in
603 432 754 467 Italiam
785 434 1008 479 imperator,
1044 444 1149 480 quem
1172 431 1394 478 patriarcha
1422 439 1458 466 et
1477 431 1549 464 alii
1571 441 1633 465 co-

171 481 296 517 mitati
325 487 422 515 sunt.
448 477 543 527 quid
565 479 777 514 Florentiae
806 489 929 515 actum
955 481 1025 521 sit,
1050 488 1086 515 et
1113 478 1207 528 quid
1236 487 1322 526 post
1343 480 1569 514 Graecorum
1590 477 1633 510 in

170 526 340 576 patriam
357 523 516 561 reditum
543 524 749 566 acciderit,
783 535 976 562 narratur.
1025 528 1081 562 ³2.
1104 526 1257 562 Ser-viae
1279 524 1431 570 despota
1458 524 1503 558 ab
1526 524 1635 559 Hun-

170 574 275 621 εει-ἐι
294 572 441 607 auxilia
455 571 832 619 implorat,'duceque
852 573 1017 608 Iohanne
1040 572 1241 609 Hunniade
1257 573 1293 607 T
1288 583 1457 607 urcorum
1475 570 1635 617 provin-

171 623 254 666 cias
279 618 442 657 invadit.
489 620 655 654 Mor-ates
685 619 810 654 subita
830 622 1092 667 Hungarorum
1118 620 1327 667 irruptione
1350 619 1543 665 perculsus
1567 628 1637 663 pa-

174 679 250 703 cem
272 677 353 703 cum
376 665 526 712 despota
559 674 596 701 et
615 667 808 712 Hungaris
836 667 1030 702 stabilivit.
1081 667 1283 702 Car-amani
1303 663 1437 701 deinde
1458 663 1636 699 ditionem

173 712 336 750 invadit.
382 711 563 748 Aladines
595 714 757 748 Moratis
783 715 1052 760 primogenitus
1087 713 1182 749 diem
1203 714 1290 749 obit.
1315 712 1468 760 imperio
1492 722 1638 746 succes—

173 773 238 796 sor
275 759 486 796 destinatur
503 760 742 801 Mehemetes,
779 769 813 794 et
844 762 1048 807 imperator
1079 762 1279 796 salutatur.
1327 761 1494 794 Morates
1520 758 1638 792 vitam

169 809 357 855 privatam
391 814 544 841 acturus
562 807 714 841 Prusam
739 806 887 843 secedit.
947 809 1124 855 Hungari
1148 807 1278 842 Turcis
1301 806 1433 841 bellum
1458 805 1637 851 inferunt.

173 855 342 890 Morates
363 863 443 887 cum
469 854 585 900 copiis
604 855 645 887 in
659 855 848 900 Europam
869 856 1036 898 traiicit,
1057 854 1148 902 filio
1167 866 1204 889 se
1223 854 1443 899 coniungit‚·
1471 850 1522 885 ad
1541 851 1638 887 Var-

173 913 260 936 nam
287 898 487 935 Ladislaus
506 901 726 943 Hungariae
753 913 819 936 rex
852 900 1107 949 interficitur,
1142 912 1350 949 magnaque
1369 908 1493 945 strage
1533 897 1641 934 Chri-

173 947 293 984 stiani
317 945 536 983 caeduntur.
567 944 618 982 ad
640 948 758 982 vitam
774 949 966 995 privatam
990 947 1088 983 redit
1106 949 1286 988 Mor-ates,
1314 945 1412 982 unde
1441 954 1642 980 revocatur

176 994 225 1030 ab
249 994 377 1029 Halile
403 993 523 1028 bassa.
573 993 793 1029 Hunniades
825 996 866 1028 in
885 995 1026 1030 Turcos
1048 996 1202 1036 iterum,
1227 992 1292 1028 sed
1316 995 1537 1040 improspere
1560 1005 1638 1026 mo-

177 1049 251 1076 vet.
299 1041 468 1075 Morates
490 1040 777 1085 Peloponnesum
802 1040 962 1076 invadit.
1010 1043 1066 1076 33.
1089 1041 1276 1075 Iohannes
1301 1042 1506 1086 imperator
1528 1039 1644 1073 mor-i-

177 1097 254 1128 tur.
269 1095 306 1122 et
318 1086 458 1134 Cpolim
480 1086 631 1133 despota
646 1087 916 1122 Constantinus
940 1089 1061 1128 venit,
1072 1089 1326 1135 Moratemque
1350 1087 1425 1120 sibi
1447 1087 1640 1121 conciliat.

178 1135 345 1170 Maraces
363 1132 451 1180 filio
488 1145 555 1167 suo
583 1133 778 1168 Mehemeti
799 1145 950 1170 uxorem
973 1134 1056 1172 dat.
1083 1142 1238 1181 postque
1261 1133 1470 1169 celebratas
1495 1133 1646 1178 nuptias

178 1180 303 1216 statim
336 1181 503 1215 moritur.
563 1178 780 1214 Mehemetes
806 1179 851 1215 de
872 1182 994 1227 patris
1011 1189 1127 1215 morte
1146 1179 1432 1259 certiorbsactus
1457 1178 1647 1214 Adriano-

176 1228 291 1276 polim
313 1227 443 1269 venit,
467 1226 670 1273 imperator
693 1227 905 1269 salutatur,
936 1236 972 1262 et
1008 1226 1054 1262 de
1077 1226 1226 1273 imperii
1249 1237 1288 1260 re
1314 1238 1357 1260 us
1381 1234 1532 1260 tractat.
1565 1227 1648 1259 Mo-

179 1275 276 1309 ratis
302 1284 420 1309 mores
453 1281 488 1308 et
510 1274 727 1318 ingenium,
763 1274 911 1309 morbus
937 1282 973 1309 et
997 1275 1218 1308 insomnium
1246 1282 1334 1309 ante
1359 1281 1509 1307 mortem
1533 1272 1647 1306 obla-

180 1329 266 1357 tum.
314 1319 531 1355 Mehemetes
550 1320 715 1366 fratrem
748 1332 852 1355 suum
874 1322 1100 1366 strangulat.
1151 1320 1311 1365 Georgio
1335 1320 1491 1354 Serviae
1517 1318 1648 1364 despo-

179 1375 240 1403 tae
265 1365 386 1410 filiam
415 1377 617 1402 novercam
645 1378 691 1401 ue
721 1379 825 1402 suam
856 1367 1075 1403 Mehemetes
1092 1368 1238 1414 petenti
1259 1366 1426 1402 remittit.
1449 1378 1519 1412 per
1541 1367 1647 1411 lega-

179 1423 238 1450 tos
270 1414 300 1448 B
319 1413 475 1454 *zantini
506 1425 586 1448 cum
655 1413 810 1450 ehemete
845 1425 973 1462 pacem
1003 1416 1260 1456 constituunt,
1287 1422 1324 1449 et
1356 1414 1569 1459 pensionem
1597 1411 1650 1446 ad

181 1427 356 1498 alae-ditm
384 1459 589 1496 Orchanem
625 1460 671 1495 ab
709 1472 751 1496 eo
781 1461 982 1508 accipiunt.
1019 1462 1232 1509 principum
1257 1468 1293 1496 et
1316 1461 1463 1495 urbium
1489 1460 1650 1503 legatio·

182 1520 247 1544 nes
270 1505 324 1542 ad
343 1507 587 1542 Mehemetem.
650 1507 704 1553 34.
729 1508 946 1544 Mehemetes
968 1507 1137 1544 indutias
1169 1521 1249 1543 cum
1273 1509 1410 1547 laneo,
1440 1504 1482 1542 id
1507 1515 1559 1540 est
1590 1507 1650 1540 Io-

181 1554 308 1589 hanne
338 1553 568 1595 Hunniade,
607 1556 814 1590 triennales
857 1557 1068 1602 componit‚·
1104 1556 1316 1590 Car-amano
1351 1554 1484 1589 bellum
1521 1553 1649 1600 insert.

182 1601 388 1647 Byzantini
410 1599 466 1636 ad
483 1601 718 1637 Mehemetem
748 1602 891 1648 legatos
918 1604 1094 1644 mittunt,
1122 1603 1303 1650 falsoque
1328 1610 1544 1637 coronatum
1573 1611 1650 1635 esse

187 1647 473 1684 Constantinum
498 1648 728 1696 significant.
779 1649 889 1684 Halil
911 1649 1020 1684 bassa
1048 1651 1211 1685 Graecos
1241 1650 1411 1696 increpat
1427 1673 1436 1688 ,
1458 1656 1494 1683 et
1520 1646 1648 1682 Mehe-

184 1703 292 1730 metes
322 1695 530 1741 legatorum
562 1695 690 1731 verbis
721 1694 883 1741 offensus
921 1708 1050 1743 pacem
1083 1708 1163 1732 cum
1208 1696 1419 1731 Caramano
1453 1695 1650 1739 componit.

188 1743 351 1778 Graecos
371 1741 497 1778 variis
517 1741 636 1777 modis
657 1754 798 1777 vexare
822 1743 959 1789 incipit
982 1742 1223 1784 Mehemetes,
1257 1751 1293 1778 et
1329 1741 1381 1777 ad
1402 1742 1560 1787 Bospori
1582 1752 1655 1774 an·

185 1789 332 1836 gustias
354 1796 516 1824 castrum
540 1788 730 1836 aedificat.
756 1791 926 1825 novitate
949 1791 1022 1825 ista
1049 1791 1176 1825 territi
1202 1788 1405 1835 Byzantini
1423 1802 1491 1835 per
1508 1790 1652 1832 legatos

188 1846 269 1870 cum
292 1835 490 1872 Mehemete
523 1836 763 1883 expostulant
778 1861 788 1876 ,
829 1838 897 1884 qui
923 1837 1076 1884 superbe
1100 1835 1298 1884 respondet
1321 1845 1355 1871 et
1380 1838 1555 1870 minatur.
1580 1846 1653 1868 arx

189 1879 242 1918 ad
260 1881 419 1930 Bospori
437 1882 576 1929 fauces
599 1881 822 1930 aedificata,
849 1895 943 1929 ager
968 1884 1187 1930 Cpolitanus
1224 1891 1401 1918 vastatus.
1432 1882 1655 1925 Byzantinis

193 1929 335 1964 bellurn
353 1927 488 1963 indicit
511 1929 740 1964 Mehemcles.
804 1930 860 1965 35.
888 1930 1104 1966 Mehemetes
1126 1929 1170 1965 de
1197 1929 1414 1975 occupanda
1438 1929 1545 1973 Cpoli
1567 1939 1656 1962 con-

191 1976 282 2012 silia
306 1975 438 2021 agitat.
465 1974 745 2010 bombardorum
764 1977 880 2022 fissor
902 1977 1097 2012 Mehemeti
1123 1985 1342 2011 tormentum
1365 1987 1519 2011 aeneum
1542 1985 1656 2021 prae-

190 2021 336 2071 grande
367 2021 507 2067 fundit.
534 2023 645 2056 navis
674 2023 813 2058 Veneta
834 2024 1034 2067 Bosporum
1060 2025 1250 2068 navigans
1274 2021 1524 2067 demergitur,
1548 2022 1656 2056 cuius

195 2068 411 2104 navarchus
443 2077 479 2103 et
510 2078 676 2104 vectores
704 2070 807 2116 capti
838 2069 1052 2104 Mehemetis
1078 2071 1183 2105 iussu
1214 2069 1420 2104 crudeliter
1452 2068 1655 2114 interfecti.

192 2114 415 2152 bombardae
440 2116 518 2150 vim
540 2115 792 2162 Adrianopoli
813 2116 986 2163 probant.
1011 2117 1229 2152 Mehemetes
1243 2117 1403 2151 Halilem
1425 2116 1657 2151 bassamno-

195 2172 256 2200 ctu
280 2161 332 2196 ad
354 2173 392 2196 se
430 2172 567 2204 vocat,
599 2171 636 2198 et
668 2174 747 2197 cum
773 2176 816 2199 eo
839 2161 884 2198 de
907 2164 1015 2209 Cpoli
1046 2161 1280 2209 subiuganda
1311 2163 1471 2198 consilia
1506 2170 1656 2196 tractat.

194 2210 307 2246 Hali!
327 2220 460 2254 magno
480 2210 518 2246 se
541 2211 711 2257 periculo
729 2219 892 2257 ereptum
913 2219 1051 2256 putans
1071 2211 1191 2245 laetus
1221 2222 1246 2244 a
1269 2211 1466 2245 Mehemete
1491 2206 1659 2244 discedit.

192 2259 251 2293 36.
280 2257 546 2292 Constantinus
576 2260 659 2303 imp.
693 2258 842 2291 auxilia
862 2258 956 2300 petit
981 2269 1005 2291 a
1035 2269 1149 2304 papa,
1172 2258 1396 2304 unionisque
1418 2257 1659 2292 ecclesiarum

194 2316 286 2351 opus
314 2303 484 2338 absolvit.
531 2303 698 2339 Isidorus
733 2303 942 2340 cardinalis
982 2316 1006 2339 a
1026 2316 1126 2350 papa
1153 2304 1292 2350 Cpolim
1326 2305 1496 2339 mittitur.
1523 2304 1662 2337 Graeci

195 2351 305 2387 ciitili
329 2349 522 2386 discordia
549 2351 727 2386 laborant
761 2352 804 2385 ob
836 2351 989 2386 unionis
1024 2351 1395 2392 reconciliationem,
1420 2351 1551 2397 paucis
1580 2361 1659 2383 eam

195 2397 519 2444 amplectentibus,
540 2399 702 2433 maxima
722 2406 830 2444 parte
851 2411 930 2433 eam
953 2397 1149 2432 Gennadio
1171 2406 1324 2433 auctore
1350 2397 1584 2433 abhorrente.
1613 2397 1662 2429 li-

195 2445 323 2486 turgia
344 2445 387 2479 in
407 2446 442 2479 S.
468 2444 625 2490 Sophiae
652 2447 783 2492 templo
814 2446 1024 2480 celebratur
1046 2445 1091 2478 ab
1116 2445 1335 2486 Henoticis,
1363 2448 1426 2480 cui
1447 2443 1661 2479 cardinalis

196 2490 364 2528 Isidorus
390 2489 574 2539 in‘terfizit.
637 2493 862 2528 Graecorum
889 2492 1049 2526 sublesta
1062 2491 1174 2536 fides.
1224 2492 1490 2526 Constantinus
1515 2490 1663 2525 cibaria

199 2539 242 2573 in
263 2539 386 2572 urbem
406 2540 633 2582 comportari
657 2548 773 2575 curat.
823 2541 878 2583 37.
905 2538 1121 2574 Mehemetes
1144 2547 1364 2574 tormentum
1393 2537 1490 2572 illud
1505 2549 1662 2571 aeneum

198 2597 263 2619 seu
287 2584 521 2619 bombardam
543 2597 657 2632 prope
688 2586 829 2633 Cpolim
859 2586 950 2621 vehi
986 2594 1102 2621 curat.
1169 2585 1285 2621 Yurci
1308 2586 1416 2620 urbes
1439 2583 1491 2618 ad
1511 2592 1662 2629 pontum

170 2626 184 2639 ⁸
201 2632 392 2667 Euxinum
416 2633 509 2666 sitas
534 2642 744 2678 occupant,
769 2642 804 2668 et
838 2641 989 2678 praeter
1014 2633 1253 2677 Selymbriam
1279 2632 1416 2678 oppida
1445 2629 1664 2677 Propontidi

202 2677 429 2713 adiacentia.
481 2680 615 2714 Graeci
642 2680 746 2714 intra
767 2692 889 2714 muros
916 2680 1066 2724 Cpoleos
1093 2681 1256 2714 inclusos
1280 2692 1317 2714 se
1342 2686 1467 2713 tenent
1487 2705 1495 2717 .
1519 2677 1662 2712 discor-

202 2723 340 2772 diaque
365 2725 409 2760 ob
435 2727 716 2761 reconciliatam
741 2728 980 2762 ecclesiarum
1012 2727 1249 2762 concordiam
1274 2726 1460 2761 labor-ant.
1512 2725 1665 2758 Genna-

205 2769 287 2820 dius
311 2769 522 2810 discordiae
534 2771 645 2820 fimes
659 2772 793 2810 subdit·
842 2775 966 2809 Ducas
990 2775 1084 2812 male
1107 2786 1238 2811 sanam
1261 2782 1412 2810 mentem
1429 2772 1580 2807 Graecis
1604 2782 1667 2806 ex-
