1916 3210
373 175 486 243 334
714 193 895 237 DUCAE
929 190 1213 234 Mianms
1249 185 1471 236 NEPo‘ns

375 293 509 353 ἄρδην
537 294 903 350 αἰχμαλωτίσωσιν
930 294 1004 334 καί
1030 291 1104 348 τήν
1142 290 1258 336 πόλιν
1293 293 1638 349 κατασκάψωσιν.
1693 291 1810 341 οῒΰὲ

373 363 445 418 τῆς
471 358 631 410 πόλεως
657 355 760 402 ἄνευ
786 358 912 414 λόγου
943 354 974 413 ἢ
1001 358 1258 414 α’ποκρίσεως
1287 358 1504 416 προδόντες
1531 359 1606 418 τήν
1623 355 1808 419 χώραν,

238 427 282 462 V.
300 427 356 464 151
373 425 489 477 ἐντὸς
515 425 733 483 εἰσῄεσαν,
761 422 834 465 καὶ
868 421 970 472 τούς
998 425 1078 476 μὲν
1103 422 1315 480 ἐμπόρους
1338 426 1422 467 τῶν
1448 427 1491 468 Γ
1487 426 1684 469 ενουιτόν
1705 425 1811 478 ’τούς

371 489 621 548 εὑρεθέντας
647 491 737 531 ἐκεῖ
756 487 831 538 τὰς
859 490 1145 544 πραγματείας
1171 486 1359 546 ἀφεῖλον,
1389 490 1544 542 αὖτοὺς
1571 493 1620 534 δὲ
1645 493 1693 536 ἐν
1712 491 1810 543 ταῖς

368 557 580 614 τριήρεσιν
607 554 770 608 ἔβαλον.
794 551 896 603 τούς
923 554 972 595 δὲ
1008 552 1179 604 πολίτας
1205 550 1388 605 ἅπαντας
1414 554 1708 614 καταγράψας,
1735 557 1809 601 καὶ
1817 562 1843 604 5
1874 574 1876 579 ·

369 623 469 672 τοὺς
513 622 667 670 παῖδας
707 618 780 661 καί
819 619 1043 668 παιδίσκας
1083 618 1204 674 ἐγγύς
1230 635 1310 662 που
1339 617 1488 664 ἑκατὸν
1513 622 1708 679 α’φελοόν,
1736 621 1811 666 καὶ

370 685 542 744 φύλακα
583 686 642 741 τῷ
682 685 881 742 πολιχνίῳ
919 683 993 726 ἕνα
1021 685 1105 726 τῶν
1149 685 1345 740 Τούρκων
1373 684 1814 744 ἐγκαταστήσας,καί

369 752 664 794 πεντεκαίδεκα
691 749 853 805 ἡμέρας
880 751 1050 799 τελέσας
1077 751 1191 803 ἐκεῖ,
1220 747 1448 805 ἐξήλθασιν
1474 750 1521 794 αἱ
1550 748 1736 809 τριήρεις
1759 753 1812 810 τῇ

367 814 707 873 πεντεκαιδεκάτῃ
733 817 810 858 τοῦ
836 817 1047 870 Νοεβρίου
1086 814 1216 871 μηνὸς
1245 813 1366 874 ιςῑῐξδ
1396 814 1530 867 ἔτους.
1585 819 1811 876 φθάσασαι

234 885 270 920 P·
292 885 358 930 189
371 884 420 925 δὲ
449 881 495 924 αἱ
519 883 703 937 τριήρεις
735 883 780 924 ἐν
804 879 1136 936 Καλλιουπόλει,
1163 880 1239 923 καί
1260 879 1413 935 μαθών
1442 879 1464 924 ὅ
1491 884 1723 940 στρατηγὸς
1747 881 1809 928 ὅτι
1825 907 1872 934 10

368 948 392 990 ὅ
416 945 580 1004 ἧγεμιὸν
607 947 650 989 ἐν
681 943 1118 990 Κωνσταντινουπόλει
1159 945 1322 1002 διάγει,
1349 945 1423 989 καί
1448 948 1575 999 αὐτὸς
1604 948 1811 1000 ἱππεύσας

367 1012 443 1056 καὶ
476 1012 574 1064 τούς
610 1011 905 1067 αἰχμαλώτους
947 1010 1027 1055 σύν
1051 1017 1138 1062 τοῖς
1183 1013 1308 1055 παισί
1343 1011 1485 1067 λαβών
1515 1008 1656 1071 ᾤχετο.
1710 1013 1734 1059 ὃ
1761 1017 1810 1058 δὲ

366 1078 533 1136 ἡγεμών
571 1077 675 1121 ι’δών
715 1077 816 1128 τούς
865 1078 1077 1134 ἐμπόρους
1121 1079 1195 1120 καί
1219 1077 1375 1132 μαθών
1400 1077 1556 1130 αὐτούς
1583 1083 1626 1124 Γ
1623 1079 1811 1131 evomitus*

366 1143 477 1189 εἶναι
509 1147 699 1188 ἐκέλευσε
727 1146 946 1201 πραθῆναι
964 1175 977 1197 ,
1008 1141 1033 1184 ὃ
1061 1143 1135 1186 καὶ
1185 1146 1365 1199 γέγονεν.
1395 1143 1445 1187 ό
1470 1144 1636 1201 ἧγεμῶν
1660 1147 1708 1191 δὲ
1736 1149 1811 1203 τῆς

365 1213 540 1265 Λέσβου
561 1211 698 1253 ἐλθών
723 1212 768 1253 ἐν
783 1206 1025 1267 Μιτυλήνῃ,
1050 1213 1118 1252 καὶ
1134 1210 1288 1263 μαθών
1308 1209 1423 1266 παροὶ
1443 1214 1521 1254 τοῦ
1535 1212 1809 1270 αὕταδέλφου
1825 1224 1872 1266 15

365 1275 419 1319 τοὶ
445 1273 688 1329 συμβάντα,
726 1274 801 1317 καὶ
839 1271 952 1324 ὅπως
991 1274 1014 1316 ὅ
1056 1274 1287 1331 στρατηγὸς
1319 1274 1454 1331 ἐζήτει
1496 1277 1572 1333 τήν
1601 1278 1811 1335 πενθερὰν

366 1341 500 1384 αὐτοῦ
524 1338 581 1390 ὥς
617 1342 692 1396 τῆς
726 1342 838 1383 Χίου
865 1341 968 1393 μίαν
1012 1337 1146 1383 οὖσαν
1189 1343 1270 1383 τῶν
1297 1343 1388 1384 ἐκεῖ
1409 1342 1632 1397 εὐγενίδων
1657 1343 1730 1387 καί
1754 1348 1809 1388 τοὶ

366 1405 486 1463 ἑξῆς,
523 1408 683 1449 στέλλει
727 1407 802 1459 ἐμὲ
827 1405 1186 1461 ἀπολογησόμενον
1213 1407 1313 1462 περί
1336 1409 1410 1462 τῆς
1436 1408 1679 1460 ὑποθέσεως
1703 1410 1808 1453 ταύ-

325 1480 454 1528 Βτης.
524 1471 662 1515 ἐλθών
710 1473 758 1514 δὲ
788 1473 833 1514 ἒν
863 1471 1312 1514 Κωνσταντινουπόλει
1340 1472 1415 1512 καὶ
1439 1468 1682 1527 διαλεχθείς
1705 1475 1809 1517 &voda

362 1553 458 1580 πιον
499 1539 584 1580 τῶν
618 1536 851 1592 βεζυριῖΐων
889 1534 969 1577 συν
999 1535 1058 1591 τῷ
1085 1537 1300 1591 στρατηγῷ
1341 1537 1382 1576 Γ
1378 1533 1548 1593 ενούζῃ,
1579 1537 1650 1580 καὶ
1680 1537 1807 1581 εἰπών
1818 1561 1871 1588 20

362 1600 542 1660 ἐνόρκως
569 1604 649 1656 ἐγώ
680 1601 758 1656 τήν
785 1603 923 1642 πᾶσαν
940 1598 1144 1653 α’λήθειαν
1171 1598 1245 1640 καί
1271 1598 1293 1640 ὅ
1321 1601 1363 1642 Γ
1359 1598 1530 1657 ενούζης
1550 1600 1730 1658 ἐνόρκως
1753 1602 1804 1646 τό

364 1671 448 1711 πᾶν
477 1669 650 1721 ψεῦδος,
683 1668 926 1708 δεδικαίωτο
954 1667 1105 1714 ἐκεῖνος
1138 1662 1212 1705 καί
1237 1667 1484 1721 κατεκρίθήν
1511 1667 1609 1721 ἐγώ.
1664 1667 1807 1711 κελεύ-

362 1749 402 1776 ει
431 1728 506 1776 οὖν
533 1732 555 1774 ὅ
585 1730 750 1788 ἡγεμών
777 1733 824 1774 ἐκ
847 1732 933 1773 τῶν
962 1729 1039 1772 δυό
1066 1729 1112 1771 τὸ
1140 1730 1186 1770 ἓν
1213 1725 1399 1785 ἑλέσθαι,
1424 1726 1452 1786 ἢ
1480 1732 1581 1774 δέκα
1605 1733 1807 1788 χιλιάδας

364 1868 532 1903 venisset.
567 1865 642 1900 illis
679 1863 927 1899 contostablus
960 1865 1104 1908 tyranni
1139 1866 1271 1911 scripta
1303 1864 1471 1899 mandata
1496 1865 1645 1908 recitat,
1671 1868 1805 1913 quibus

364 1916 454 1956 ille,
480 1914 552 1948 nisi
581 1922 699 1945 arcem
726 1916 855 1956 sponte
880 1909 1065 1952 dederent,
1093 1912 1260 1945 omnibus
1279 1912 1487 1946 servitutem
1505 1913 1703 1959 oppidique
1731 1916 1805 1949 rui-

364 1974 449 1997 nam
482 1960 730 1994 minitabatur.
767 1957 941 2004 oppidani
966 1958 1136 2000 attoniti,
1170 1959 1271 1993 nulla
1296 1959 1435 1993 ratione
1459 1961 1624 2004 opposita
1651 1966 1715 1994 aut
1749 1973 1806 1996 re-

364 2019 497 2055 sponso
523 2007 621 2048 (lato,
645 2007 781 2039 Turcos
806 2005 901 2038 intra
922 2006 1066 2037 moenia
1099 2007 1291 2051 accipiunt.
1339 2006 1548 2040 Genuenses
1569 2013 1805 2051 mercatores,

365 2056 432 2102 qui
459 2055 535 2088 illic
556 2052 859 2098 negotiabantur,
899 2051 1051 2097 direptis
1081 2063 1204 2086 eorum
1230 2052 1335 2085 honis
1360 2063 1401 2085 ac
1424 2052 1573 2097 opibus,
1597 2048 1825 2090 triremibus'

369 2102 549 2147 impositi3
587 2099 852 2145 oppidanorum
881 2098 1041 2132 omnium
1066 2110 1171 2132 censa
1200 2099 1338 2144 capita,
1364 2099 1468 2143 pueri
1493 2100 1712 2146 puellaeque
1735 2102 1796 2135 cir·

368 2150 458 2183 citer
483 2154 626 2181 centum
659 2146 818 2179 abducti.
842 2146 932 2178 arcis
959 2145 1144 2178 custodiae
1169 2147 1306 2179 Turcus
1341 2145 1546 2190 impositus3
1573 2147 1699 2193 ibique
1725 2148 1804 2182 die-

367 2196 436 2230 bus
471 2194 679 2240 quindecim
713 2193 933 2233 transactis',
961 2192 1172 2226 Novembris
1214 2192 1273 2225 die
1308 2191 1371 2225 XV
1403 2192 1487 2224 anni
1522 2194 1614 2238 6964
1641 2193 1802 2239 (βω-ἰπὶ

373 2241 480 2287 1455)
510 2252 529 2274 e
562 2245 670 2286 portu
703 2239 866 2273 triremes
897 2239 1092 2272 solverunt.
1119 2237 1366 2272 contostablus
1403 2238 1608 2283 Callipolim
1631 2241 1802 2285 appulsus

369 2288 476 2333 Cpoli
509 2288 709 2333 principem
750 2297 854 2330 agere
889 2286 1073 2330 comperit.
1109 2297 1220 2331 quare
1257 2284 1415 2318 terrestri
1439 2285 1569 2319 itinere
1592 2287 1740 2331 captivis
1766 2294 1805 2323 et

368 2335 491 2381 pueris
527 2346 646 2367 seeum
682 2332 848 2366 abductis
882 2343 992 2377 eques
1024 2343 1066 2365 eo
1100 2332 1348 2377 proficiscitur.
1386 2337 1600 2366 mercatores
1631 2334 1712 2374 isti,
1737 2335 1803 2368 ubi

368 2381 526 2427 principi
551 2381 760 2414 Genuenses
802 2389 879 2412 esse
917 2379 1173 2420 innotuerunt,
1207 2379 1283 2412 eius
1309 2378 1407 2410 iussu
1430 2379 1608 2412 vaeniere.
1633 2385 1671 2412 at
1694 2380 1802 2414 Lesbi

370 2428 535 2473 princeps
561 2427 773 2470 Mitylenem
798 2425 997 2471 profectus,
1040 2425 1084 2458 de
1109 2426 1154 2458 iis
1178 2435 1271 2470 quae
1305 2423 1508 2457 acciderant
1534 2436 1554 2457 a
1589 2426 1698 2460 fratre
1724 2438 1802 2460 cer-

370 2475 442 2507 tior
468 2475 607 2514 factus,
648 2484 789 2506 socrum
814 2483 935 2513 suam,
974 2477 1015 2506 ut
1041 2471 1165 2505 Chiam
1201 2471 1360 2505 nobilem
1383 2482 1404 2503 a
1429 2472 1655 2505 contostablo
1685 2475 1801 2519 repeti

371 2532 452 2560 me,
488 2520 551 2564 qui
594 2531 735 2553 causam
767 2530 867 2552 suam
901 2517 998 2563 apud
1031 2519 1281 2563 imperatorem
1307 2528 1466 2561 agerem,
1502 2519 1610 2552 misit.
1661 2519 1802 2564 Cpolim

372 2579 452 2600 cum
473 2567 649 2599 venissem
676 2565 773 2610 apud
802 2566 938 2598 veziros
962 2577 1103 2598 causam
1129 2565 1200 2609 egi,
1237 2570 1274 2598 et
1297 2575 1375 2596 cum
1402 2565 1627 2599 contestablo
1656 2566 1803 2600 Genuza

373 2613 529 2657 litigavi3
565 2623 812 2657 quaecumque
837 2612 1045 2652 attuleram,
1070 2623 1153 2645 vera
1179 2622 1255 2644 esse
1279 2610 1512 2644 iureiurando
1534 2611 1713 2646 affirmavi.
1738 2614 1802 2647 ille

373 2661 519 2705 pariter,
544 2659 611 2700 etsi
636 2659 725 2691 falsa
754 2670 795 2691 ac
818 2659 922 2699 ficta,
947 2658 1102 2698 iuratus,
1127 2669 1218 2702 quae
1243 2656 1397 2698 dicebat,
1423 2668 1505 2691 vera
1530 2669 1605 2691 esse
1630 2661 1802 2702 asseruit3

373 2705 570 2740 secundum
607 2716 734 2749 quem⁷
768 2716 824 2737 me
860 2705 982 2745 vieto,
1015 2705 1193 2738 vindiciae
1218 2703 1322 2736 datae
1356 2709 1448 2737 sunt.
1474 2705 1626 2738 alterum
1650 2707 1757 2739 etiam
1782 2717 1803 2740 e

375 2752 516 2786 duobus
542 2753 735 2797 imperator
759 2751 961 2795 eligendum
984 2752 1164 2796 proponit,
1191 2756 1253 2783 aut
1278 2761 1466 2784 aureorum
1492 2763 1715 2787 nummorum
1739 2752 1801 2783 de-
