1890 3204
573 153 650 196 An
691 152 811 198 cn.
850 153 998 195 xvm.
1037 151 1236 195 NOTAE.
1505 131 1622 206 569

193 241 352 291 udanda
397 256 524 300 usque
562 244 735 286 rescindi
778 245 915 296 iussit,·
946 251 990 287 et
1017 259 1066 286 eo
1093 243 1238 285 habitu
1263 255 1427 284 mensae
1458 255 1623 284 accum-

194 299 353 349 entibus
380 300 610 340 ministrare
638 301 783 354 coegit.

274 353 329 395 Ρ.
356 353 426 410 78,
455 370 493 410 7.
548 352 641 395 ἀλλ’
668 354 919 411 ἐπανάυμεν]
975 355 1077 396 Post
1094 361 1268 395 mortem
1286 353 1473 396 Baiazitis
1490 353 1623 395 inter-

162 423 336 463 regnum
383 410 637 451 constituunt
676 411 845 451 Turcici
878 411 1055 452 Annales
1097 424 1302 450 annorum
1352 422 1397 449 ¹2
1419 439 1430 456 ‚
1491 409 1622 450 donee

161 465 360 507 Sultanus
389 464 637 506 Mehemetes
667 479 802 506 rerum
831 481 988 507 summa
1019 475 1059 506 et
1085 466 1256 519 imperio
1282 467 1500 518 potiretur.

271 519 326 563 Ρ.
356 519 432 576 78,
468 534 534 561 n.
577 521 677 575 Cap.
714 522 774 561 18.
813 522 886 562 καί
910 518 986 575 τὴν
1013 519 1088 562 τοῦ
1114 516 1359 575 Παγιαζῆτ]
1416 520 1506 560 Hoc
1533 519 1622 561 loco
1635 528 1668 563 P.
1683 529 1753 565 236

160 573 394 631 addidimus
420 574 496 617 καί
524 573 674 628 αὐτόν,
715 576 868 632 absque
899 577 1051 632 quibus
1077 576 1213 618 verbis
1251 577 1499 617 constructio
1529 590 1623 616 ora-

158 629 281 672 tionis
299 629 515 672 claudicat.
1375 650 1378 652 ’

267 685 320 727 Ρ.
349 685 418 740 78,
450 699 520 728 22.
564 682 638 726 ’ἕνα
679 684 760 727 τῶν
801 685 1000 742 α’δελφῶν
1037 684 1188 742 αὐτοῦ]
1258 687 1391 728 Ducas
1431 687 1622 729 hocloco

164 739 271 785 duos
301 741 488 781 Baiazitis
525 741 679 782 liberos
719 742 879 782 obsides
909 743 1024 783 datos
1049 742 1128 794 ait,
1167 756 1324 784 marem
1363 757 1515 792 unum,
1561 743 1621 782 fe-

158 796 316 836 minam
336 794 508 837 alteram
537 799 702 838 nomine
721 797 1088 841 Phatma-Catun.
1117 803 1161 838 at
1186 798 1289 839 infra
1317 812 1408 852 cap.
1437 812 1491 841 2ο
1526 812 1621 838 nar-

159 857 228 894 rat
254 857 338 892 tres
365 851 528 893 obsides
558 852 680 894 fuisse
705 853 822 894 datos
840 883 853 904 ,
887 853 990 894 duos
1020 867 1152 894 mares
1181 853 1412 908 impuberes
1443 861 1482 893 et
1510 852 1620 894 illam

157 905 406 958 Phatmam3
452 921 628 962 quorum
672 907 777 948 alter
794 940 806 960 ‚
837 910 951 962 isque
990 917 1089 949 natu
1118 909 1316 962 grandior
1333 939 1346 959 ‚
1375 916 1416 950 et
1443 909 1620 951 Phatma

159 961 315 1005 redditi
341 968 467 1016 suut,
500 964 639 1003 minor
668 963 786 1018 Cpoli
815 965 1009 1004 remansit
1036 964 1360 1019 Christianisque
1389 964 1511 1005 sacris
1538 965 1621 1004 ini-

158 1016 285 1058 tIatus
324 1017 442 1058 obiit.
514 1019 788 1060 Leunclavius
828 1019 898 1060 lib.
944 1034 1011 1070 10,
1039 1021 1104 1060 cui
1143 1019 1436 1060 Suleimanicus
1473 1019 1620 1061 titulus

156 1079 240 1124 est,
275 1073 552 1115 Suleimanem
592 1074 842 1114 Graecorum
880 1075 1030 1115 auxilia
1058 1076 1136 1116 sibi
1165 1090 1309 1129 parare
1340 1076 1618 1130 cogitantem,

155 1127 330 1170 fratrum
359 1136 460 1169 natu
488 1129 705 1172 minimum
731 1131 950 1171 Cassimem
978 1138 1018 1171 et
1045 1145 1228 1171 sororem
1259 1145 1373 1171 suam
1408 1130 1619 1171 Sultanam

157 1183 364 1225 Fatimam
393 1184 558 1225 obsides
577 1185 737 1227 dedisse
762 1186 902 1226 tradit.
958 1186 1168 1228 Phranzes
1195 1201 1280 1239 cap.
1303 1187 1354 1226 50
1382 1186 1453 1228 lib.
1476 1201 1490 1226 1
1524 1201 1620 1227 eum

155 1239 230 1293 qui
258 1240 518 1280 Christianus
543 1240 672 1291 obiit,
703 1242 948 1296 Insuphum‚
982 1242 1021 1282 id
1052 1250 1111 1283 est
1142 1242 1389 1297 Iosephum,
1424 1240 1616 1296 appellat.

154 1308 283 1348 porro
309 1295 486 1337 Phatma
515 1310 588 1336 seu
607 1295 768 1339 Fatima
791 1298 926 1337 Catun
958 1298 1065 1338 idem
1098 1305 1157 1337 est
1189 1312 1235 1337 ac
1265 1297 1430 1337 domina
1444 1297 1619 1348 Fatima,

151 1349 266 1391 Italis
291 1349 474 1405 Signora
503 1352 699 1393 Fatima:
734 1352 808 1392 ista
838 1353 945 1392 enim
979 1368 1058 1394 vox
1087 1353 1224 1394 Caden
1244 1353 1391 1393 Turcis
1417 1359 1479 1393 est
1507 1354 1619 1407 quod

157 1405 269 1446 Italis
295 1405 476 1462 Signum
502 1407 528 1446 ὃ
558 1421 654 1447 vero
690 1408 1000 1461 spladamigella.
1070 1408 1240 1448 Armeni
1270 1408 1412 1448 Cadun
1440 1407 1507 1448 vel
1537 1409 1619 1449 Ca-

154 1468 233 1504 tun
260 1475 336 1516 per
372 1476 400 1503 u
433 1460 622 1512 Italicum
649 1463 938 1518 pronunciant.
969 1478 1119 1504 nomen
1147 1463 1249 1503 illud
1282 1463 1444 1503 Fatima
1469 1464 1619 1505 Turcis

151 1516 353 1560 familiare
368 1523 430 1557 est
444 1531 492 1558 ac
511 1518 790 1559 venerandum
806 1534 819 1559 ε
850 1519 910 1559 sic
937 1520 1046 1559 enim
1064 1518 1350 1573 appellabatur
1373 1520 1492 1559 unica
1522 1520 1619 1559 Mu·-

150 1571 337 1614 hamedis
378 1573 488 1625 filia,
528 1587 652 1628 quam
696 1588 743 1613 ex
771 1574 920 1615 Aiscbe
955 1574 1204 1616 Ebubekiris
1249 1575 1334 1615 filia
1370 1576 1549 1630 suscepit
1576 1582 1619 1616 et

150 1627 263 1672 Hali,
304 1629 455 1672 atrueli
481 1643 559 1670 suo
589 1637 759 1685 nuptam
787 1630 917 1674 dedit.

261 1643 316 1728 Ρ.
345 1697 416 1738 79,
457 1684 494 1724 3.
568 1681 622 1724 τοὶ
667 1685 748 1725 τοῦ
782 1683 1048 1740 Στρυμόνος]
1115 1687 1310 1740 Strymon
1352 1685 1618 1727 Macedoniae

155 1735 306 1779 fluvius
332 1747 414 1789 est,
443 1739 666 1782 Zetunium
696 1741 890 1794 oppidum
919 1748 979 1780 est
1004 1741 1120 1781 cuius
1151 1742 1377 1795 Episcopus
1406 1743 1617 1782 Larissaco

151 1794 354 1835 secundae
373 1795 568 1837 Graeciae
595 1796 878 1850 metropolitae
912 1795 1011 1835 olim
1038 1797 1205 1836 suberat
1222 1826 1234 1847 ,
1267 1804 1306 1836 et
1335 1797 1387 1835 ad
1413 1796 1618 1836 Thermo-

151 1848 269 1903 pylas
292 1850 414 1890 situm
442 1849 627 1903 Sperchii
655 1849 835 1890 fluminis
876 1852 975 1904 ripis
1003 1852 1172 1896 adiacet,
1232 1852 1435 1890 Laonicus
1460 1852 1530 1895 lib.
1560 1865 1583 1892 2
1600 1867 1614 1893 ε

151 1901 202 1943 τό
230 1918 279 1945 τε
306 1903 516 1958 Ζητοῦνιν
542 1901 588 1945 τὸ
620 1904 666 1946 ἐν
698 1903 1008 1959 Θερμοπύλαις.
1073 1907 1292 1961 Sperchius
1322 1906 1443 1956 olim,
1476 1915 1615 1961 postea

143 1952 427 2014 Ἀγριομέλας
453 1960 679 2014 appellatus
707 1969 768 2001 est
785 1991 797 2012 ‚
835 1962 907 2016 qui
940 1961 982 2000 in
1008 1962 1142 2002 sinum
1170 1961 1452 2016 Pelasgicum,
1490 1963 1615 2003 hodie

151 2015 219 2055 del
250 2015 356 2055 Volo
393 2016 640 2069 appellatum
682 2016 831 2057 influit.
888 2017 1051 2056 Zetunii
1079 2019 1328 2058 mentionem
1358 2017 1516 2058 faciunt
1544 2021 1614 2060 Io-

147 2070 304 2111 hannes
347 2071 593 2136 Curopalata
630 2071 802 2128 Scylitza
840 2073 884 2112 in
913 2071 1062 2113 Basilio
1104 2081 1146 2114 et
1173 2074 1470 2126 Constantino,
1499 2080 1541 2114 et
1569 2075 1612 2114 in

149 2126 290 2168 iisdem
321 2129 521 2181 Georgius
550 2128 769 2168 Cedrenus.

260 2182 314 2223 Ρ.
343 2196 423 2238 79,
456 2183 495 2225 8.
552 2180 811 2238 Λεοντάριν]
869 2183 954 2223 Pro
993 2181 1258 2237 Λεοντάριον
1285 2198 1402 2224 more
1430 2183 1612 2238 vulgaris

150 2237 368 2279 idiomatis.
396 2237 518 2279 huius
545 2239 746 2279 Demetrii
784 2240 973 2281 meminit
1001 2238 1209 2282 Phranzes
1239 2238 1312 2280 lib.
1351 2253 1364 2279 1
1403 2254 1491 2294 cap.
1513 2242 1581 2295 59.

257 2293 310 2337 P.
339 2309 414 2349 79,
445 2308 486 2347 7.
545 2293 763 2348 εἰρηναίαν
810 2292 1065 2337 κατάστασιν
1108 2291 1316 2349 ποιήσας]
1381 2309 1492 2336 anno
1522 2297 1609 2338 He-

149 2348 264 2403 girae
287 2349 393 2401 805,
425 2349 524 2393 Chr.
556 2350 674 2400 1402.
710 2352 847 2404 coepit
878 2351 1051 2405 Hegirae
1078 2364 1208 2390 annus
1238 2352 1411 2405 Augusti
1437 2351 1506 2392 die
1546 2366 1582 2393 ι.

261 2405 311 2448 Ρ.
340 2419 420 2460 79,
448 2419 516 2446 22.
582 2402 769 2455 καταβὰς
802 2402 943 2445 τοίνυν
972 2403 996 2443 ὁ
1023 2402 1249 2460 Καρμιάν]
1277 2407 1446 2447 Leuncl.
1475 2406 1548 2451 lib.
1581 2423 1604 2463 7

147 2458 245 2499 hist.
275 2460 470 2504 Musu1m‚
498 2468 642 2500 narrat
670 2461 886 2515 Temyrem
917 2461 1172 2515 principibus
1201 2475 1224 2500 a
1253 2462 1427 2502 Baiazite
1454 2462 1606 2518 spolia-

145 2514 197 2558 tis
225 2515 401 2555 ditiones
427 2518 662 2556 restituisse.
691 2519 759 2570 qui
791 2516 858 2555 hic
887 2524 1056 2556 vocatur
1085 2517 1272 2557 Carmian
1296 2517 1464 2572 Alysar,
1495 2519 1606 2559 Lao-

145 2569 240 2610 nico
269 2573 517 2611 Caramanus
543 2571 756 2611 Alosurius
785 2573 934 2612 dicitur
962 2572 1029 2614 lib.
1061 2586 1102 2612 2.
1135 2571 1332 2615 videndus
1359 2574 1531 2619 Leuncl.
1561 2575 1603 2615 in

144 2624 363 2667 Pandectis
392 2626 489 2667 hist.
524 2629 722 2667 Tui-cicae
760 2643 799 2670 n.
830 2627 899 2669 56.

258 2681 313 2722 Ρ.
343 2682 410 2732 80,
446 2682 486 2734 4.
542 2678 773 2735 Παγιαζὴτ
795 2679 901 2737 υἱοὶ]
978 2682 1246 2723 Leunclavius
1278 2683 1376 2728 libb.
1398 2699 1425 2739 9
1444 2715 1454 2732 ‚
1483 2699 1531 2724 ιο
1560 2691 1605 2724 et

151 2747 194 2779 Η
227 2736 333 2779 hanc
360 2737 533 2782 fratrum
552 2737 756 2780 lanienam
777 2746 1009 2794 stragesque
1032 2747 1187 2785 narrat.
1216 2739 1288 2780 lib.
1322 2755 1366 2795 9,
1396 2755 1501 2795 quae
1529 2740 1602 2780 ad-
