1916 3210
323 120 439 214 456.
794 158 975 202 nucu:
1021 154 1282 199 msa-olm.

321 252 397 296 sizo
426 271 552 298 cuore
571 286 585 310 ‚
630 257 770 313 presto
807 257 847 298 le
873 255 1060 297 orecchie
1100 255 1179 296 alle
1209 257 1393 297 suasione
1419 256 1470 298 de
1498 257 1634 312 quello

320 312 637 363 calumniatore,
665 320 706 354 et
733 312 882 352 mando
921 310 1196 357 ambaxiatore
1217 310 1256 351 al
1283 312 1440 365 dispote
1468 312 1574 353 deun
1595 313 1761 367 sethin,

321 366 638 407 domandandoli
666 369 702 408 el
727 366 893 408 castello
923 366 976 406 de
1003 365 1274 416 Smedrovon,
1304 366 1379 407 che
1407 366 1759 408 novamenoess‹zhaa

319 435 395 462 vea
423 421 630 462 edificate.
686 422 739 463 El
765 421 921 473 dispote
945 420 974 459 11
999 421 1085 460 fece
1111 428 1291 474 resposta
1311 423 1759 465 convenientem-nn„
1832 466 1835 467 ⁷

246 523 249 525 ¹
321 483 385 516 cte
409 477 569 530 parole,
599 475 938 519 comemorandoli
963 474 992 515 li
1018 477 1279 526 sacramenti,
1311 475 1349 515 la
1376 476 1760 531 eontsanguinitbtm

321 530 413 570 loro
443 538 484 571 et
515 531 554 571 la
588 545 789 585 promessa
827 530 930 572 fede.
1003 530 1055 573 El
1087 538 1262 584 tyranno
1289 545 1369 570 non
1401 531 1650 586 acceptando
1666 530 1758 572 -tnle

320 593 502 638 resposta
523 615 537 638 ,
566 601 610 631 se
651 599 781 627 mosse
811 598 888 624 con
924 583 970 624 lu
1010 585 1185 627 exercito
1220 592 1366 627 contra
1407 586 1466 626 lui
1492 594 1533 627 et
1571 600 1706 627 venne
1727 601 1760 628 a

320 640 575 683 Smedrovon
605 640 711 679 nella
740 645 878 679 stazon
915 639 991 679 che
1025 640 1064 679 le
1089 639 1206 680 biave
1236 648 1394 681 mature
1421 655 1465 682 se
1490 648 1660 682 trovavn
1687 642 1762 695 pet

319 694 358 736 le
389 708 637 749 campagne3
669 701 710 734 et
740 694 983 734 circundato
1028 693 1065 739 el
1096 694 1282 746 castello,
1310 696 1555 738 interchiuse
1579 702 1688 736 tutte
1718 695 1760 736 le

261 758 263 761 ·
318 749 437 788 biade
476 756 519 794 et
556 749 594 789 le
631 762 722 790 cose
765 751 986 790 necessarie
1010 763 1086 803 pei·
1115 749 1152 789 la
1195 764 1267 790 sua
1292 754 1403 802 vita,
1432 751 1472 790 in
1504 750 1760 792 terminezde

317 805 383 843 tre
408 804 508 843 mesi
537 804 578 844 lu
606 818 724 858 prese
750 819 827 845 con
857 806 967 858 pacti
994 812 1034 844 et
1062 806 1279 844 iuramenti
1306 805 1357 846 de
1374 805 1532 847 salvare
1557 806 1597 847 le
1625 806 1759 846 anime
1831 834 1839 841 .

319 873 393 898 con
424 865 528 900 tutte
570 858 609 899 le
650 873 755 899 cose.
833 859 988 912 Aperte
1029 859 1221 912 adunque
1257 859 1295 899 le
1322 867 1467 913 porte,
1499 861 1528 901 li
1558 859 1756 915 oppidani

316 913 510 958 uscirono
539 914 625 953 fora
652 914 1057 954 ricommandandose
1090 921 1131 953 et
1158 915 1371 954 adorando
1398 917 1550 955 Mon-au
1601 916 1761 956 'hova-2

315 981 410 1008 vase
451 969 598 1015 dentro
637 968 675 1008 el
697 970 968 1023 primogenito
1009 968 1158 1023 figliolo
1190 969 1253 1009 del
1298 969 1455 1023 dispoto
1483 971 1689 1024 Georgia,
1715 977 1758 1011 et

315 1022 492 1066 Tomaso
522 1023 810 1074 Cathacusino,
844 1023 1044 1065 avunculo
1076 1025 1127 1063 de
1154 1038 1225 1064 sua
1257 1030 1404 1066 matre.
1458 1025 1534 1065 Poi
1561 1024 1663 1066 ch’el
1689 1031 1763 1079 sym„

315 1092 446 1119 ranno
481 1078 616 1125 hebbe
655 1079 805 1119 fornito
849 1078 885 1118 el
910 1079 1074 1118 castello
1104 1078 1153 1118 de
1191 1079 1381 1130 Turcbi,·
1402 1083 1542 1132 quanti
1571 1079 1650 1119 alia
1683 1094 1758 1120 cu-

315 1133 443 1175 stedia
488 1133 540 1175 de
565 1133 701 1186 quello
741 1148 859 1187 pax-se
890 1148 993 1173 esser
1028 1133 1266 1185 sufficienti,
1293 1148 1375 1174 esso
1406 1148 1480 1173 con
1509 1134 1555 1174 lu
1583 1135 1758 1175 exercito

315 1186 426 1227 ando
459 1188 499 1229 iu
527 1188 780 1229 Novobardo
801 1218 814 1240 ,
842 1196 971 1228 matre
993 1188 1043 1227 de
1069 1189 1106 1227 le
1138 1189 1271 1228 citade
1298 1190 1358 1228 de»
1377 1190 1544 1241 Servia3
1572 1196 1612 1230 et
1637 1203 1756 1243 presa

315 1248 358 1281 et
385 1243 560 1285 desfacta
620 1242 726 1283 uella
755 1243 880 1292 eiua,
911 1244 1119 1283 sottomise
1148 1250 1252 1283 tutta
1280 1245 1440 1284 Servia.
1496 1244 1758 1289 Succedendo

315 1297 542 1345 l’inverno,
581 1312 603 1337 e
659 1305 836 1352 tyranno
880 1298 1002 1338 torno
1030 1299 1070 1337 in
1112 1298 1418 1353 Andrinopoli,
1454 1298 1560 1340 dove
1585 1306 1756 1340 trovava

313 1351 468 1396 havere
493 1353 560 1392 doi
590 1353 732 1406 figlioli
761 1352 826 1392 del
857 1354 1017 1406 disputo
1047 1354 1203 1407 Giorgi‚
1235 1368 1318 1393 uno
1350 1352 1387 1392 el
1417 1354 1535 1407 quale
1560 1355 1680 1395 trovb
1711 1355 1755 1394 iu

317 1407 600 1457 Smedrovon‚
641 1408 776 1450 l’altro
809 1408 846 1447 el
886 1408 1005 1462 quale
1033 1422 1151 1460 prese
1191 1409 1229 1446 in
1261 1407 1543 1449 Novobardo:
1574 1408 1629 1449 ad
1655 1409 1757 1449 tutti

319 1462 385 1501 doi
415 1463 500 1501 fece
527 1476 651 1502 cavar
681 1464 710 1502 li
737 1463 850 1504 occhi
881 1477 957 1516 per
982 1464 1186 1516 conseglio
1216 1462 1266 1502 de
1291 1462 1521 1514 Fadulach,
1550 1470 1592 1504 et
1621 1463 1755 1504 orbati

238 1531 306 1557 210
317 1516 442 1570 quelli
468 1516 576 1556 della
603 1517 694 1558 luce
729 1517 880 1557 mando
923 1518 963 1556 iu
992 1517 1170 1560 Amasia.
1227 1517 1445 1571 Dragulios
1471 1519 1681 1572 vegnando
1709 1520 1754 1559 in

318 1571 414 1625 quel
453 1580 589 1625 tempo
630 1572 681 1612 ad
725 1573 875 1612 adurar
903 1574 1043 1612 Morat
1061 1601 1073 1621 ‚
1104 1572 1143 1611 fo
1173 1573 1315 1612 manda
1346 1573 1470 1626 ligato
1499 1573 1538 1611 in
1572 1573 1753 1627 Galipoli

317 1635 358 1668 et
383 1634 504 1680 posto
541 1628 584 1666 in
623 1625 663 1667 le
689 1640 863 1679 prexone
892 1627 999 1667 della
1027 1627 1128 1667 forte
1177 1634 1285 1667 torre
1302 1657 1314 1677 ‚
1345 1626 1577 1671 trovandoli
1603 1642 1754 1668 caxone

316 1678 401 1721 chev
420 1682 553 1722 voliva
589 1681 743 1721 tradire
774 1681 812 1722 el
837 1682 967 1721 ducha
984 1712 997 1732 ,
1037 1682 1198 1734 quando
1227 1682 1263 1721 el
1291 1682 1463 1722 duetava
1488 1696 1563 1735 per
1588 1681 1628 1722 la
1659 1683 1753 1722 Un-

315 1738 452 1790 garia‚
482 1743 524 1776 et
549 1736 651 1776 altre
676 1736 883 1777 inventive
916 1736 990 1776 che
1016 1736 1224 1776 Fadulach
1254 1737 1497 1790 excogitave.
1529 1737 1752 1778 Demorato

315 1794 358 1833 in
382 1790 515 1845 quella
531 1798 644 1834 torre
660 1792 776 1831 molti
795 1792 924 1841 aterni,
941 1791 978 1832 el
996 1791 1127 1832 ducha
1146 1792 1173 1829 li
1195 1792 1399 1831 domando
1411 1791 1485 1831 che
1496 1789 1525 1830 li
1545 1791 1658 1832 desse
1676 1807 1754 1846 per

317 1847 441 1888 ostasi
469 1846 498 1885 11
540 1848 599 1885 soi
625 1846 747 1900 pizoli
774 1847 933 1900 figlioli3
963 1846 992 1885 li
1022 1846 1131 1899 quali
1159 1846 1351 1900 Dragulio
1379 1847 1464 1886 fece
1490 1846 1686 1897 venuit-0,
1703 1854 1755 1888 ‘et

315 1903 454 1941 venuti
483 1901 645 1941 subbito
679 1901 716 1945 el
741 1908 916 1954 tyranno
945 1901 1093 1941 mando
1121 1901 1161 1940 in
1184 1901 1286 1940 Asia*
1299 1901 1352 1941 ad
1379 1916 1461 1942 uno
1485 1900 1651 1942 castello
1677 1915 1754 1942 no-

317 1958 471 1996 minato
510 1956 781 2010 Nympheon,
824 1955 1102 1996 comandando
1139 1956 1213 1994 che
1249 1956 1396 1996 fossino
1434 1956 1514 1995 hen
1551 1956 1754 2009 guardati„

316 2011 517 2052 Draculio,
543 2019 803 2062 veramente,
850 2011 1027 2064 obligato
1057 2025 1129 2063 per
1156 2019 1406 2052 sacramento
1435 2011 1510 2051 che
1538 2011 1588 2050 da
1618 2010 1753 2065 quella

317 2067 418 2105 hora
447 2068 488 2105 in
527 2068 597 2119 poi
638 2067 744 2106 seria
792 2080 947 2118 sempre
972 2065 1110 2116 fidele,
1147 2066 1340 2108 remando
1367 2067 1408 2105 in
1435 2065 1648 2108 Vuiachia.
1705 2068 1753 2108 In

318 2121 523 2174 principio
552 2120 657 2160 della
685 2136 790 2161 nova
816 2127 941 2161 estate
969 2120 1061 2160 colli
1086 2121 1249 2160 exerciti
1280 2122 1330 2161 de
1359 2121 1457 2160 Asia
1486 2127 1526 2160 et
1554 2120 1605 2162 de
1618 2122 1750 2160 Trae-

319 2177 380 2215 cia
422 2191 554 2215 venne
596 2183 736 2221 contra
764 2175 980 2228 Belgrado.
1037 2177 1188 2224 Questo
1218 2175 1413 2229 Belgrado
1460 2176 1503 2214 fo
1539 2189 1619 2214 una
1646 2175 1753 2215 defle

319 2231 460 2275 Citade
489 2232 540 2270 de
566 2231 704 2270 Sei-via
733 2231 858 2270 molto
889 2232 1023 2283 forte3
1052 2230 1213 2273 fundata
1244 2231 1305 2269 ala
1334 2230 1419 2283 ripa
1448 2230 1511 2268 del
1539 2230 1749 2282 Danubio,

319 2285 428 2324 batia
458 2286 494 2324 le
523 2300 592 2324 sue
618 2285 679 2324 ale
711 2301 828 2339 sopra
859 2287 885 2330 11
922 2286 989 2330 doi
1017 2285 1161 2337 grandi
1187 2287 1297 2324 fiumi
1328 2285 1392 2332 del
1424 2284 1612 2328 Danubio
1639 2291 1677 2323 et
1710 2284 1748 2323 la

320 2342 438 2381 Sava.
469 2354 572 2393 poco
614 2349 749 2393 tempo
790 2341 927 2384 avanti
955 2341 990 2382 el
1030 2340 1192 2393 dispoto
1219 2340 1358 2392 Giorgi
1385 2339 1512 2378 havea
1538 2339 1633 2381 dato
1660 2339 1752 2379 Be1·.

318 2395 444 2447 grado
476 2396 538 2434 ala
564 2409 712 2435 corona
740 2397 791 2434 de
821 2397 1027 2449 Hungaria
1047 2425 1058 2440 ,
1091 2395 1127 2433 la
1161 2397 1278 2448 quale
1304 2397 1343 2434 1ο
1371 2395 1496 2434 havea
1526 2393 1749 2434 domanda-

321 2458 387 2498 to,
416 2455 590 2488 temente
619 2450 691 2488 che
721 2451 747 2495 li
771 2451 923 2490 Turchi
947 2465 1021 2503 per
1047 2449 1181 2502 quella
1209 2451 1274 2493 via
1300 2464 1380 2491 non
1411 2450 1579 2488 intrasse
1606 2463 1683 2502 per
1710 2447 1750 2490 la

321 2505 464 2545 Servia
495 2506 537 2546 in
569 2505 804 2556 Hungaria,
833 2506 1055 2559 guastando
1086 2506 1121 2543 le
1145 2506 1276 2545 citade
1303 2504 1368 2544 del
1395 2517 1518 2558 regno
1545 2517 1634 2543 suo.
1689 2503 1749 2542 La

320 2559 415 2612 qual
466 2573 562 2598 cosa
600 2567 706 2598 certe
746 2561 847 2598 seria
887 2560 1072 2614 sequita‚
1114 2574 1225 2599 come
1253 2559 1304 2600 de
1333 2559 1605 2606 Smedrovon,
1639 2571 1681 2597 se
1709 2556 1749 2597 la

318 2627 470 2655 corona
513 2614 563 2656 de
597 2613 804 2666 Hungaria
848 2629 921 2654 con
965 2615 1002 2654 la
1032 2615 1197 2655 volunta
1234 2614 1286 2654 de
1314 2614 1383 2659 dio
1406 2628 1490 2659 non
1519 2613 1558 2652 la
1586 2612 1751 2652 havesse

317 2668 528 2720 guardam.
586 2669 739 2718 Questa
769 2669 957 2723 adunque
984 2670 1024 2709 fo
1057 2683 1137 2708 una
1165 2669 1267 2708 delle
1294 2671 1462 2708 maxime
1488 2680 1636 2708 caxone
1661 2667 1747 2707 del-2

316 2723 357 2765 la
398 2721 608 2770 inimicitia
646 2723 687 2768 di
719 2723 876 2769 Tui-chi
922 2739 999 2774 con
1042 2724 1069 2775 11
1099 2725 1281 2778 flung-‘iri
1300 2754 1311 2773 ,
1358 2723 1432 2769 che
1459 2723 1488 2768 li
1514 2722 1680 2778 parim,
1708 2721 1748 2768 la
