1916 3210
253 140 299 205 3
312 160 331 194 1
344 159 378 193 o
585 155 768 198 DUCAE
807 150 1089 196 nnanEms
1136 151 1368 217 NEPo‘ns

261 273 353 301 σκοι
380 271 464 310 μου
491 252 782 312 ἐπορεύθησαν
822 254 881 302 εἷς
922 252 1228 305 αἰχμαλωσίαν.
1296 252 1533 294 συνετέλεσε
1560 248 1703 305 κύριος

262 320 404 374 θυμὸν
431 320 587 374 αὐτοῦ,
630 321 790 374 ἐξέχεεν
818 315 957 371 θυμὸν
990 312 1117 372 ὀργῆς
1143 317 1290 359 αὐτοῦ.
1347 317 1421 358 καί
1447 315 1586 370 ἀνῆψε
1615 314 1703 370 πῦρ

261 388 308 429 ἐν
342 388 393 443 τῇ
430 382 547 427 πόλει
569 417 581 439 ,
618 387 691 427 καί
739 384 950 438 κατέφαγε
981 380 1031 424 τοὶ
1060 384 1236 435 θεμέλια
1264 383 1412 436 αὐτῆς.
1464 379 1704 436 μνήσθητι,
1730 418 1733 419 ⁷

260 451 396 505 κύριε,
416 452 465 493 τί
476 452 635 505 ἐγένετο
663 450 775 504 ἡμῖν.
805 450 1031 500 έπίβλεψον
1053 448 1125 490 κατ’
1145 447 1209 490 ἴδε
1227 447 1301 490 τὸν
1321 443 1559 500 ὀνειδισμὸν
1574 445 1705 502 ἧμῶν·

260 514 568 572 ἧκληρονομία
603 510 1010 570 ἦμιόνμετεστράφη
1050 509 1312 567 ἀλλοτρίοις,
1356 511 1395 554 οἱ
1437 508 1542 554 οἶκοι
1583 508 1740 567 ἧμῶνὸ

232 572 234 575 V
260 584 406 632 ξένοις.
459 579 640 637 ὀρφανοὶ
665 577 918 634 ἐγενήθημεν
951 575 1007 628 ὥς
1032 576 1092 634 ’μῆ
1119 577 1282 632 ἔχοντες
1308 579 1498 634 πατέρα,
1527 579 1704 633 μητέρες

259 647 379 703 ἡμῶν
407 647 464 696 ὦς
490 649 633 701 χῆραι.
654 643 919 699 έδιώχθημεν
947 641 1236 697 ἑκοπιοίσαμεν,
1265 643 1338 686 οὔκ
1363 643 1707 697 ἀνεπαυσάμεθα.

130 723 165 757 Ρ.
187 725 248 769 175
263 711 302 755 οἱ
328 715 507 766 πατέρες
533 711 652 765 ἡμῶν
677 707 891 766 ἥμαρτον,
919 710 994 751 καί
1010 705 1090 762 οὐχ
1112 707 1380 765 ὑπάρχουσι,
1407 708 1482 753 καί
1508 706 1628 765 ἡμεῖς
1650 706 1703 751 τοὶ

262 775 515 831 α’νομήματα
567 776 708 817 αὐτῶν
746 774 998 828 ὑπέσχομεν.
1075 775 1220 816 δοῦλοι
1271 775 1518 830 ἐκυρίευσαν
1552 773 1704 830 ἡμῶν,

263 839 542 897 λυτρούμενος
574 842 650 881 ου’κ
676 837 792 882 ἐστιν
822 841 868 881 ἐκ
896 841 971 893 τῆς
998 838 1141 893 χειρὸς
1171 840 1321 882 αὐτῶν.
1349 838 1395 882 τὸ
1428 839 1564 894 δέρμα
1587 838 1705 894 ἡμῶν
1721 850 1771 877 ιο

265 905 320 955 ὥς
353 908 544 959 κλίβανος
573 903 847 959 ἐπαλαιώθη,
889 903 1162 959 συνεσπάσθη
1199 903 1280 945 ἀπὸ
1311 901 1534 960 προσώπου
1563 918 1708 946 καται-

263 972 377 1026 γίδος
416 973 555 1024 λιμοῦ.
620 970 805 1012 ἐκλεκτοὶ
838 968 882 1012 ἐν
907 969 1056 1023 μύλοις
1098 966 1278 1024 ἤλεσαν,
1307 973 1380 1012 καί
1405 971 1611 1012 νεανίσκοι
1638 969 1710 1011 ἐπὶ

265 1035 402 1087 ξύλοις
429 1037 862 1090 ἀνεσκολοπίσθησαν.
917 1037 1152 1089 πρεσβῦται
1191 1033 1272 1076 ἀπὸ
1302 1034 1435 1089 πύλης
1463 1035 1708 1087 κατέπεσον,

130 1108 171 1142 V.
191 1108 253 1154 ¹4⁰
265 1103 338 1142 καί
362 1099 544 1143 ἐκλεκτοί
569 1098 652 1141 οἶπὸ
685 1102 869 1153 ψαλμῶν
898 1099 1038 1142 αὐτῶν
1055 1101 1340 1142 κατέπαυσαν.
1394 1095 1603 1154 κατελύθη
1627 1114 1709 1152 χα-

266 1165 319 1222 ρὰ
346 1164 520 1222 καρδίας
547 1164 680 1220 ἡμῶν,
709 1165 943 1221 ἑξεστράφη
975 1165 1037 1214 εἰς
1065 1167 1214 1215 πένθος
1247 1164 1269 1207 ὃ
1295 1163 1424 1220 χορὸς
1452 1164 1585 1219 ἡμῶν,
1612 1161 1707 1206 ἕπε-
1725 1161 1773 1204 15
1797 1217 1799 1220 y

264 1247 337 1273 σεν
359 1230 382 1272 ὁ
420 1232 627 1286 στέφανος
670 1232 743 1286 τῆς
771 1232 955 1285 κεφαλῆς
983 1227 1117 1283 ἡμῶν.
1175 1229 1276 1271 ουάἱ
1302 1230 1403 1285 ἡμῖν
1432 1226 1496 1272 ὅτι
1528 1228 1710 1284 ἧμάρτο-

264 1313 357 1350 μεν.
423 1297 524 1350 περὶ
561 1295 711 1338 τούτου
749 1295 927 1350 ἐγενήθη
967 1293 1147 1350 ὄδυνηρῆ
1191 1295 1218 1350 ἡ
1247 1297 1400 1350 καρδία
1428 1295 1564 1350 ἡμῶν.
1615 1292 1712 1348 περὶ

228 1360 413 1404 Βτούτου
441 1361 672 1403 ἐσκότασαν
700 1361 739 1402 οῖ
767 1359 992 1417 ὀφθαλμοὶ
1018 1358 1148 1414 ἡμῶν.
1205 1361 1278 1403 ἐπὶ
1303 1362 1356 1418 τῇ
1386 1362 1456 1417 νέᾳ
1477 1357 1586 1402 Σιών
1604 1391 1618 1414 ,
1645 1354 1710 1401 ὅτι

265 1424 505 1482 ἦφανίσθη,
548 1426 760 1475 α’λιόπεκες
806 1427 980 1480 διῆλθον
1017 1428 1062 1468 ἐν
1092 1426 1218 1482 αὐτῇ.
1270 1424 1323 1469 σύ
1352 1427 1425 1476 δέ,
1470 1423 1618 1480 κύριε,
1648 1425 1710 1473 εἷς

265 1490 340 1534 τὸν
385 1493 517 1533 αἰῶνα
560 1497 795 1543 κατοικεῖς,
832 1489 853 1533 ὅ
896 1491 1047 1546 θρόνος
1081 1506 1157 1533 σου
1186 1492 1245 1540 εἰς
1282 1489 1425 1545 γενεὰν
1451 1492 1525 1532 καί
1545 1489 1774 1545 wiredum)

266 1558 336 1598 ἵνα
363 1556 409 1598 τι’
434 1557 494 1604 εἰς
520 1562 651 1607 νεῖκος
678 1554 852 1614 ἐπιλήσῃ
881 1555 1017 1611 ἡμῶν,
1046 1559 1310 1610 καταλείψεις
1329 1556 1438 1611 ἡμᾶς
1462 1557 1522 1606 εἰς
1547 1555 1709 1611 μακρό-

266 1637 374 1676 τητα
402 1622 594 1677 ἧμερῶνς
636 1621 889 1676 ἑπίστρεψον
925 1618 1058 1676 ἡμᾶς,
1095 1619 1212 1676 κύριε
1229 1653 1242 1675 ,
1288 1620 1390 1676 πρὸς
1416 1623 1464 1664 σέ
1481 1653 1493 1668 ,
1521 1621 1594 1663 καί
1616 1623 1709 1664 ἐπι-

266 1687 627 1744 στραφησὸμεθα,
663 1688 738 1730 καί
762 1685 1044 1745 ἆνακαινισθῇ
1070 1686 1207 1743 ἡμέρα
1237 1687 1356 1743 ἡμῶν
1386 1685 1527 1737 καθώς
1555 1686 1708 1743 ἔμπρο-

269 1826 353 1854 runt
376 1822 414 1855 in
437 1826 533 1855 terra
561 1821 647 1854 foris
672 1832 762 1866 puer
787 1827 824 1855 et
856 1832 976 1854 senex.
1004 1820 1158 1865 virgines
1183 1831 1283 1853 meae
1311 1825 1348 1855 et
1371 1822 1517 1855 iuvenes
1545 1821 1617 1854 mei
1640 1821 1709 1854 mi-

268 1873 460 1912 graverunt
498 1869 537 1901 in
561 1868 815 1912 captivitatem.
839 1868 888 1912 (4,
918 1868 972 1914 ιι)
998 1867 1191 1912 complevit
1214 1868 1380 1901 dominus
1407 1868 1564 1901 furorem
1587 1879 1710 1909 suum,

270 1915 398 1948 effudit
421 1912 510 1947 iram
541 1914 805 1958 indignationis
841 1925 937 1947 suae.
970 1920 1007 1948 et
1030 1914 1218 1948 succendit
1240 1915 1358 1959 ignem
1384 1915 1423 1948 in
1450 1914 1560 1957 urbe,
1584 1919 1622 1948 et
1645 1914 1711 1948 de-

267 1962 407 1995 voravit
428 1961 663 1994 fundamenta
689 1962 777 1994 eius.
802 1961 851 2005 (5,
883 1961 984 2007 1—3)
1011 1961 1209 2002 recordare,
1238 1961 1402 2002 domine,
1427 1961 1516 2007 quid
1539 1960 1711 1994 acciderit

267 2008 384 2041 nobis.
409 2008 550 2041 intuere
579 2013 615 2040 et
639 2009 775 2053 respice
799 2007 1032 2052 opprobrium
1051 2013 1223 2041 nostrum.
1251 2007 1432 2041 hereditas
1463 2013 1586 2041 nostra
1609 2018 1711 2041 versa

269 2061 324 2087 est
341 2055 386 2088 ad
401 2055 551 2096 alienos,
579 2055 704 2087 domus
730 2060 874 2087 nostrae
898 2054 944 2087 ad
973 2059 1171 2087 extraneos.
1210 2054 1343 2099 pupilli
1377 2054 1462 2087 sacti
1483 2066 1603 2088 sumus
1627 2054 1711 2087 abs-

269 2112 340 2145 que
364 2107 486 2146 patre,
521 2107 652 2134 matres
689 2106 833 2134 nostrae
858 2101 962 2146 quasi
988 2100 1130 2134 viduae.
1155 2101 1206 2148 (5)
1233 2101 1373 2147 expulsi
1396 2113 1516 2134 sumus
1532 2127 1542 2143 ‚
1566 2100 1710 2133 labora-

268 2147 404 2188 vimus,
429 2159 502 2180 non
533 2148 785 2193 requievimus.
824 2149 871 2192 (7.
898 2149 934 2193 8)
970 2153 1089 2192 patres
1127 2149 1240 2181 nostri
1276 2153 1534 2192 peccaverunt,
1573 2153 1611 2180 et
1635 2158 1709 2180 non

270 2200 371 2235 sunt,
399 2199 435 2226 et
469 2206 533 2227 nos
564 2195 778 2240 iniquitates
803 2205 924 2226 eorum
962 2194 1192 2239 portavimus.
1221 2195 1311 2227 servi
1337 2194 1512 2227 dominati
1536 2199 1620 2226 sunt
1642 2203 1709 2226 no-

270 2242 356 2274 stri:
380 2252 453 2273 non
479 2241 550 2273 fuit
573 2242 636 2286 qui
662 2241 855 2274 redimeret
879 2241 923 2274 tle
950 2252 1055 2273 manu
1084 2252 1216 2273 eorum.
1242 2240 1320 2286 (ιο)
1342 2241 1447 2285 pellis
1471 2244 1594 2273 nostra
1618 2250 1710 2284 qua-

271 2288 302 2320 si
328 2287 490 2320 clibanus
526 2294 650 2320 exusta
680 2294 734 2321 est
761 2300 780 2320 a
807 2288 897 2320 facie
921 2291 1174 2332 temjoestatum
1201 2288 1313 2319 famis.
1335 2288 1510 2331 (ns—22)
1539 2286 1644 2319 electi
1669 2285 1712 2318 in-

269 2334 430 2378 pistrinis
447 2335 665 2373 moluerunt‚
690 2340 728 2368 et
746 2334 893 2367 iuvenes
907 2334 943 2366 in
964 2335 1069 2378 lignis
1095 2335 1224 2367 confixi
1250 2338 1342 2366 sunt.
1368 2344 1470 2366 senes
1495 2332 1710 2365 deciderunt

271 2380 316 2413 de
345 2380 476 2424 portis,
523 2381 630 2413 electi
656 2381 700 2413 de
742 2381 849 2414 choro
876 2381 1108 2425 psallentium
1136 2381 1354 2414 defecerunt.
1379 2378 1513 2412 defecit
1538 2378 1708 2423 gaudium

270 2427 387 2459 cordis
417 2427 551 2467 nostri,
576 2438 698 2459 versus
726 2434 780 2462 est
806 2428 844 2460 in
866 2427 1002 2460 luctum
1029 2427 1157 2461 chorus
1181 2433 1312 2460 noster.
1338 2425 1470 2460 cecidit
1493 2437 1624 2458 corona
1648 2437 1707 2458 ca-

268 2473 354 2517 pitis
381 2473 505 2505 nostri.
528 2485 593 2506 vae
617 2473 744 2514 nobis,
786 2475 871 2519 quia
898 2475 1132 2518 peccavimus.
1158 2479 1347 2519 propterea
1371 2477 1546 2506 maestum
1574 2472 1707 2506 factum

270 2524 325 2551 est
347 2530 407 2551 cor
429 2525 608 2552 nostrum:
634 2520 716 2552 ideo
745 2520 995 2553 contenebrati
1022 2527 1106 2554 sunt
1121 2521 1216 2553 oculi
1240 2519 1364 2555 nostri.
1390 2530 1482 2552 nova
1510 2518 1597 2552 Sion
1621 2518 1717 2562 quia-

269 2565 454 2609 disperiit,
478 2566 604 2610 vulpes
629 2567 911 2606 ambulaverunt
932 2568 969 2599 in
998 2578 1048 2603 ea.
1072 2573 1111 2600 tu
1138 2578 1242 2607 vero,
1268 2565 1435 2606 domine,
1460 2565 1498 2598 in
1521 2570 1708 2598 aeternum

267 2623 476 2657 permanes:
509 2613 639 2645 solium
674 2619 774 2647 tuum
801 2614 838 2647 in
863 2615 1127 2657 generationem
1154 2619 1189 2647 et
1215 2613 1493 2657 generationem.
1529 2622 1639 2656 quare
1668 2611 1708 2649 in

268 2664 482 2703 perpetuum
516 2658 738 2692 oblivisceris
773 2661 909 2694 nostri?
948 2660 1177 2706 derelinques
1214 2670 1280 2692 nos
1312 2659 1350 2692 in
1377 2657 1603 2703 longitudine
1629 2656 1706 2691 die-

267 2704 372 2739 rum?
398 2711 564 2739 converte
588 2717 676 2746 nos,
703 2705 867 2748 domine,
895 2706 940 2740 ad
965 2713 1021 2748 te,
1044 2712 1080 2741 et
1096 2711 1353 2741 convertemur.
1382 2705 1512 2743 innova
1538 2703 1615 2738 dies
1640 2715 1707 2737 uo-
