<?xml version="1.0" encoding="UTF-8"?>
<!DOCTYPE html PUBLIC "-//W3C//DTD XHTML 1.0 Transitional//EN"
    "http://www.w3.org/TR/xhtml1/DTD/xhtml1-transitional.dtd">
<html xmlns="http://www.w3.org/1999/xhtml" xml:lang="en" lang="en">
 <head>
  <title>
</title>
<meta http-equiv="Content-Type" content="text/html;charset=utf-8" />
  <meta name='ocr-system' content='tesseract 3.04.00' />
  <meta name='ocr-capabilities' content='ocr_page ocr_carea ocr_par ocr_line ocrx_word'/>
</head>
<body>
  <div class='ocr_page' id='page_1' title='image "./corpusscriptorum11niebuoft_0066.png"; bbox 0 0 1904 3198; ppageno 0'>
   <div class='ocr_carea' id='block_1_1' title="bbox 305 171 1406 239">
    <p class='ocr_par' dir='ltr' id='par_1_1' title="bbox 305 171 1406 239">
     <span class='ocr_line' id='line_1_1' title="bbox 305 171 1406 239; baseline -0.008 0"><span class='ocrx_word' id='word_1_1' title='bbox 305 171 380 239; x_wconf 75' lang='lat'>48</span> <span class='ocrx_word' id='word_1_2' title='bbox 644 189 831 235; x_wconf 64' lang='lat' dir='ltr'>noema</span> <span class='ocrx_word' id='word_1_3' title='bbox 866 187 1152 233; x_wconf 51' lang='lat' dir='ltr'>incamus</span> <span class='ocrx_word' id='word_1_4' title='bbox 1183 187 1406 232; x_wconf 63' lang='lat' dir='ltr'>mmo-ns</span> 
     </span>
    </p>
   </div>
   <div class='ocr_carea' id='block_1_2' title="bbox 191 288 1819 1784">
    <p class='ocr_par' dir='ltr' id='par_1_2' title="bbox 201 288 1791 868">
     <span class='ocr_line' id='line_1_2' title="bbox 201 288 1750 346; baseline 0.001 -15"><span class='ocrx_word' id='word_1_5' title='bbox 201 297 235 331; x_wconf 85' lang='lat' dir='ltr'>P.</span> <span class='ocrx_word' id='word_1_6' title='bbox 251 296 294 333; x_wconf 76' lang='lat'>25</span> <span class='ocrx_word' id='word_1_7' title='bbox 305 289 380 332; x_wconf 83' lang='grc' dir='ltr'><strong><em>καί</em></strong></span> <span class='ocrx_word' id='word_1_8' title='bbox 415 291 494 332; x_wconf 86' lang='grc' dir='ltr'>τοῦ</span> <span class='ocrx_word' id='word_1_9' title='bbox 519 291 623 335; x_wconf 86' lang='grc' dir='ltr'><strong><em>ναοῦ</em></strong></span> <span class='ocrx_word' id='word_1_10' title='bbox 643 291 727 334; x_wconf 76' lang='grc' dir='ltr'>τῶν</span> <span class='ocrx_word' id='word_1_11' title='bbox 754 291 881 346; x_wconf 80' lang='grc' dir='ltr'><strong><em>ἁγίων</em></strong></span> <span class='ocrx_word' id='word_1_12' title='bbox 909 290 1220 344; x_wconf 75' lang='grc' dir='ltr'><strong><em>τεσσαράκοντα</em></strong></span> <span class='ocrx_word' id='word_1_13' title='bbox 1249 292 1385 339; x_wconf 76' lang='grc' dir='ltr'><strong><em>καλῶς</em></strong></span> <span class='ocrx_word' id='word_1_14' title='bbox 1421 288 1750 344; x_wconf 63' lang='grc' dir='ltr'><strong><em>οἰκοδομηθέντα</em></strong></span> 
     </span>
     <span class='ocr_line' id='line_1_3' title="bbox 303 353 1753 411; baseline -0.002 -13"><span class='ocrx_word' id='word_1_15' title='bbox 303 358 377 398; x_wconf 79' lang='grc' dir='ltr'><strong><em>καί</em></strong></span> <span class='ocrx_word' id='word_1_16' title='bbox 403 355 532 399; x_wconf 66' lang='grc' dir='ltr'><strong><em>αὐτὸν</em></strong></span> <span class='ocrx_word' id='word_1_17' title='bbox 557 356 672 410; x_wconf 78' lang='grc' dir='ltr'><strong><em>παρὰ</em></strong></span> <span class='ocrx_word' id='word_1_18' title='bbox 702 359 778 400; x_wconf 86' lang='grc' dir='ltr'>τοῦ</span> <span class='ocrx_word' id='word_1_19' title='bbox 805 359 1013 411; x_wconf 83' lang='grc' dir='ltr'><strong><em>βασιλέως</em></strong></span> <span class='ocrx_word' id='word_1_20' title='bbox 1030 358 1297 411; x_wconf 83' lang='grc' dir='ltr'><strong><em>Μαυρικίου,</em></strong></span> <span class='ocrx_word' id='word_1_21' title='bbox 1330 357 1404 398; x_wconf 79' lang='grc' dir='ltr'><strong><em>καί</em></strong></span> <span class='ocrx_word' id='word_1_22' title='bbox 1420 353 1473 397; x_wconf 82' lang='grc' dir='ltr'>τοὶ</span> <span class='ocrx_word' id='word_1_23' title='bbox 1513 355 1753 410; x_wconf 49' lang='lat' dir='ltr'>moelem&amp;</span> 
     </span>
     <span class='ocr_line' id='line_1_4' title="bbox 304 418 1755 477; baseline -0.001 -14"><span class='ocrx_word' id='word_1_24' title='bbox 304 437 413 475; x_wconf 88' lang='grc' dir='ltr'><strong><em>μενα</em></strong></span> <span class='ocrx_word' id='word_1_25' title='bbox 440 425 517 464; x_wconf 80' lang='grc' dir='ltr'>τοῦ</span> <span class='ocrx_word' id='word_1_26' title='bbox 537 424 644 464; x_wconf 85' lang='grc' dir='ltr'><strong><em>ναοῦ</em></strong></span> <span class='ocrx_word' id='word_1_27' title='bbox 668 424 748 465; x_wconf 81' lang='grc' dir='ltr'>τοῦ</span> <span class='ocrx_word' id='word_1_28' title='bbox 775 423 897 477; x_wconf 74' lang='grc' dir='ltr'><strong><em>ἁγίου</em></strong></span> <span class='ocrx_word' id='word_1_29' title='bbox 913 423 1108 474; x_wconf 82' lang='grc' dir='ltr'><strong><em>Μωκίου,</em></strong></span> <span class='ocrx_word' id='word_1_30' title='bbox 1129 418 1177 464; x_wconf 71' lang='grc' dir='ltr'>ὃν</span> <span class='ocrx_word' id='word_1_31' title='bbox 1202 419 1418 477; x_wconf 70' lang='grc' dir='ltr'><em>ἀνήγειρεν</em></span> <span class='ocrx_word' id='word_1_32' title='bbox 1437 420 1459 463; x_wconf 84' lang='lat' dir='ltr'>o‘</span> <span class='ocrx_word' id='word_1_33' title='bbox 1478 422 1610 475; x_wconf 83' lang='grc' dir='ltr'><strong><em>μέγας</em></strong></span> <span class='ocrx_word' id='word_1_34' title='bbox 1632 422 1755 475; x_wconf 75' lang='grc' dir='ltr'><strong><em>βασι-</em></strong></span> 
     </span>
     <span class='ocr_line' id='line_1_5' title="bbox 304 480 1752 542; baseline -0.002 -13"><span class='ocrx_word' id='word_1_35' title='bbox 304 486 401 536; x_wconf 80' lang='grc' dir='ltr'><strong><em>λεῦς</em></strong></span> <span class='ocrx_word' id='word_1_36' title='bbox 435 489 760 537; x_wconf 79' lang='grc' dir='ltr'><strong><em>Κωνστανεῖνος.</em></strong></span> <span class='ocrx_word' id='word_1_37' title='bbox 829 487 1042 542; x_wconf 76' lang='grc' dir='ltr'><strong><em>ἐχώρησεν</em></strong></span> <span class='ocrx_word' id='word_1_38' title='bbox 1083 480 1158 528; x_wconf 75' lang='grc' dir='ltr'>οὖν</span> <span class='ocrx_word' id='word_1_39' title='bbox 1197 488 1325 541; x_wconf 90' lang='grc' dir='ltr'><strong><em>μέρος</em></strong></span> <span class='ocrx_word' id='word_1_40' title='bbox 1359 489 1432 542; x_wconf 82' lang='grc' dir='ltr'>τῆς</span> <span class='ocrx_word' id='word_1_41' title='bbox 1474 486 1630 535; x_wconf 85' lang='grc' dir='ltr'><strong><em>πόλεως</em></strong></span> <span class='ocrx_word' id='word_1_42' title='bbox 1667 483 1752 530; x_wconf 63' lang='grc' dir='ltr'>ἀπὸ</span> 
     </span>
     <span class='ocr_line' id='line_1_6' title="bbox 305 550 1791 607; baseline 0.002 -15"><span class='ocrx_word' id='word_1_43' title='bbox 305 553 378 606; x_wconf 73' lang='grc' dir='ltr'>τῆς</span> <span class='ocrx_word' id='word_1_44' title='bbox 412 553 616 607; x_wconf 76' lang='grc' dir='ltr'><strong><em>χρυσείας</em></strong></span> <span class='ocrx_word' id='word_1_45' title='bbox 653 550 786 607; x_wconf 78' lang='grc' dir='ltr'><strong><em>πύλης</em></strong></span> <span class='ocrx_word' id='word_1_46' title='bbox 809 554 887 600; x_wconf 74' lang='grc' dir='ltr'>ἕως</span> <span class='ocrx_word' id='word_1_47' title='bbox 915 553 994 593; x_wconf 88' lang='grc' dir='ltr'>τοῦ</span> <span class='ocrx_word' id='word_1_48' title='bbox 1029 552 1223 606; x_wconf 77' lang='grc' dir='ltr'>αἰγιαλοῦ</span> <span class='ocrx_word' id='word_1_49' title='bbox 1250 553 1328 593; x_wconf 85' lang='grc' dir='ltr'>τοῦ</span> <span class='ocrx_word' id='word_1_50' title='bbox 1355 551 1461 607; x_wconf 81' lang='grc' dir='ltr'><strong><em>πρὸς</em></strong></span> <span class='ocrx_word' id='word_1_51' title='bbox 1487 551 1791 607; x_wconf 79' lang='grc' dir='ltr'><strong><em>μεσημβρίαν5</em></strong></span> 
     </span>
     <span class='ocr_line' id='line_1_7' title="bbox 306 613 1755 672; baseline 0.001 -15"><span class='ocrx_word' id='word_1_52' title='bbox 306 616 631 670; x_wconf 77' lang='grc' dir='ltr'><strong><em>κατασκευάσας,</em></strong></span> <span class='ocrx_word' id='word_1_53' title='bbox 661 616 734 658; x_wconf 72' lang='grc' dir='ltr'><strong><em>καὶ</em></strong></span> <span class='ocrx_word' id='word_1_54' title='bbox 747 613 1147 672; x_wconf 47' lang='grc' dir='ltr'><strong><em>’ὁρμητήριον-ἒχων</em></strong></span> <span class='ocrx_word' id='word_1_55' title='bbox 1175 615 1276 659; x_wconf 71' lang='grc' dir='ltr'><strong><em>αῦτὸ</em></strong></span> <span class='ocrx_word' id='word_1_56' title='bbox 1306 615 1412 672; x_wconf 81' lang='grc' dir='ltr'><strong><em>πρὸς</em></strong></span> <span class='ocrx_word' id='word_1_57' title='bbox 1439 613 1685 672; x_wconf 74' lang='grc' dir='ltr'><strong><em>καταφυγὴν</em></strong></span> <span class='ocrx_word' id='word_1_58' title='bbox 1709 617 1755 658; x_wconf 71' lang='grc' dir='ltr'><strong><em>ἐν</em></strong></span> 
     </span>
     <span class='ocr_line' id='line_1_8' title="bbox 307 675 1753 739; baseline 0 -17"><span class='ocrx_word' id='word_1_59' title='bbox 307 684 452 739; x_wconf 73' lang='grc' dir='ltr'><strong><em>καιρῷ.</em></strong></span> <span class='ocrx_word' id='word_1_60' title='bbox 509 683 843 737; x_wconf 73' lang='grc' dir='ltr'><strong><em>ἀπαρτισθέντος</em></strong></span> <span class='ocrx_word' id='word_1_61' title='bbox 867 675 944 723; x_wconf 77' lang='grc' dir='ltr'>οὖν</span> <span class='ocrx_word' id='word_1_62' title='bbox 972 684 1050 723; x_wconf 91' lang='grc' dir='ltr'>τοῦ</span> <span class='ocrx_word' id='word_1_63' title='bbox 1075 682 1291 736; x_wconf 77' lang='grc' dir='ltr'><strong><em>πολιχνίου</em></strong></span> <span class='ocrx_word' id='word_1_64' title='bbox 1322 681 1344 724; x_wconf 83' lang='grc' dir='ltr'>ὅ</span> <span class='ocrx_word' id='word_1_65' title='bbox 1372 679 1601 736; x_wconf 81' lang='grc' dir='ltr'><strong><em>Παγιαζῆτ</em></strong></span> <span class='ocrx_word' id='word_1_66' title='bbox 1626 682 1753 736; x_wconf 81' lang='grc' dir='ltr'><strong><em>η’βου-</em></strong></span> 
     </span>
     <span class='ocr_line' id='line_1_9' title="bbox 306 744 1755 803; baseline -0.001 -15"><span class='ocrx_word' id='word_1_67' title='bbox 306 744 416 803; x_wconf 70' lang='grc' dir='ltr'><strong><em>λήθη</em></strong></span> <span class='ocrx_word' id='word_1_68' title='bbox 458 749 762 802; x_wconf 78' lang='grc' dir='ltr'><strong><em>ἐκστρατεῦσαι</em></strong></span> <span class='ocrx_word' id='word_1_69' title='bbox 811 744 915 789; x_wconf 73' lang='grc' dir='ltr'><strong><em>κατὰ</em></strong></span> <span class='ocrx_word' id='word_1_70' title='bbox 955 747 1151 802; x_wconf 84' lang='grc' dir='ltr'><strong><em>Τούρκων</em></strong></span> <span class='ocrx_word' id='word_1_71' title='bbox 1187 748 1387 800; x_wconf 80' lang='grc' dir='ltr'><strong><em>κειμένων</em></strong></span> <span class='ocrx_word' id='word_1_72' title='bbox 1424 750 1470 789; x_wconf 85' lang='grc' dir='ltr'>έν</span> <span class='ocrx_word' id='word_1_73' title='bbox 1497 751 1582 795; x_wconf 76' lang='grc' dir='ltr'><strong><em>τοῖς</em></strong></span> <span class='ocrx_word' id='word_1_74' title='bbox 1605 746 1755 801; x_wconf 79' lang='grc' dir='ltr'><strong><em>μέρεσι</em></strong></span> 
     </span>
     <span class='ocr_line' id='line_1_10' title="bbox 308 811 1754 868; baseline -0.003 -13"><span class='ocrx_word' id='word_1_75' title='bbox 308 818 396 862; x_wconf 86' lang='grc' dir='ltr'><strong><em>τοῖς</em></strong></span> <span class='ocrx_word' id='word_1_76' title='bbox 419 811 525 855; x_wconf 73' lang='grc' dir='ltr'><strong><em>κατὰ</em></strong></span> <span class='ocrx_word' id='word_1_77' title='bbox 558 813 731 867; x_wconf 79' lang='grc' dir='ltr'><strong><em>Πέργην</em></strong></span> <span class='ocrx_word' id='word_1_78' title='bbox 757 815 832 867; x_wconf 87' lang='grc' dir='ltr'>τῆς</span> <span class='ocrx_word' id='word_1_79' title='bbox 860 814 1126 868; x_wconf 80' lang='grc' dir='ltr'><strong><em>Παμφυλίας</em></strong></span> <span class='ocrx_word' id='word_1_80' title='bbox 1143 843 1155 866; x_wconf 88' lang='grc'><strong>,</strong></span> <span class='ocrx_word' id='word_1_81' title='bbox 1199 813 1272 853; x_wconf 83' lang='grc' dir='ltr'>καί</span> <span class='ocrx_word' id='word_1_82' title='bbox 1297 812 1347 866; x_wconf 79' lang='grc' dir='ltr'><em>δὴ</em></span> <span class='ocrx_word' id='word_1_83' title='bbox 1363 813 1557 862; x_wconf 61' lang='grc' dir='ltr'><strong><em>,καλέσας</em></strong></span> <span class='ocrx_word' id='word_1_84' title='bbox 1579 811 1651 853; x_wconf 83' lang='grc' dir='ltr'>τὸν</span> <span class='ocrx_word' id='word_1_85' title='bbox 1674 813 1754 865; x_wconf 78' lang='grc' dir='ltr'><strong><em>βα·</em></strong></span> 
     </span>
    </p>

    <p class='ocr_par' dir='ltr' id='par_1_3' title="bbox 270 874 1819 1326">
     <span class='ocr_line' id='line_1_11' title="bbox 270 874 1819 932; baseline -0.002 -12"><span class='ocrx_word' id='word_1_86' title='bbox 270 879 428 923; x_wconf 82' lang='grc' dir='ltr'><strong><em>Βσιλέα</em></strong></span> <span class='ocrx_word' id='word_1_87' title='bbox 452 879 607 930; x_wconf 80' lang='grc' dir='ltr'><strong><em>πέμπει</em></strong></span> <span class='ocrx_word' id='word_1_88' title='bbox 631 875 675 918; x_wconf 85' lang='grc' dir='ltr'>τὸ</span> <span class='ocrx_word' id='word_1_89' title='bbox 706 874 888 932; x_wconf 75' lang='grc' dir='ltr'><strong><em>σύνηθες</em></strong></span> <span class='ocrx_word' id='word_1_90' title='bbox 915 875 989 919; x_wconf 83' lang='grc' dir='ltr'>τὸν</span> <span class='ocrx_word' id='word_1_91' title='bbox 1016 875 1110 919; x_wconf 83' lang='grc' dir='ltr'><strong><em>υἱὸν</em></strong></span> <span class='ocrx_word' id='word_1_92' title='bbox 1138 878 1211 920; x_wconf 82' lang='grc' dir='ltr'><strong><em>καί</em></strong></span> <span class='ocrx_word' id='word_1_93' title='bbox 1233 879 1410 930; x_wconf 80' lang='grc' dir='ltr'><strong><em>βασιλέα</em></strong></span> <span class='ocrx_word' id='word_1_94' title='bbox 1440 875 1651 930; x_wconf 69' lang='grc' dir='ltr'><strong><em>Μανουὴλ</em></strong></span> <span class='ocrx_word' id='word_1_95' title='bbox 1674 874 1754 918; x_wconf 71' lang='grc' dir='ltr'>σῦν</span> <span class='ocrx_word' id='word_1_96' title='bbox 1772 880 1786 905; x_wconf 90' lang='lat'>¹</span> <span class='ocrx_word' id='word_1_97' title='bbox 1794 880 1819 905; x_wconf 90' lang='lat'>⁰</span> 
     </span>
     <span class='ocr_line' id='line_1_12' title="bbox 308 938 1755 998; baseline -0.001 -14"><span class='ocrx_word' id='word_1_98' title='bbox 308 947 392 992; x_wconf 81' lang='grc' dir='ltr'><strong><em>τοῖς</em></strong></span> <span class='ocrx_word' id='word_1_99' title='bbox 419 940 571 984; x_wconf 77' lang='grc' dir='ltr'><strong><em>ἑκατὸν</em></strong></span> <span class='ocrx_word' id='word_1_100' title='bbox 605 941 894 997; x_wconf 77' lang='grc' dir='ltr'><strong><em>στρατιώταις,</em></strong></span> <span class='ocrx_word' id='word_1_101' title='bbox 949 945 1023 985; x_wconf 74' lang='grc' dir='ltr'><strong><em>καὶ</em></strong></span> <span class='ocrx_word' id='word_1_102' title='bbox 1047 941 1153 996; x_wconf 75' lang='grc' dir='ltr'><strong><em>μετα</em></strong></span> <span class='ocrx_word' id='word_1_103' title='bbox 1185 941 1260 997; x_wconf 81' lang='grc' dir='ltr'>τὴν</span> <span class='ocrx_word' id='word_1_104' title='bbox 1286 940 1496 983; x_wconf 74' lang='grc' dir='ltr'><strong><em>ἐπάνοδον</em></strong></span> <span class='ocrx_word' id='word_1_105' title='bbox 1519 938 1671 996; x_wconf 72' lang='grc' dir='ltr'><strong><em>μηνύει</em></strong></span> <span class='ocrx_word' id='word_1_106' title='bbox 1697 942 1755 998; x_wconf 77' lang='grc' dir='ltr'>τῷ</span> 
     </span>
     <span class='ocr_line' id='line_1_13' title="bbox 307 1002 1755 1066; baseline -0.001 -16"><span class='ocrx_word' id='word_1_107' title='bbox 307 1011 478 1062; x_wconf 84' lang='grc' dir='ltr'><strong><em>βασιλεῖ</em></strong></span> <span class='ocrx_word' id='word_1_108' title='bbox 500 1004 664 1065; x_wconf 78' lang='grc' dir='ltr'><strong><em>Ἰωάννῃ</em></strong></span> <span class='ocrx_word' id='word_1_109' title='bbox 694 1009 740 1050; x_wconf 77' lang='grc' dir='ltr'>ἐν</span> <span class='ocrx_word' id='word_1_110' title='bbox 760 1010 812 1065; x_wconf 78' lang='grc' dir='ltr'>τῇ</span> <span class='ocrx_word' id='word_1_111' title='bbox 840 1007 1023 1066; x_wconf 76' lang='grc' dir='ltr'><strong><em>Προύσῃ</em></strong></span> <span class='ocrx_word' id='word_1_112' title='bbox 1053 1003 1171 1057; x_wconf 69' lang='grc' dir='ltr'><strong><em>ὄντος</em></strong></span> <span class='ocrx_word' id='word_1_113' title='bbox 1196 1009 1273 1049; x_wconf 87' lang='grc' dir='ltr'>τοῦ</span> <span class='ocrx_word' id='word_1_114' title='bbox 1292 1002 1524 1062; x_wconf 82' lang='grc' dir='ltr'><strong><em>Μανουῆλ-,</em></strong></span> <span class='ocrx_word' id='word_1_115' title='bbox 1551 1002 1578 1062; x_wconf 82' lang='grc' dir='ltr'><strong><em>ἢ</em></strong></span> <span class='ocrx_word' id='word_1_116' title='bbox 1600 1003 1755 1060; x_wconf 64' lang='grc' dir='ltr'><strong><em>,τὸτῆς</em></strong></span> 
     </span>
     <span class='ocr_line' id='line_1_14' title="bbox 304 1069 1756 1129; baseline -0.001 -15"><span class='ocrx_word' id='word_1_117' title='bbox 304 1073 511 1128; x_wconf 83' lang='grc' dir='ltr'><strong><em>χρυσείας</em></strong></span> <span class='ocrx_word' id='word_1_118' title='bbox 540 1076 754 1127; x_wconf 86' lang='grc' dir='ltr'><strong><em>πολίχνιον</em></strong></span> <span class='ocrx_word' id='word_1_119' title='bbox 770 1105 781 1126; x_wconf 93' lang='grc'><em>,</em></span> <span class='ocrx_word' id='word_1_120' title='bbox 823 1071 849 1115; x_wconf 78' lang='grc' dir='ltr'><em>ὃ</em></span> <span class='ocrx_word' id='word_1_121' title='bbox 876 1071 1092 1129; x_wconf 73' lang='grc' dir='ltr'><strong><em>ἀνήγειρεν</em></strong></span> <span class='ocrx_word' id='word_1_122' title='bbox 1119 1076 1165 1115; x_wconf 80' lang='grc' dir='ltr'>ἐκ</span> <span class='ocrx_word' id='word_1_123' title='bbox 1191 1075 1311 1126; x_wconf 77' lang='grc' dir='ltr'><strong><em>νέου,</em></strong></span> <span class='ocrx_word' id='word_1_124' title='bbox 1335 1073 1523 1126; x_wconf 83' lang='grc' dir='ltr'><strong><em>χαλάσαι</em></strong></span> <span class='ocrx_word' id='word_1_125' title='bbox 1543 1069 1624 1113; x_wconf 71' lang='grc' dir='ltr'><strong><em>,καὶ</em></strong></span> <span class='ocrx_word' id='word_1_126' title='bbox 1645 1072 1756 1127; x_wconf 55' lang='lat' dir='ltr'>&amp;ed-,-</span> 
     </span>
     <span class='ocr_line' id='line_1_15' title="bbox 307 1135 1755 1194; baseline 0 -15"><span class='ocrx_word' id='word_1_127' title='bbox 307 1153 401 1180; x_wconf 88' lang='grc' dir='ltr'><strong><em>πιον</em></strong></span> <span class='ocrx_word' id='word_1_128' title='bbox 442 1140 636 1194; x_wconf 83' lang='grc' dir='ltr'><strong><em>α’φεῖναι,</em></strong></span> <span class='ocrx_word' id='word_1_129' title='bbox 681 1135 709 1194; x_wconf 80' lang='grc' dir='ltr'><em>ἢ</em></span> <span class='ocrx_word' id='word_1_130' title='bbox 749 1138 827 1189; x_wconf 74' lang='grc' dir='ltr'>τὰς</span> <span class='ocrx_word' id='word_1_131' title='bbox 865 1141 939 1181; x_wconf 87' lang='grc' dir='ltr'>τοῦ</span> <span class='ocrx_word' id='word_1_132' title='bbox 979 1139 1188 1194; x_wconf 80' lang='grc' dir='ltr'><strong><em>Μανουὴλ</em></strong></span> <span class='ocrx_word' id='word_1_133' title='bbox 1223 1141 1299 1180; x_wconf 80' lang='grc' dir='ltr'>τοῦ</span> <span class='ocrx_word' id='word_1_134' title='bbox 1338 1137 1435 1180; x_wconf 77' lang='grc' dir='ltr'><strong><em>υἱοῦ</em></strong></span> <span class='ocrx_word' id='word_1_135' title='bbox 1464 1138 1597 1179; x_wconf 72' lang='grc' dir='ltr'><strong><em>αὐτοῦ</em></strong></span> <span class='ocrx_word' id='word_1_136' title='bbox 1625 1135 1755 1192; x_wconf 76' lang='grc' dir='ltr'><strong><em>κόρας</em></strong></span> 
     </span>
     <span class='ocr_line' id='line_1_16' title="bbox 306 1196 1818 1260; baseline 0.001 -16"><span class='ocrx_word' id='word_1_137' title='bbox 306 1203 502 1258; x_wconf 77' lang='grc' dir='ltr'><strong><em>ἐξορύξας</em></strong></span> <span class='ocrx_word' id='word_1_138' title='bbox 532 1206 692 1258; x_wconf 85' lang='grc' dir='ltr'><strong><em>ταχέως</em></strong></span> <span class='ocrx_word' id='word_1_139' title='bbox 719 1206 781 1253; x_wconf 84' lang='grc' dir='ltr'>εἰς</span> <span class='ocrx_word' id='word_1_140' title='bbox 808 1203 940 1246; x_wconf 75' lang='grc' dir='ltr'><strong><em>αὐτὸν</em></strong></span> <span class='ocrx_word' id='word_1_141' title='bbox 966 1207 1121 1258; x_wconf 85' lang='grc' dir='ltr'><strong><em>πέμπει</em></strong></span> <span class='ocrx_word' id='word_1_142' title='bbox 1136 1205 1462 1260; x_wconf 85' lang='grc' dir='ltr'><strong><em>τετυφλωμένον.</em></strong></span> <span class='ocrx_word' id='word_1_143' title='bbox 1516 1200 1539 1243; x_wconf 81' lang='grc' dir='ltr'>ὅ</span> <span class='ocrx_word' id='word_1_144' title='bbox 1569 1196 1753 1254; x_wconf 69' lang='grc' dir='ltr'><strong><em>οὖν-βοι-</em></strong></span> <span class='ocrx_word' id='word_1_145' title='bbox 1771 1198 1818 1245; x_wconf 74' lang='lat'>15</span> 
     </span>
     <span class='ocr_line' id='line_1_17' title="bbox 306 1263 1755 1326; baseline -0.002 -16"><span class='ocrx_word' id='word_1_146' title='bbox 306 1267 449 1317; x_wconf 76' lang='grc' dir='ltr'><strong><em>σιλεύς</em></strong></span> <span class='ocrx_word' id='word_1_147' title='bbox 471 1267 663 1323; x_wconf 84' lang='grc' dir='ltr'><strong><em>Ἷωοίννης</em></strong></span> <span class='ocrx_word' id='word_1_148' title='bbox 706 1268 819 1325; x_wconf 74' lang='grc' dir='ltr'><strong><em>δρῶν</em></strong></span> <span class='ocrx_word' id='word_1_149' title='bbox 844 1268 921 1326; x_wconf 80' lang='grc' dir='ltr'>τὴν</span> <span class='ocrx_word' id='word_1_150' title='bbox 957 1268 1164 1325; x_wconf 80' lang='grc' dir='ltr'><strong><em>τοσαύτην</em></strong></span> <span class='ocrx_word' id='word_1_151' title='bbox 1193 1267 1441 1311; x_wconf 80' lang='grc' dir='ltr'><strong><em>δυναστείαν</em></strong></span> <span class='ocrx_word' id='word_1_152' title='bbox 1466 1266 1540 1309; x_wconf 77' lang='grc' dir='ltr'><strong><em>καί</em></strong></span> <span class='ocrx_word' id='word_1_153' title='bbox 1556 1264 1617 1322; x_wconf 77' lang='grc' dir='ltr'>μὴ</span> <span class='ocrx_word' id='word_1_154' title='bbox 1642 1263 1755 1320; x_wconf 76' lang='grc' dir='ltr'><strong><em>ἔχων</em></strong></span> 
     </span>
    </p>

    <p class='ocr_par' dir='ltr' id='par_1_4' title="bbox 191 1330 1819 1605">
     <span class='ocr_line' id='line_1_18' title="bbox 191 1330 1754 1391; baseline -0.003 -15"><span class='ocrx_word' id='word_1_155' title='bbox 191 1341 232 1376; x_wconf 86' lang='lat' dir='ltr'>V.</span> <span class='ocrx_word' id='word_1_156' title='bbox 250 1353 293 1378; x_wconf 69' lang='grc' dir='ltr'><strong><em>σο</em></strong></span> <span class='ocrx_word' id='word_1_157' title='bbox 306 1331 370 1376; x_wconf 75' lang='grc' dir='ltr'><strong><em>ὅτι</em></strong></span> <span class='ocrx_word' id='word_1_158' title='bbox 399 1333 547 1389; x_wconf 73' lang='grc' dir='ltr'><strong><em>δράσει</em></strong></span> <span class='ocrx_word' id='word_1_159' title='bbox 595 1331 668 1391; x_wconf 73' lang='grc' dir='ltr'><strong><em>(ἢν</em></strong></span> <span class='ocrx_word' id='word_1_160' title='bbox 695 1334 776 1391; x_wconf 73' lang='grc' dir='ltr'><strong><em>γάρ</em></strong></span> <span class='ocrx_word' id='word_1_161' title='bbox 816 1338 1057 1385; x_wconf 81' lang='grc' dir='ltr'><strong><em>κατιίκοιτος</em></strong></span> <span class='ocrx_word' id='word_1_162' title='bbox 1084 1338 1157 1377; x_wconf 80' lang='grc' dir='ltr'><em>καί</em></span> <span class='ocrx_word' id='word_1_163' title='bbox 1178 1336 1316 1390; x_wconf 75' lang='grc' dir='ltr'><strong><em>ἀλγῶν</em></strong></span> <span class='ocrx_word' id='word_1_164' title='bbox 1346 1333 1446 1383; x_wconf 85' lang='grc' dir='ltr'><strong><em>τοῦς</em></strong></span> <span class='ocrx_word' id='word_1_165' title='bbox 1471 1331 1624 1385; x_wconf 76' lang='grc' dir='ltr'><strong><em>πόδας,</em></strong></span> <span class='ocrx_word' id='word_1_166' title='bbox 1652 1330 1754 1387; x_wconf 79' lang='grc' dir='ltr'><strong><em>ἧμι-</em></strong></span> 
     </span>
     <span class='ocr_line' id='line_1_19' title="bbox 304 1397 1757 1472; baseline -0.001 -31"><span class='ocrx_word' id='word_1_167' title='bbox 304 1398 441 1453; x_wconf 73' lang='grc' dir='ltr'><strong><em>θανὴς</em></strong></span> <span class='ocrx_word' id='word_1_168' title='bbox 471 1398 529 1448; x_wconf 76' lang='grc' dir='ltr'>ὦς</span> <span class='ocrx_word' id='word_1_169' title='bbox 556 1400 687 1442; x_wconf 82' lang='grc' dir='ltr'><strong><em>εἰπεῖν</em></strong></span> <span class='ocrx_word' id='word_1_170' title='bbox 713 1398 793 1444; x_wconf 83' lang='grc' dir='ltr'>ῦπό</span> <span class='ocrx_word' id='word_1_171' title='bbox 822 1404 976 1457; x_wconf 83' lang='grc' dir='ltr'><strong><em>πολλῆς</em></strong></span> <span class='ocrx_word' id='word_1_172' title='bbox 1003 1401 1271 1457; x_wconf 78' lang='grc' dir='ltr'><strong><em>ἆὸδηφαγίας</em></strong></span> <span class='ocrx_word' id='word_1_173' title='bbox 1298 1402 1372 1442; x_wconf 82' lang='grc' dir='ltr'>καί</span> <span class='ocrx_word' id='word_1_174' title='bbox 1397 1398 1654 1472; x_wconf 68' lang='grc' dir='ltr'><strong><em>πολυποσίας</em></strong></span> <span class='ocrx_word' id='word_1_175' title='bbox 1683 1397 1757 1440; x_wconf 72' lang='grc' dir='ltr'><strong><em>καὶ</em></strong></span> 
     </span>
     <span class='ocr_line' id='line_1_20' title="bbox 303 1462 1751 1522; baseline -0.003 -16"><span class='ocrx_word' id='word_1_176' title='bbox 303 1466 385 1507; x_wconf 75' lang='grc' dir='ltr'>τῶν</span> <span class='ocrx_word' id='word_1_177' title='bbox 413 1464 690 1520; x_wconf 73' lang='grc' dir='ltr'><strong><em>ἡδυπαθιῶν,</em></strong></span> <span class='ocrx_word' id='word_1_178' title='bbox 734 1467 792 1522; x_wconf 77' lang='grc' dir='ltr'>μή</span> <span class='ocrx_word' id='word_1_179' title='bbox 820 1466 928 1521; x_wconf 80' lang='grc' dir='ltr'><strong><em>ἔχων</em></strong></span> <span class='ocrx_word' id='word_1_180' title='bbox 955 1470 1099 1522; x_wconf 77' lang='grc' dir='ltr'><strong><em>ἕτερον</em></strong></span> <span class='ocrx_word' id='word_1_181' title='bbox 1141 1468 1236 1511; x_wconf 78' lang='grc' dir='ltr'><strong><em>α’ντί</em></strong></span> <span class='ocrx_word' id='word_1_182' title='bbox 1255 1468 1332 1509; x_wconf 84' lang='grc' dir='ltr'>τοῦ</span> <span class='ocrx_word' id='word_1_183' title='bbox 1358 1465 1569 1518; x_wconf 84' lang='grc' dir='ltr'><strong><em>Μανουηλ</em></strong></span> <span class='ocrx_word' id='word_1_184' title='bbox 1595 1462 1751 1516; x_wconf 79' lang='grc' dir='ltr'><strong><em>στέψαι</em></strong></span> 
     </span>
     <span class='ocr_line' id='line_1_21' title="bbox 302 1528 1819 1605; baseline 0.001 -35"><span class='ocrx_word' id='word_1_185' title='bbox 302 1531 377 1571; x_wconf 79' lang='grc' dir='ltr'><em>καί</em></span> <span class='ocrx_word' id='word_1_186' title='bbox 397 1535 638 1573; x_wconf 83' lang='grc' dir='ltr'><strong><em>καταλιπεῖν</em></strong></span> <span class='ocrx_word' id='word_1_187' title='bbox 672 1534 873 1590; x_wconf 82' lang='grc' dir='ltr'><strong><em>βασιλέα)</em></strong></span> <span class='ocrx_word' id='word_1_188' title='bbox 915 1530 1063 1587; x_wconf 79' lang='grc' dir='ltr'><strong><em>βάλλει</em></strong></span> <span class='ocrx_word' id='word_1_189' title='bbox 1087 1533 1133 1576; x_wconf 83' lang='grc' dir='ltr'>τὸ</span> <span class='ocrx_word' id='word_1_190' title='bbox 1178 1531 1384 1589; x_wconf 83' lang='grc' dir='ltr'><strong><em>φρούριον</em></strong></span> <span class='ocrx_word' id='word_1_191' title='bbox 1411 1528 1546 1581; x_wconf 80' lang='grc' dir='ltr'><strong><em>κάτω,</em></strong></span> <span class='ocrx_word' id='word_1_192' title='bbox 1570 1528 1642 1593; x_wconf 75' lang='grc' dir='ltr'><strong><em>καί</em></strong></span> <span class='ocrx_word' id='word_1_193' title='bbox 1671 1543 1752 1605; x_wconf 57' lang='lat' dir='ltr'>w!-</span> <span class='ocrx_word' id='word_1_194' title='bbox 1763 1545 1819 1576; x_wconf 67' lang='lat'><em>20,-</em></span> 
     </span>
    </p>

    <p class='ocr_par' dir='ltr' id='par_1_5' title="bbox 263 1592 1755 1784">
     <span class='ocr_line' id='line_1_22' title="bbox 263 1592 1749 1672; baseline -0.003 -35"><span class='ocrx_word' id='word_1_195' title='bbox 263 1595 390 1637; x_wconf 70' lang='grc' dir='ltr'><strong><em>(Σνύει</em></strong></span> <span class='ocrx_word' id='word_1_196' title='bbox 429 1597 488 1652; x_wconf 75' lang='grc' dir='ltr'>τῷ</span> <span class='ocrx_word' id='word_1_197' title='bbox 515 1596 703 1655; x_wconf 77' lang='grc' dir='ltr'><strong><em>τυράννῳ</em></strong></span> <span class='ocrx_word' id='word_1_198' title='bbox 733 1599 789 1639; x_wconf 75' lang='grc' dir='ltr'><strong><em>δι’</em></strong></span> <span class='ocrx_word' id='word_1_199' title='bbox 830 1600 1014 1654; x_wconf 80' lang='grc' dir='ltr'><strong><em>ἐναργῶν</em></strong></span> <span class='ocrx_word' id='word_1_200' title='bbox 1054 1599 1311 1650; x_wconf 75' lang='grc' dir='ltr'><strong><em>ἀποδείξεων</em></strong></span> <span class='ocrx_word' id='word_1_201' title='bbox 1347 1594 1411 1638; x_wconf 82' lang='grc' dir='ltr'><strong><em>ὅτι</em></strong></span> <span class='ocrx_word' id='word_1_202' title='bbox 1441 1592 1488 1637; x_wconf 82' lang='grc' dir='ltr'>τὸ</span> <span class='ocrx_word' id='word_1_203' title='bbox 1529 1595 1749 1672; x_wconf 41' lang='lat' dir='ltr'>:celsata-‘1⁸¹1</span> 
     </span>
     <span class='ocr_line' id='line_1_23' title="bbox 300 1659 1755 1735; baseline -0.013 -19"><span class='ocrx_word' id='word_1_204' title='bbox 300 1662 431 1715; x_wconf 70' lang='grc' dir='ltr'><strong><em>πέρας</em></strong></span> <span class='ocrx_word' id='word_1_205' title='bbox 458 1659 643 1717; x_wconf 63' lang='grc' dir='ltr'><strong><em>εἴληφεν.</em></strong></span> <span class='ocrx_word' id='word_1_206' title='bbox 701 1662 724 1703; x_wconf 78' lang='grc' dir='ltr'>ὅ</span> <span class='ocrx_word' id='word_1_207' title='bbox 758 1665 805 1706; x_wconf 78' lang='grc' dir='ltr'>δὲ</span> <span class='ocrx_word' id='word_1_208' title='bbox 828 1663 1029 1717; x_wconf 80' lang='grc' dir='ltr'><strong><em>βασιλεῦς</em></strong></span> <span class='ocrx_word' id='word_1_209' title='bbox 1058 1665 1243 1713; x_wconf 75' lang='grc' dir='ltr'><strong><em>ἀκούσας</em></strong></span> <span class='ocrx_word' id='word_1_210' title='bbox 1273 1661 1320 1705; x_wconf 82' lang='grc' dir='ltr'>τὸ</span> <span class='ocrx_word' id='word_1_211' title='bbox 1345 1659 1496 1716; x_wconf 81' lang='grc' dir='ltr'><strong><em>πικρὸν</em></strong></span> <span class='ocrx_word' id='word_1_212' title='bbox 1525 1659 1599 1735; x_wconf 79' lang='grc' dir='ltr'><strong><em>καί</em></strong></span> <span class='ocrx_word' id='word_1_213' title='bbox 1621 1673 1755 1735; x_wconf 46' lang='lat' dir='ltr'>arrote-</span> 
     </span>
     <span class='ocr_line' id='line_1_24' title="bbox 298 1723 1748 1784; baseline 0.001 -17"><span class='ocrx_word' id='word_1_214' title='bbox 298 1742 389 1768; x_wconf 88' lang='grc' dir='ltr'><strong><em>σιον</em></strong></span> <span class='ocrx_word' id='word_1_215' title='bbox 400 1727 572 1782; x_wconf 84' lang='grc' dir='ltr'><strong><em>μήνυμα</em></strong></span> <span class='ocrx_word' id='word_1_216' title='bbox 603 1727 665 1770; x_wconf 83' lang='grc' dir='ltr'><strong><em>ἔτι</em></strong></span> <span class='ocrx_word' id='word_1_217' title='bbox 685 1723 802 1778; x_wconf 72' lang='grc' dir='ltr'><strong><em>ὄντος</em></strong></span> <span class='ocrx_word' id='word_1_218' title='bbox 823 1732 867 1772; x_wconf 83' lang='grc' dir='ltr'>ἐν</span> <span class='ocrx_word' id='word_1_219' title='bbox 894 1730 1067 1780; x_wconf 75' lang='grc' dir='ltr'><strong><em>ὀδύναις</em></strong></span> <span class='ocrx_word' id='word_1_220' title='bbox 1087 1728 1293 1784; x_wconf 79' lang='grc' dir='ltr'><strong><em>σωμάτων</em></strong></span> <span class='ocrx_word' id='word_1_221' title='bbox 1314 1729 1502 1771; x_wconf 83' lang='grc' dir='ltr'><strong><em>α’πέδωκε</em></strong></span> <span class='ocrx_word' id='word_1_222' title='bbox 1525 1739 1572 1766; x_wconf 84' lang='grc' dir='ltr'>το</span> <span class='ocrx_word' id='word_1_223' title='bbox 1592 1738 1748 1778; x_wconf 77' lang='grc' dir='ltr'><strong><em>χρεων.</em></strong></span> 
     </span>
    </p>
   </div>
   <div class='ocr_carea' id='block_1_3' title="bbox 390 1818 1343 1872">
    <p class='ocr_par' dir='ltr' id='par_1_6' title="bbox 390 1818 1343 1872">
     <span class='ocr_line' id='line_1_25' title="bbox 390 1818 1343 1872; baseline 0.005 -16"><span class='ocrx_word' id='word_1_224' title='bbox 390 1833 422 1856; x_wconf 77' lang='lat'>2.</span> <span class='ocrx_word' id='word_1_225' title='bbox 451 1822 766 1869; x_wconf 83' lang='grc' dir='ltr'><strong><em>παραλειπόμενα</em></strong></span> <span class='ocrx_word' id='word_1_226' title='bbox 789 1823 823 1857; x_wconf 93' lang='lat' dir='ltr'>P.</span> <span class='ocrx_word' id='word_1_227' title='bbox 923 1837 973 1860; x_wconf 79' lang='grc' dir='ltr'>ιο.</span> <span class='ocrx_word' id='word_1_228' title='bbox 1002 1818 1059 1872; x_wconf 67' lang='lat' dir='ltr'>td]</span> <span class='ocrx_word' id='word_1_229' title='bbox 1084 1837 1130 1859; x_wconf 90' lang='lat' dir='ltr'>an</span> <span class='ocrx_word' id='word_1_230' title='bbox 1154 1823 1247 1860; x_wconf 75' lang='grc' dir='ltr'><strong><em>κατᾶ</em></strong></span> <span class='ocrx_word' id='word_1_231' title='bbox 1275 1819 1343 1861; x_wconf 66' lang='grc' dir='ltr'>τόῗ</span> 
     </span>
    </p>
   </div>
   <div class='ocr_carea' id='block_1_4' title="bbox 288 1930 1762 2817">
    <p class='ocr_par' dir='ltr' id='par_1_7' title="bbox 288 1930 1762 2817">
     <span class='ocr_line' id='line_1_26' title="bbox 298 1930 1747 1987; baseline 0.012 -27"><span class='ocrx_word' id='word_1_232' title='bbox 298 1939 368 1973; x_wconf 89' lang='lat' dir='ltr'>que</span> <span class='ocrx_word' id='word_1_233' title='bbox 397 1934 600 1962; x_wconf 85' lang='lat' dir='ltr'>sanctorum</span> <span class='ocrx_word' id='word_1_234' title='bbox 627 1930 882 1975; x_wconf 82' lang='lat' dir='ltr'>quadraginta,</span> <span class='ocrx_word' id='word_1_235' title='bbox 909 1932 1008 1976; x_wconf 89' lang='lat' dir='ltr'>quod</span> <span class='ocrx_word' id='word_1_236' title='bbox 1038 1934 1233 1978; x_wconf 86' lang='lat' dir='ltr'>imperator</span> <span class='ocrx_word' id='word_1_237' title='bbox 1257 1936 1454 1972; x_wconf 78' lang='lat' dir='ltr'>Mauricius</span> <span class='ocrx_word' id='word_1_238' title='bbox 1477 1938 1747 1987; x_wconf 77' lang='lat' dir='ltr'>aedificaverat3</span> 
     </span>
     <span class='ocr_line' id='line_1_27' title="bbox 298 1976 1747 2031; baseline 0.011 -24"><span class='ocrx_word' id='word_1_239' title='bbox 298 1976 514 2020; x_wconf 67' lang='lat' dir='ltr'>residuaque</span> <span class='ocrx_word' id='word_1_240' title='bbox 539 1976 584 2009; x_wconf 88' lang='lat' dir='ltr'>ad</span> <span class='ocrx_word' id='word_1_241' title='bbox 617 1988 706 2020; x_wconf 83' lang='lat' dir='ltr'>opus</span> <span class='ocrx_word' id='word_1_242' title='bbox 730 1977 991 2011; x_wconf 86' lang='lat' dir='ltr'>absolvendum</span> <span class='ocrx_word' id='word_1_243' title='bbox 1018 1982 1196 2024; x_wconf 83' lang='lat' dir='ltr'><strong>congessit</strong></span> <span class='ocrx_word' id='word_1_244' title='bbox 1225 1982 1352 2016; x_wconf 82' lang='lat' dir='ltr'>rudera</span> <span class='ocrx_word' id='word_1_245' title='bbox 1376 1985 1550 2020; x_wconf 82' lang='lat' dir='ltr'>Basilicae</span> <span class='ocrx_word' id='word_1_246' title='bbox 1578 1988 1612 2022; x_wconf 92' lang='lat' dir='ltr'>S.</span> <span class='ocrx_word' id='word_1_247' title='bbox 1624 1990 1747 2031; x_wconf 84' lang='lat' dir='ltr'>Mucii,</span> 
     </span>
     <span class='ocr_line' id='line_1_28' title="bbox 297 2022 1754 2081; baseline 0.011 -27"><span class='ocrx_word' id='word_1_248' title='bbox 297 2033 404 2066; x_wconf 85' lang='lat' dir='ltr'>quam</span> <span class='ocrx_word' id='word_1_249' title='bbox 421 2022 676 2056; x_wconf 79' lang='lat' dir='ltr'>Constantinus</span> <span class='ocrx_word' id='word_1_250' title='bbox 690 2035 837 2068; x_wconf 86' lang='lat' dir='ltr'>magnus</span> <span class='ocrx_word' id='word_1_251' title='bbox 850 2026 1075 2059; x_wconf 84' lang='lat' dir='ltr'><strong>excitaverat.</strong></span> <span class='ocrx_word' id='word_1_252' title='bbox 1099 2027 1166 2060; x_wconf 83' lang='lat' dir='ltr'>hoc</span> <span class='ocrx_word' id='word_1_253' title='bbox 1177 2030 1400 2064; x_wconf 85' lang='lat' dir='ltr'>munimento</span> <span class='ocrx_word' id='word_1_254' title='bbox 1422 2038 1583 2068; x_wconf 84' lang='lat' dir='ltr'>extructo</span> <span class='ocrx_word' id='word_1_255' title='bbox 1608 2041 1754 2081; x_wconf 77' lang='lat' dir='ltr'>partem&#39;</span> 
     </span>
     <span class='ocr_line' id='line_1_29' title="bbox 296 2069 1746 2124; baseline 0.011 -23"><span class='ocrx_word' id='word_1_256' title='bbox 296 2069 451 2102; x_wconf 84' lang='lat' dir='ltr'>civitatis</span> <span class='ocrx_word' id='word_1_257' title='bbox 479 2069 523 2101; x_wconf 86' lang='lat' dir='ltr'>ab</span> <span class='ocrx_word' id='word_1_258' title='bbox 554 2080 661 2102; x_wconf 82' lang='lat' dir='ltr'>aurea</span> <span class='ocrx_word' id='word_1_259' title='bbox 697 2077 801 2115; x_wconf 79' lang='lat' dir='ltr'>porta</span> <span class='ocrx_word' id='word_1_260' title='bbox 829 2071 875 2104; x_wconf 81' lang='lat' dir='ltr'>ad</span> <span class='ocrx_word' id='word_1_261' title='bbox 903 2072 1004 2105; x_wconf 87' lang='lat' dir='ltr'>littus</span> <span class='ocrx_word' id='word_1_262' title='bbox 1039 2074 1145 2106; x_wconf 85' lang='lat' dir='ltr'>maris</span> <span class='ocrx_word' id='word_1_263' title='bbox 1170 2076 1335 2110; x_wconf 85' lang='lat' dir='ltr'>meridiei</span> <span class='ocrx_word' id='word_1_264' title='bbox 1367 2078 1535 2113; x_wconf 78' lang='lat' dir='ltr'>obiacens</span> <span class='ocrx_word' id='word_1_265' title='bbox 1559 2083 1746 2124; x_wconf 78' lang='lat' dir='ltr'>cinxerat,</span> 
     </span>
     <span class='ocr_line' id='line_1_30' title="bbox 295 2115 1745 2164; baseline 0.012 -18"><span class='ocrx_word' id='word_1_266' title='bbox 295 2115 439 2160; x_wconf 87' lang='lat' dir='ltr'>sibique</span> <span class='ocrx_word' id='word_1_267' title='bbox 469 2116 636 2159; x_wconf 80' lang='lat' dir='ltr'>effugium</span> <span class='ocrx_word' id='word_1_268' title='bbox 664 2127 735 2161; x_wconf 90' lang='lat' dir='ltr'>quo</span> <span class='ocrx_word' id='word_1_269' title='bbox 761 2129 798 2150; x_wconf 92' lang='lat' dir='ltr'>se</span> <span class='ocrx_word' id='word_1_270' title='bbox 824 2119 1021 2162; x_wconf 90' lang='lat' dir='ltr'>reciperet,</span> <span class='ocrx_word' id='word_1_271' title='bbox 1046 2127 1242 2164; x_wconf 85' lang='lat' dir='ltr'>paraverat.</span> <span class='ocrx_word' id='word_1_272' title='bbox 1271 2124 1341 2156; x_wconf 86' lang='lat' dir='ltr'>iam</span> <span class='ocrx_word' id='word_1_273' title='bbox 1367 2125 1572 2160; x_wconf 83' lang='lat' dir='ltr'>absolutum</span> <span class='ocrx_word' id='word_1_274' title='bbox 1598 2135 1675 2162; x_wconf 85' lang='lat' dir='ltr'>erat</span> <span class='ocrx_word' id='word_1_275' title='bbox 1699 2130 1745 2162; x_wconf 82' lang='lat' dir='ltr'>ii-</span> 
     </span>
     <span class='ocr_line' id='line_1_31' title="bbox 294 2161 1744 2218; baseline 0.011 -26"><span class='ocrx_word' id='word_1_276' title='bbox 294 2161 359 2194; x_wconf 92' lang='lat' dir='ltr'>lud</span> <span class='ocrx_word' id='word_1_277' title='bbox 386 2163 717 2206; x_wconf 76' lang='lat' dir='ltr'>propugnaculum,</span> <span class='ocrx_word' id='word_1_278' title='bbox 746 2175 824 2197; x_wconf 89' lang='lat' dir='ltr'>cum</span> <span class='ocrx_word' id='word_1_279' title='bbox 851 2165 1025 2198; x_wconf 83' lang='lat' dir='ltr'>Baiazites</span> <span class='ocrx_word' id='word_1_280' title='bbox 1048 2166 1215 2201; x_wconf 85' lang='lat' dir='ltr'>adversus</span> <span class='ocrx_word' id='word_1_281' title='bbox 1239 2169 1396 2212; x_wconf 84' lang='lat' dir='ltr'>Turcos‚</span> <span class='ocrx_word' id='word_1_282' title='bbox 1426 2173 1488 2216; x_wconf 88' lang='lat' dir='ltr'>qui</span> <span class='ocrx_word' id='word_1_283' title='bbox 1518 2184 1639 2218; x_wconf 84' lang='lat' dir='ltr'>agrum</span> <span class='ocrx_word' id='word_1_284' title='bbox 1660 2176 1744 2208; x_wconf 87' lang='lat' dir='ltr'>Per-</span> 
     </span>
     <span class='ocr_line' id='line_1_32' title="bbox 295 2208 1743 2264; baseline 0.011 -26"><span class='ocrx_word' id='word_1_285' title='bbox 295 2219 421 2251; x_wconf 74' lang='lat' dir='ltr'>gae-um</span> <span class='ocrx_word' id='word_1_286' title='bbox 448 2209 485 2240; x_wconf 92' lang='lat' dir='ltr'>in</span> <span class='ocrx_word' id='word_1_287' title='bbox 511 2208 718 2252; x_wconf 81' lang='lat' dir='ltr'>Pamphylia</span> <span class='ocrx_word' id='word_1_288' title='bbox 742 2211 928 2251; x_wconf 86' lang='lat' dir='ltr'>tenebant,</span> <span class='ocrx_word' id='word_1_289' title='bbox 957 2212 1224 2257; x_wconf 78' lang='lat' dir='ltr'>expeditionem</span> <span class='ocrx_word' id='word_1_290' title='bbox 1250 2216 1515 2261; x_wconf 78' lang='lat' dir='ltr'>meditabatur3</span> <span class='ocrx_word' id='word_1_291' title='bbox 1542 2231 1648 2264; x_wconf 86' lang='lat' dir='ltr'>qnam</span> <span class='ocrx_word' id='word_1_292' title='bbox 1675 2222 1743 2254; x_wconf 87' lang='lat' dir='ltr'>im-</span> 
     </span>
     <span class='ocr_line' id='line_1_33' title="bbox 293 2255 1754 2305; baseline 0.01 -20"><span class='ocrx_word' id='word_1_293' title='bbox 293 2255 453 2298; x_wconf 87' lang='lat' dir='ltr'>peratori</span> <span class='ocrx_word' id='word_1_294' title='bbox 488 2255 683 2298; x_wconf 81' lang='lat' dir='ltr'>significat3</span> <span class='ocrx_word' id='word_1_295' title='bbox 720 2258 807 2301; x_wconf 85' lang='lat' dir='ltr'>qui,</span> <span class='ocrx_word' id='word_1_296' title='bbox 845 2258 944 2303; x_wconf 88' lang='lat' dir='ltr'>quod</span> <span class='ocrx_word' id='word_1_297' title='bbox 978 2259 1095 2292; x_wconf 83' lang='lat' dir='ltr'>facere</span> <span class='ocrx_word' id='word_1_298' title='bbox 1137 2268 1362 2302; x_wconf 80' lang='lat' dir='ltr'>assueverat,</span> <span class='ocrx_word' id='word_1_299' title='bbox 1396 2264 1600 2299; x_wconf 82' lang='lat' dir='ltr'>Manuelem</span> <span class='ocrx_word' id='word_1_300' title='bbox 1626 2268 1754 2305; x_wconf 18' lang='lat' dir='ltr'>filium*</span> 
     </span>
     <span class='ocr_line' id='line_1_34' title="bbox 294 2301 1742 2358; baseline 0.01 -25"><span class='ocrx_word' id='word_1_301' title='bbox 294 2306 405 2345; x_wconf 85' lang='lat' dir='ltr'>atque</span> <span class='ocrx_word' id='word_1_302' title='bbox 430 2301 682 2345; x_wconf 79' lang='lat' dir='ltr'>imperatorem</span> <span class='ocrx_word' id='word_1_303' title='bbox 708 2315 787 2336; x_wconf 88' lang='lat' dir='ltr'>cum</span> <span class='ocrx_word' id='word_1_304' title='bbox 814 2311 958 2338; x_wconf 85' lang='lat' dir='ltr'>eentum</span> <span class='ocrx_word' id='word_1_305' title='bbox 993 2305 1169 2339; x_wconf 77' lang='lat' dir='ltr'>militibus</span> <span class='ocrx_word' id='word_1_306' title='bbox 1194 2308 1316 2341; x_wconf 82' lang='lat' dir='ltr'>mittit.</span> <span class='ocrx_word' id='word_1_307' title='bbox 1341 2318 1384 2340; x_wconf 86' lang='lat' dir='ltr'>ex</span> <span class='ocrx_word' id='word_1_308' title='bbox 1411 2321 1481 2354; x_wconf 84' lang='lat' dir='ltr'>qua</span> <span class='ocrx_word' id='word_1_309' title='bbox 1509 2313 1742 2358; x_wconf 78' lang='lat' dir='ltr'>expeditione</span> 
     </span>
     <span class='ocr_line' id='line_1_35' title="bbox 294 2346 1741 2397; baseline 0.011 -19"><span class='ocrx_word' id='word_1_310' title='bbox 294 2358 373 2379; x_wconf 88' lang='lat' dir='ltr'>cum</span> <span class='ocrx_word' id='word_1_311' title='bbox 405 2346 573 2380; x_wconf 85' lang='lat' dir='ltr'>rediisset</span> <span class='ocrx_word' id='word_1_312' title='bbox 596 2348 769 2383; x_wconf 76' lang='lat' dir='ltr'>Baiazites</span> <span class='ocrx_word' id='word_1_313' title='bbox 800 2357 836 2384; x_wconf 88' lang='lat' dir='ltr'>et</span> <span class='ocrx_word' id='word_1_314' title='bbox 859 2352 1006 2385; x_wconf 86' lang='lat' dir='ltr'>Manuel</span> <span class='ocrx_word' id='word_1_315' title='bbox 1032 2353 1159 2385; x_wconf 81' lang='lat' dir='ltr'>Prusae</span> <span class='ocrx_word' id='word_1_316' title='bbox 1179 2360 1467 2397; x_wconf 86' lang='lat' dir='ltr'>commoraretur,</span> <span class='ocrx_word' id='word_1_317' title='bbox 1492 2358 1645 2393; x_wconf 79' lang='lat' dir='ltr'>Iohanni</span> <span class='ocrx_word' id='word_1_318' title='bbox 1673 2361 1741 2394; x_wconf 90' lang='lat' dir='ltr'>im-</span> 
     </span>
     <span class='ocr_line' id='line_1_36' title="bbox 291 2394 1740 2452; baseline 0.012 -28"><span class='ocrx_word' id='word_1_319' title='bbox 291 2394 450 2438; x_wconf 84' lang='lat' dir='ltr'>peratori</span> <span class='ocrx_word' id='word_1_320' title='bbox 484 2394 659 2438; x_wconf 85' lang='lat' dir='ltr'>significat</span> <span class='ocrx_word' id='word_1_321' title='bbox 698 2401 739 2428; x_wconf 88' lang='lat' dir='ltr'>ut</span> <span class='ocrx_word' id='word_1_322' title='bbox 763 2399 1068 2442; x_wconf 81' lang='lat' dir='ltr'>propugnaculum</span> <span class='ocrx_word' id='word_1_323' title='bbox 1100 2410 1228 2432; x_wconf 81' lang='lat' dir='ltr'>aureae</span> <span class='ocrx_word' id='word_1_324' title='bbox 1253 2406 1378 2445; x_wconf 85' lang='lat' dir='ltr'>portae</span> <span class='ocrx_word' id='word_1_325' title='bbox 1403 2402 1562 2438; x_wconf 88' lang='lat' dir='ltr'>dirueret</span> <span class='ocrx_word' id='word_1_326' title='bbox 1587 2407 1740 2452; x_wconf 86' lang='lat' dir='ltr'>soloque</span> 
     </span>
     <span class='ocr_line' id='line_1_37' title="bbox 292 2440 1740 2496; baseline 0.011 -25"><span class='ocrx_word' id='word_1_327' title='bbox 292 2440 421 2472; x_wconf 84' lang='lat' dir='ltr'>rudera</span> <span class='ocrx_word' id='word_1_328' title='bbox 460 2447 653 2485; x_wconf 85' lang='lat' dir='ltr'>aequaret:</span> <span class='ocrx_word' id='word_1_329' title='bbox 701 2442 789 2475; x_wconf 86' lang='lat' dir='ltr'>alias</span> <span class='ocrx_word' id='word_1_330' title='bbox 817 2451 1042 2478; x_wconf 82' lang='lat' dir='ltr'>excaecatum</span> <span class='ocrx_word' id='word_1_331' title='bbox 1078 2445 1282 2479; x_wconf 81' lang='lat' dir='ltr'>Manuelem</span> <span class='ocrx_word' id='word_1_332' title='bbox 1307 2450 1443 2482; x_wconf 79' lang='lat' dir='ltr'>effossis</span> <span class='ocrx_word' id='word_1_333' title='bbox 1467 2453 1618 2496; x_wconf 82' lang='lat' dir='ltr'>pupillis</span> <span class='ocrx_word' id='word_1_334' title='bbox 1643 2454 1677 2486; x_wconf 92' lang='lat' dir='ltr'>ei</span> <span class='ocrx_word' id='word_1_335' title='bbox 1700 2464 1740 2487; x_wconf 80' lang='lat' dir='ltr'>se</span> 
     </span>
     <span class='ocr_line' id='line_1_38' title="bbox 291 2487 1738 2541; baseline 0.012 -24"><span class='ocrx_word' id='word_1_336' title='bbox 291 2487 519 2519; x_wconf 86' lang='lat' dir='ltr'>remissurum</span> <span class='ocrx_word' id='word_1_337' title='bbox 546 2487 666 2520; x_wconf 84' lang='lat' dir='ltr'>statim</span> <span class='ocrx_word' id='word_1_338' title='bbox 692 2488 858 2522; x_wconf 82' lang='lat' dir='ltr'>minatur.</span> <span class='ocrx_word' id='word_1_339' title='bbox 885 2491 1079 2524; x_wconf 81' lang='lat' dir='ltr'>formidans</span> <span class='ocrx_word' id='word_1_340' title='bbox 1113 2493 1236 2537; x_wconf 85' lang='lat' dir='ltr'>itaque</span> <span class='ocrx_word' id='word_1_341' title='bbox 1261 2493 1438 2528; x_wconf 82' lang='lat' dir='ltr'>Iohannes</span> <span class='ocrx_word' id='word_1_342' title='bbox 1463 2500 1606 2541; x_wconf 84' lang='lat' dir='ltr'>tyranni</span> <span class='ocrx_word' id='word_1_343' title='bbox 1631 2499 1738 2534; x_wconf 78' lang='lat' dir='ltr'>istius</span> 
     </span>
     <span class='ocr_line' id='line_1_39' title="bbox 288 2533 1762 2586; baseline 0.011 -22"><span class='ocrx_word' id='word_1_344' title='bbox 288 2533 403 2573; x_wconf 84' lang='lat' dir='ltr'>vires,</span> <span class='ocrx_word' id='word_1_345' title='bbox 434 2533 543 2566; x_wconf 83' lang='lat' dir='ltr'>animi</span> <span class='ocrx_word' id='word_1_346' title='bbox 571 2533 756 2577; x_wconf 80' lang='lat' dir='ltr'>pendenS,</span> <span class='ocrx_word' id='word_1_347' title='bbox 784 2537 925 2570; x_wconf 90' lang='lat' dir='ltr'>consilii</span> <span class='ocrx_word' id='word_1_348' title='bbox 952 2539 1153 2583; x_wconf 87' lang='lat' dir='ltr'>viriumque</span> <span class='ocrx_word' id='word_1_349' title='bbox 1188 2539 1292 2584; x_wconf 82' lang='lat' dir='ltr'>inops</span> <span class='ocrx_word' id='word_1_350' title='bbox 1320 2540 1372 2586; x_wconf 86' lang='lat' dir='ltr'>(in</span> <span class='ocrx_word' id='word_1_351' title='bbox 1392 2542 1485 2576; x_wconf 80' lang='lat' dir='ltr'>lecto</span> <span class='ocrx_word' id='word_1_352' title='bbox 1515 2546 1647 2578; x_wconf 90' lang='lat' dir='ltr'>etenim</span> <span class='ocrx_word' id='word_1_353' title='bbox 1672 2545 1762 2580; x_wconf 77' lang='lat' dir='ltr'>‹le-¹</span> 
     </span>
     <span class='ocr_line' id='line_1_40' title="bbox 290 2579 1736 2637; baseline 0.01 -26"><span class='ocrx_word' id='word_1_354' title='bbox 290 2579 483 2613; x_wconf 84' lang='lat' dir='ltr'>cumbebat</span> <span class='ocrx_word' id='word_1_355' title='bbox 514 2579 672 2624; x_wconf 81' lang='lat' dir='ltr'>podagra</span> <span class='ocrx_word' id='word_1_356' title='bbox 707 2582 911 2624; x_wconf 84' lang='lat' dir='ltr'>consectus,</span> <span class='ocrx_word' id='word_1_357' title='bbox 950 2590 986 2618; x_wconf 87' lang='lat' dir='ltr'>et</span> <span class='ocrx_word' id='word_1_358' title='bbox 1010 2591 1051 2618; x_wconf 89' lang='lat' dir='ltr'>ut</span> <span class='ocrx_word' id='word_1_359' title='bbox 1067 2595 1187 2618; x_wconf 84' lang='lat' dir='ltr'>verum</span> <span class='ocrx_word' id='word_1_360' title='bbox 1218 2586 1353 2628; x_wconf 85' lang='lat' dir='ltr'>dicam,</span> <span class='ocrx_word' id='word_1_361' title='bbox 1380 2587 1520 2624; x_wconf 86' lang='lat' dir='ltr'>deliciis</span> <span class='ocrx_word' id='word_1_362' title='bbox 1548 2592 1736 2637; x_wconf 77' lang='lat' dir='ltr'>nimioque</span> 
     </span>
     <span class='ocr_line' id='line_1_41' title="bbox 289 2625 1734 2682; baseline 0.01 -25"><span class='ocrx_word' id='word_1_363' title='bbox 289 2625 371 2658; x_wconf 85' lang='lat' dir='ltr'>cibo</span> <span class='ocrx_word' id='word_1_364' title='bbox 399 2631 435 2658; x_wconf 88' lang='lat' dir='ltr'>et</span> <span class='ocrx_word' id='word_1_365' title='bbox 467 2633 557 2670; x_wconf 87' lang='lat' dir='ltr'>potu</span> <span class='ocrx_word' id='word_1_366' title='bbox 595 2627 881 2675; x_wconf 87' lang='lat' dir='ltr'>semimortuus),</span> <span class='ocrx_word' id='word_1_367' title='bbox 913 2632 1053 2664; x_wconf 85' lang='lat' dir='ltr'>nullum</span> <span class='ocrx_word' id='word_1_368' title='bbox 1090 2637 1233 2676; x_wconf 86' lang='lat' dir='ltr'>praeter</span> <span class='ocrx_word' id='word_1_369' title='bbox 1265 2633 1468 2669; x_wconf 86' lang='lat' dir='ltr'>Manuelem</span> <span class='ocrx_word' id='word_1_370' title='bbox 1505 2638 1734 2682; x_wconf 83' lang='lat' dir='ltr'>superstitem</span> 
     </span>
     <span class='ocr_line' id='line_1_42' title="bbox 290 2671 1732 2730; baseline 0.01 -27"><span class='ocrx_word' id='word_1_371' title='bbox 290 2672 404 2705; x_wconf 83' lang='lat' dir='ltr'>fllium</span> <span class='ocrx_word' id='word_1_372' title='bbox 430 2671 591 2713; x_wconf 81' lang='lat' dir='ltr'>habens,</span> <span class='ocrx_word' id='word_1_373' title='bbox 619 2685 725 2718; x_wconf 88' lang='lat' dir='ltr'>quem</span> <span class='ocrx_word' id='word_1_374' title='bbox 751 2674 920 2708; x_wconf 86' lang='lat' dir='ltr'>heredem</span> <span class='ocrx_word' id='word_1_375' title='bbox 946 2678 1088 2722; x_wconf 85' lang='lat' dir='ltr'>imperii</span> <span class='ocrx_word' id='word_1_376' title='bbox 1117 2678 1259 2723; x_wconf 86' lang='lat' dir='ltr'>sibique</span> <span class='ocrx_word' id='word_1_377' title='bbox 1283 2691 1520 2717; x_wconf 82' lang='lat' dir='ltr'>successorem</span> <span class='ocrx_word' id='word_1_378' title='bbox 1548 2684 1732 2730; x_wconf 86' lang='lat' dir='ltr'>relinque-</span> 
     </span>
     <span class='ocr_line' id='line_1_43' title="bbox 290 2720 1731 2774; baseline 0.01 -24"><span class='ocrx_word' id='word_1_379' title='bbox 290 2723 365 2758; x_wconf 86' lang='lat' dir='ltr'>ret,</span> <span class='ocrx_word' id='word_1_380' title='bbox 401 2720 706 2763; x_wconf 78' lang='lat' dir='ltr'>propugnaculum</span> <span class='ocrx_word' id='word_1_381' title='bbox 744 2722 821 2754; x_wconf 82' lang='lat' dir='ltr'>solo</span> <span class='ocrx_word' id='word_1_382' title='bbox 851 2729 1002 2767; x_wconf 84' lang='lat' dir='ltr'>aequat,</span> <span class='ocrx_word' id='word_1_383' title='bbox 1041 2725 1220 2769; x_wconf 86' lang='lat' dir='ltr'>certisque</span> <span class='ocrx_word' id='word_1_384' title='bbox 1245 2725 1388 2760; x_wconf 86' lang='lat' dir='ltr'>indiciis</span> <span class='ocrx_word' id='word_1_385' title='bbox 1413 2735 1539 2763; x_wconf 86' lang='lat' dir='ltr'>notum</span> <span class='ocrx_word' id='word_1_386' title='bbox 1563 2730 1650 2763; x_wconf 87' lang='lat' dir='ltr'>facit</span> <span class='ocrx_word' id='word_1_387' title='bbox 1674 2736 1731 2774; x_wconf 80' lang='lat' dir='ltr'>ty·-</span> 
     </span>
     <span class='ocr_line' id='line_1_44' title="bbox 290 2769 1732 2817; baseline 0.008 -19"><span class='ocrx_word' id='word_1_388' title='bbox 290 2776 401 2799; x_wconf 86' lang='lat' dir='ltr'>ranuo</span> <span class='ocrx_word' id='word_1_389' title='bbox 428 2771 572 2811; x_wconf 80' lang='lat' dir='ltr'>peraeta</span> <span class='ocrx_word' id='word_1_390' title='bbox 597 2777 673 2801; x_wconf 84' lang='lat' dir='ltr'>esse</span> <span class='ocrx_word' id='word_1_391' title='bbox 697 2779 789 2814; x_wconf 87' lang='lat' dir='ltr'>quae</span> <span class='ocrx_word' id='word_1_392' title='bbox 814 2769 977 2804; x_wconf 77' lang='lat' dir='ltr'>iusserat.</span> <span class='ocrx_word' id='word_1_393' title='bbox 1003 2770 1197 2817; x_wconf 80' lang='lat' dir='ltr'>imperator</span> <span class='ocrx_word' id='word_1_394' title='bbox 1224 2783 1303 2806; x_wconf 88' lang='lat' dir='ltr'>cum</span> <span class='ocrx_word' id='word_1_395' title='bbox 1327 2779 1399 2808; x_wconf 82' lang='lat' dir='ltr'>tam</span> <span class='ocrx_word' id='word_1_396' title='bbox 1425 2776 1552 2810; x_wconf 87' lang='lat' dir='ltr'>acerba</span> <span class='ocrx_word' id='word_1_397' title='bbox 1575 2777 1732 2812; x_wconf 76' lang='lat' dir='ltr'>nefaria-</span> 
     </span>
    </p>
   </div>
  </div>
 </body>
</html>
