1884 3216
306 224 600 269 ms'romAE
635 225 975 269 BYZANTlNAE
1009 224 1128 270 CAP.
1164 227 1384 268 xxxvln.
1520 209 1628 282 275

171 327 234 387 μή
264 327 469 384 παντελής
509 326 655 385 φθορὰ
698 335 786 378 τοῖς
810 326 1036 382 Ῥωμαίοις
1064 330 1259 383 ἐπέλθοι,
1291 329 1369 370 οῦκ
1396 327 1632 383 ἐπιγελάσει

173 398 263 446 τοῖς
292 396 567 451 Χριστιανοῖς
594 394 618 450 ἦ
643 393 754 450 τύχη
771 412 781 423 ·
818 397 888 437 δεῖ
911 394 996 451 γάρ
1026 394 1102 451 τὴν
1120 393 1243 438 πόλιν
1269 392 1355 437 find
1389 396 1473 437 τῶν
1496 393 1633 450 Τούρ-

174 476 260 503 κων
300 461 525 518 φθαρῆναι
535 491 557 514 ,⁴
577 458 652 502 καὶ
691 456 801 503 οὕτω
830 459 884 504 τοὶ
913 464 997 504 τῶν
1023 463 1297 518 Χριστιανῶν
1325 460 1631 516 δυστυχήματα
1646 469 1759 505 Ρ.ι55

174 527 295 577 τέλος
320 528 531 586 &ovant-’³
584 525 694 580 ἔχων
723 522 799 570 οὖν
827 529 873 570 ἐν
899 527 983 571 (ὅσι’
1009 525 1086 583 τὴν
1117 527 1315 571 ἀπαίσιον
1342 525 1503 584 ταύτην
1531 516 1688 583 προ-Ὗ·
1709 518 1772 562 ¹²4

136 590 353 650 ὄφητείαν
396 588 419 634 ὅ
446 593 525 634 τοῦ
559 591 723 648 Ἰάγκου
768 589 941 649 ἄγγελος
985 593 1194 648 ἐπεθύμει
1218 595 1534 649 συντομώτερον
1561 593 1637 649 τὴν

173 655 295 701 πόλιν
323 656 485 701 ἇλόναι
502 689 514 713 ,
544 657 617 700 καὶ
645 658 716 701 διὰ
747 663 869 702 τοῦτο
894 658 971 714 τὴν
1012 659 1194 716 βουλήν,
1225 661 1316 710 πῶς
1346 661 1417 702 δεῖ
1438 661 1513 702 καί
1536 661 1637 714 μέλ-

159 722 240 768 *aa
263 722 311 768 τό
340 729 480 780 τεῖχος
503 724 688 775 εύκόλως
707 731 873 780 πεσεῖν,
919 727 1129 770 ἐδίδασκε.
1156 725 1337 769 πεσόντα
1366 728 1414 769 δὲ
1445 726 1524 769 δύο
1555 728 1639 769 τεί-

172 808 230 848 χη
260 788 410 847 ἔχοντα
436 793 483 836 ἐν
508 792 567 850 τῷ
591 794 708 851 μέσῳ
728 791 888 847 πύργον
914 795 1004 847 ἕνα,
1029 793 1104 835 καί
1131 791 1154 835 ὅ
1181 791 1287 850 πρὸς
1302 793 1356 851 τῇ
1384 792 1495 851 πύλῃ
1527 793 1639 848 πύρ-

172 873 244 913 γος
271 858 350 901 τοῦ
379 857 499 914 ἁγίου
521 855 747 913 Ῥωμανοῦ
791 857 949 902 ἔκειντο
977 861 1146 916 χαμαί,
1179 859 1372 916 ὅραῖντεξ
1388 858 1489 909 τούς
1515 857 1638 902 ἔνδον

115 944 163 971 10
174 926 248 968 καί
271 922 480 981 ὅροόμενοι
509 925 581 966 ὑπ’
610 921 764 972 αὐτῶν.
824 923 846 966 ὅ
878 927 925 968 δὲ
946 924 1245 975 Ἰουστινιανός
1260 926 1453 982 Ἰωάννης
1475 927 1639 981 γενναί-

0 975 9 1051 f
71 1003 82 1018 ⁸
174 1007 232 1041 ως
260 988 440 1046 ἐμάχετο
473 989 554 1034 σὺν
581 993 687 1034 πᾶσι
715 997 803 1042 τοῖς
828 990 900 1033 ὑπ’
928 990 1061 1034 αὐτόν
1088 994 1162 1034 καί
1188 998 1274 1042 τοῖς
1303 994 1380 1035 τοῦ
1408 995 1635 1042 παλατίου,

10 1069 13 1071 ’
173 1055 343 1112 ἔχοντες
385 1059 431 1099 ἐκ
475 1059 554 1099 τοῦ
581 1059 622 1100 Γ
621 1060 758 1100 αλατᾶ
803 1061 934 1114 μέρος
962 1054 1041 1100 οὗκ
1069 1058 1208 1114 ὀλίγον
1236 1060 1405 1114 ἀνδρῶν
1436 1059 1641 1102 ἐνόπλων.

173 1125 248 1166 καί
271 1123 354 1180 γάρ
382 1118 492 1178 ἦσαν
523 1122 650 1165 αὐτοὶ
674 1123 908 1174 δεικνύντες
938 1122 1119 1179 οἷγάπην.
1146 1123 1221 1167 καί
1247 1123 1518 1181 ἐξερχόμενοι
1547 1127 1678 1180 δαΐ-Β

172 1205 246 1245 γον
275 1191 321 1232 έν
350 1191 411 1248 τῷ
454 1188 605 1247 κάμπῳ
643 1190 723 1230 τοῦ
752 1187 943 1245 φοσάτου
988 1186 1192 1246 ἀφόβως,
1222 1189 1297 1231 καί
1322 1190 1376 1232 τὰ
1407 1188 1640 1246 ζητούμενα

114 1254 346 1311 ι5χρεοόδη
374 1255 574 1297 ἐδίδοσαν
613 1248 819 1311 ἀφθόνως
844 1256 904 1313 τῷ
940 1255 1160 1313 τυράννῳ,
1193 1254 1266 1298 καί
1292 1253 1436 1298 ἔλαιον
1466 1255 1537 1299 διὰ
1565 1255 1643 1305 τὰς

175 1320 354 1376 σκευάς,
383 1322 459 1363 καί
485 1314 588 1363 ἄλλο
615 1318 662 1363 εἴ
681 1335 724 1362 τι
753 1321 972 1370 αἰτοῦντες
1000 1319 1041 1362 οἱ
1076 1323 1259 1377 Τοῦρκοι
1287 1323 1526 1378 ἐφαίνοντο·
1554 1328 1643 1372 τοῖς

173 1388 222 1429 δὲ
256 1386 482 1440 Ῥωμαίοις
517 1383 666 1443 κρύφα
709 1385 784 1429 καί
829 1384 903 1429 διά
945 1387 1022 1442 τῆς
1059 1385 1205 1436 νυκτὸς
1253 1389 1539 1442 διαβαίνοντες
1565 1387 1643 1443 τὴν

173 1449 339 1510 ἡμέραν
381 1455 523 1496 πᾶσαν
558 1457 888 1508 συμμαχοῦντες
927 1448 1068 1508 ἦσαν
1134 1456 1189 1512 τῇ
1224 1455 1270 1496 δὲ
1312 1453 1488 1512 ἐπιούσῃ
1525 1457 1646 1497 νυκτί

174 1517 521 1573 ἐναλλαττόμενοι
566 1514 689 1561 ἄλλοι
725 1520 771 1562 ἐν
798 1521 850 1577 τῇ
877 1518 1026 1574 πόλει,
1070 1521 1145 1561 καί
1172 1521 1299 1562 αύτοί
1324 1522 1370 1563 ἐν
1399 1527 1488 1571 τοῖς
1516 1519 1646 1570 οἴκοις

107 1605 162 1633 20
175 1584 249 1628 καί
287 1587 346 1645 τῷ
382 1583 554 1645 φοσάτῳ
599 1587 808 1642 διέτριβον
837 1585 909 1628 διὰ
950 1585 998 1628 τό
1029 1583 1260 1629 λανθάνειν
1286 1585 1385 1638 τούς
1416 1584 1646 1644 Τούρκους.

174 1651 216 1695 οἱ
248 1653 296 1694 δὲ
310 1654 529 1696 Βενετικοὶ
554 1653 600 1695 ἑν
619 1653 670 1710 τῇ
697 1654 896 1710 βασιλικῇ
923 1650 1035 1710 πύλῃ
1064 1654 1195 1709 μέχρι
1223 1655 1302 1695 τοῦ
1329 1657 1538 1710 Κυνηγοΰ
1562 1653 1644 1697 σύν

169 1718 398 1773 Ῥωμαιοις
424 1718 536 1774 ὁμοῦ
561 1725 649 1769 τοῖς
677 1717 883 1774 Τούρκοις
912 1712 1133 1774 ἐμάχοντο.
1193 1719 1216 1761 ὅ
1246 1719 1293 1761 δὲ
1320 1719 1454 1775 μέγας
1486 1722 1644 1772 δοῦκας

171 1784 254 1829 σὺν
287 1785 328 1844 φ’
358 1783 548 1836 ἐνόπλοις
577 1787 622 1828 ἑν
655 1787 705 1843 τῇ
733 1785 852 1827 πόλει
880 1785 1198 1842 περιεπόλευεν,
1245 1787 1478 1842 θαρρύνων
1507 1786 1683 1832 ἁπαν-0

173 1943 232 1967 me
256 1932 377 1975 disce,
423 1932 501 1975 fili,
542 1943 617 1966 non
641 1931 741 1978 prius
779 1930 1030 1974 Christianos,
1072 1941 1182 1977 quam
1216 1931 1467 1966 internecione
1493 1934 1644 1967 Romaei

175 1981 290 2015 deleti
316 1981 463 2026 penitus
488 1980 643 2020 fuerint,
668 1990 841 2024 prospera
866 1979 1014 2011 fortuna
1038 1990 1167 2012 usuros
1194 1991 1283 2013 esse.
1312 1980 1439 2013 urbem
1470 1992 1490 2012 a
1512 1981 1643 2015 'furcis

174 2029 312 2062 vastari
341 2039 383 2061 ac
407 2027 520 2073 diripi
545 2037 694 2060 necesse
720 2031 786 2066 est,
812 2025 953 2070 hacque
992 2025 1097 2059 clade
1125 2026 1414 2060 Christianorum
1440 2027 1644 2061 infortunia

175 2075 400 2110 terminari.“
457 2074 557 2108 lanei
595 2074 731 2107 fetialis
766 2073 963 2106 infaustam
1000 2073 1182 2106 eiusmodi
1222 2073 1454 2120 prophetiam
1492 2075 1643 2109 auribus

174 2121 343 2156 haustam
367 2122 407 2156 in
447 2122 608 2156 animum
636 2121 850 2162 induxerat;
886 2131 998 2164 quare
1023 2121 1130 2153 eitius
1159 2120 1287 2154 urbem
1317 2122 1516 2166 expugnari
1540 2123 1644 2167 cupi-

175 2181 263 2211 ens,
289 2169 487 2211 rationem,
528 2180 600 2215 qua
628 2168 771 2201 facilius
814 2172 936 2200 rueret
961 2173 1152 2212 quassatus
1177 2179 1321 2210 murus,
1347 2168 1484 2202 docuit.
1510 2168 1642 2203 dirutis

177 2227 280 2262 ergo,
317 2227 411 2263 quae
446 2217 557 2250 turris
594 2215 772 2250 lateribus
808 2213 1077 2256 adhaerebant,
1109 2214 1327 2256 moenibus,
1346 2208 1446 2249 tufi-e
1470 2217 1581 2250 etiam
1607 2217 1642 2250 S.

175 2264 326 2298 Romani
355 2269 483 2310 portae
508 2263 628 2298 vicina
653 2263 731 2296 solo
761 2267 930 2307 aequata,
956 2261 1079 2296 hostes
1107 2268 1144 2296 et
1167 2263 1232 2308 qui
1256 2263 1354 2298 intra
1372 2263 1501 2297 urbem
1527 2269 1642 2305 erant,

176 2322 215 2344 se
240 2311 397 2346 invicem
423 2311 710 2356 conspiciebant.
736 2310 814 2343 illic
838 2308 1019 2343 Iohannes
1044 2309 1270 2343 lastinianus
1286 2335 1296 2352 ,
1337 2311 1411 2344 suis
1436 2311 1643 2357 palatiique

175 2357 357 2392 militibus
390 2359 547 2399 cinctus,
595 2359 739 2392 fortiter
765 2356 972 2402 pugnabat3
1009 2356 1193 2389 auxiliarii
1218 2358 1327 2391 etiam
1351 2369 1427 2391 non
1452 2359 1560 2403 pauci
1586 2370 1644 2391 ar-

176 2406 266 2440 mati
279 2405 454 2447 Galatini,
480 2405 544 2451 qui
571 2406 705 2439 amicos
721 2405 846 2438 multis
870 2403 988 2437 modis
1016 2415 1054 2437 se
1078 2403 1339 2449 probaverant,
1366 2411 1514 2439 strenue
1537 2417 1644 2451 prae-

176 2452 373 2486 liabantur.
402 2453 463 2486 isti
499 2453 672 2498 equidem
707 2458 807 2485 extra
835 2451 961 2497 oppidi
987 2451 1044 2483 sui
1078 2462 1199 2485 muros
1224 2452 1264 2485 in
1289 2452 1491 2486 Tui-corum
1517 2453 1643 2486 castris

177 2510 304 2534 secure
327 2499 578 2540 versabantur,
604 2505 757 2544 tyranno
783 2498 987 2532 necessaria
1016 2498 1163 2543 copiose
1188 2499 1428 2544 praebentes,
1459 2501 1580 2533 oleum
1604 2501 1643 2533 in

175 2546 366 2580 machinae
390 2547 650 2580 tormentariae
681 2559 787 2580 usum
805 2571 814 2587 ,
841 2552 878 2579 et
901 2544 1046 2590 quidvis
1073 2545 1175 2579 aliud
1199 2545 1299 2592 quod
1325 2547 1436 2580 Turci
1463 2553 1643 2592 peterent,

176 2594 436 2628 ministrantes.
486 2594 652 2627 Romaeis
677 2605 763 2627 vero
790 2593 932 2626 occulte
960 2592 1150 2634 auxiliari,
1175 2597 1212 2626 et
1235 2599 1345 2627 noctu
1372 2594 1516 2639 Cpolim
1539 2595 1644 2628 traii-

177 2641 315 2678 eientes
343 2652 408 2686 per
434 2639 531 2674 diem
555 2641 630 2675 illis
657 2642 837 2682 militare3
863 2640 1033 2684 sequenti
1059 2638 1193 2673 deinde
1216 2646 1325 2674 nocte
1349 2641 1564 2686 permutatis
1589 2642 1644 2674 vi-

178 2688 281 2722 cibus
306 2687 500 2722 succedere
526 2688 608 2721 alii:
634 2689 687 2722 ita
711 2694 772 2727 ut,
805 2687 869 2732 qui
894 2686 1012 2732 pridie
1038 2687 1076 2720 in
1102 2686 1192 2720 urbe
1217 2694 1444 2730 manserant,
1474 2689 1512 2721 in
1538 2689 1644 2733 oppi-

178 2733 226 2768 do
255 2735 442 2778 etUcastris
466 2734 513 2768 ad
539 2735 677 2769 Turcos
706 2734 886 2768 fallendos
920 2733 1099 2779 postridie
1125 2741 1282 2779 agerent.
1331 2735 1465 2769 Veneti
1493 2746 1642 2780 quoque

178 2793 199 2814 a
240 2787 344 2827 porta
383 2782 617 2828 imperatoria
649 2783 832 2827 Cynegum
871 2792 1010 2827 usque,
1056 2782 1222 2815 Romaeis
1256 2782 1433 2823 immixti,
1472 2782 1641 2814 adversus

175 2828 314 2862 Tarco-
339 2829 623 2875 praeliabantur.
650 2829 723 2863 dux
759 2829 906 2863 interim
932 2839 1081 2873 magnus
1108 2828 1288 2863 militibus
1319 2829 1455 2875 ubique
1482 2829 1641 2862 animum
