1904 3198
287 182 362 247 54
461 261 464 266 .
639 199 820 241 nucius
858 198 1145 240 micimms
1179 199 1403 241 NEPOTis
1465 199 1472 214 ¹

283 298 416 341 ἔπαθε
453 298 568 355 παρὰ
605 302 680 342 τοῦ
707 288 879 341 ποῖππου
917 298 1048 340 αὐτοῦ
1091 298 1216 348 αὐτὸς
1253 301 1326 340 καί
1363 298 1386 339 ὅ
1415 295 1553 354 πατὴρ
1585 294 1745 346 αὐτοῦ.Δ
1799 346 1803 350 K

284 366 357 405 καί
382 365 564 407 α’νὲκειτο
577 365 651 414 ,εἰς
676 360 835 414 αύτούς
863 362 908 406 τὸ
937 362 1171 418 βασιλειον,
1211 363 1234 406 ὃ
1264 364 1310 406 δὲ
1340 357 1545 419 ἀδικήσας
1577 360 1728 412 αύτούς

241 429 413 473 Βέδωκε
451 429 526 486 τήν
553 431 773 485 βασιλείαν
797 431 858 485 τῷ
897 431 1079 486 δευτέρῳ
1107 427 1209 486 υἱῷ,
1237 428 1311 471 καί
1333 428 1406 472 τὸν
1431 428 1536 483 ἐμὸν
1563 427 1745 485 πατέρα

281 493 326 538 τὸ
364 498 576 550 πολίχνιον
621 495 773 548 τοῦτο,
819 491 876 542 ὥς
905 494 1020 550 ὁρᾷς.
1075 494 1115 536 εἰ
1159 496 1205 536 δὲ
1232 496 1306 536 καί
1330 493 1383 537 σύ
1415 495 1535 537 τοῦτο
1562 491 1727 554 λάβοις,

278 557 625 616 ύπερηὸἁημαι.”
682 559 774 618 τότε
807 559 827 600 ὅ
866 557 1092 614 Παγιαζὴτ
1119 557 1265 614 χώραν
1285 558 1423 615 εὑρών
1449 555 1580 615 ἄλλην
1605 558 1766 616 tired-5

222 650 224 653 ⁴
276 640 357 682 πη·
386 629 519 683 ζητῶν
552 626 631 682 γάρ
659 625 793 668 ἔκτοτε
827 623 903 680 τήν
932 626 1284 680 Κωνσταντίνου,
1313 624 1386 668 καὶ
1411 624 1460 668 τὸ
1487 628 1563 668 τοῦ
1591 625 1730 670 Ἰωάν-

275 708 349 734 νου
377 695 454 735 τοῦ
473 693 654 746 ἀνεψιοῦ
675 691 750 734 τοῦ
766 688 979 744 Μανουηλ
1008 685 1141 745 ὄνομα
1168 693 1246 734 οὔκ
1273 690 1405 748 ἔλιπε,
1437 693 1567 747 λέγων
1583 689 1727 746 „35⁶2-

273 762 326 800 θε
362 757 418 800 σύ
443 757 657 813 Μανουὴλ
697 759 743 799 ἐκ
784 759 860 811 τῆς
892 755 1064 806 πόλεως·
1111 756 1352 813 εἰσαχθὴτω
1384 757 1407 802 ὅ
1452 758 1638 814 Ἰωάννης
1667 757 1726 810 ὥς

275 823 402 880 φύσει
423 823 678 878 κληρονόμος
693 824 767 876 τῆς
781 823 1011 876 βασιλείας,
1029 821 1103 864 καί
1127 821 1206 877 ἐγώ
1229 825 1432 867 παντοίαν
1447 821 1628 880 γαλήνην
1645 825 1726 876 ἔξω

273 893 346 932 καί
370 892 587 944 εἰρηναίαν
608 887 866 932 κατάστασιν
894 886 974 931 σύν
992 893 1078 938 τοῖς
1098 891 1334 939 πολίταις.”
1359 886 1454 934 τότε
1475 887 1498 932 ὅ
1525 888 1727 944 βασιλεύς
1745 904 1792 931 ιο

162 963 196 997 P.
211 975 256 1008 ²9
274 953 488 1009 Μανουὴλ
516 953 628 1010 ὅρῶν
646 952 719 997 τὸν
737 955 871 1008 δῆμον
888 955 932 996 ἐν
959 955 1249 1008 ὃιχοστασιῖκις
1274 954 1568 1010 σαλευόμενον,
1590 957 1664 999 καί
1675 953 1724 998 td

270 1023 349 1074 μὲν
372 1017 572 1074 ἀνταῖρον
593 1015 644 1077 ἦν
664 1022 738 1064 καί
753 1023 983 1074 καταβοῶν,
1008 1020 1056 1062 τὸ
1086 1022 1132 1063 δὲ
1150 1020 1224 1063 καί
1239 1019 1356 1074 μάλα
1384 1019 1638 1078 ἐθαρρύνετο
1654 1022 1730 1065 καὶ

270 1089 487 1141 ε’κέκραγεν
507 1083 564 1136 ὥς
591 1084 810 1143 ,,Ἰωάννης
841 1085 1112 1141 εἶσαχθήτω,
1151 1085 1226 1128 καί
1255 1082 1433 1141 ἀρθήτω
1462 1084 1516 1129 τά
1543 1084 1727 1130 σκάνδα-

268 1154 368 1194 λα.”
442 1148 464 1193 ὅ
493 1154 540 1194 δὲ
566 1150 768 1206 βασιλεύς
795 1150 1009 1206 Μανουὴλ
1039 1150 1112 1193 καί
1137 1151 1315 1201 σύννους
1343 1149 1403 1194 ὢν
1430 1152 1506 1194 καί
1530 1150 1727 1202 παιδείας

267 1217 418 1271 μεστός
436 1249 448 1271 ,
490 1215 602 1272 ὁρῶν
637 1216 710 1259 τὸν
745 1220 925 1271 χυδαῖον
965 1216 1069 1259 λαὸν
1096 1219 1493 1272 παραψιθυρίζοντα
1517 1219 1591 1261 καί
1615 1219 1725 1261 αἰτι-
1741 1219 1791 1262 ι5

268 1285 380 1325 ὧντα
409 1283 467 1332 ὥς
494 1279 544 1324 οὖ
571 1289 828 1338 παραχωρεῖ
847 1286 904 1340 τῷ
944 1284 1109 1341 ε’·φέὸρῳ
1138 1281 1214 1338 τήν
1239 1286 1478 1339 καθέδραν,
1509 1281 1618 1326 α’λλά
1647 1301 1724 1327 τυ-

269 1351 472 1403 ραννικῶς
492 1348 759 1403 ἡγεμονεύειν
785 1350 943 1391 ἐθέλων
965 1344 1015 1389 ού
1039 1349 1249 1404 φροντίζει
1275 1349 1329 1392 vc:
1359 1350 1459 1406 περί
1486 1351 1560 1406 τῆς
1586 1366 1724 1406 σωτη-

264 1417 361 1469 ριάς
389 1417 467 1457 τοῦ
495 1418 652 1470 κοινοῦ,
676 1413 834 1471 βουλιὴν
861 1411 1107 1469 βουλεύεται
1125 1413 1372 1471 σοφωτάτην
1400 1417 1474 1458 καί
1487 1414 1605 1470 μάλα
1621 1431 1722 1459 συν-

264 1478 415 1535 ετικήν.
492 1479 645 1536 μηνύει
682 1482 740 1538 τῷ
776 1480 957 1538 Ἰωάννῃ
1010 1483 1347 1538 παρακαθημένῳ
1389 1479 1482 1523 τότε
1511 1482 1566 1540 τῇ
1593 1485 1723 1525 Κων-

263 1545 485 1587 σταντι’νου
531 1545 613 1588 σύν
659 1544 859 1602 Τούρκοις
883 1544 1056 1600 ’χιλιάσι
1104 1547 1225 1600 δέκα,
1262 1549 1337 1588 καί
1362 1546 1536 1589 δίδωσιν
1569 1543 1722 1603 ὅρκους
1735 1563 1787 1591 20

267 1610 384 1667 αὐτῷ
412 1610 486 1653 καὶ
508 1610 716 1665 λαμβάνει
745 1614 846 1668 παρ’
874 1609 1096 1654 αὐτοῦτοῦ
1123 1613 1374 1667 εἰσαχθῆναι
1392 1609 1510 1662 ἐντὸς
1537 1614 1611 1668 τῆς
1642 1611 1722 1655 πό-

229 1681 373 1725 Βλεως
400 1679 474 1718 καί
488 1679 758 1734 παραδοῦναι
787 1678 904 1735 αύτῷ
926 1677 1003 1733 τήν
1029 1681 1248 1731 βασιλείαν
1268 1680 1352 1719 τῶν
1372 1677 1610 1733 Ῥωμαίων,
1640 1673 1720 1721 αύ-

267 1742 337 1793 τὸς
363 1744 411 1786 δὲ
447 1742 469 1784 ὃ
497 1742 710 1799 Μανουηλ
739 1746 922 1795 ἐξελθεῖν
950 1743 1032 1787 σύν
1058 1750 1152 1795 ταῖς
1183 1743 1372 1801 τριήρεσι
1402 1751 1496 1795 ταῖς
1527 1742 1720 1800 εὕρισκο-

266 1888 435 1921 iniuriam
468 1889 658 1934 allegavit3
692 1889 793 1933 quod
814 1900 895 1923 cum
919 1890 1108 1935 imperium
1144 1890 1190 1923 ad
1213 1895 1352 1935 patrem
1377 1890 1528 1935 eiusque
1553 1894 1719 1935 posteros

263 1936 483 1979 pertineret,
508 1947 593 1969 avus
619 1935 674 1968 his
700 1936 847 1981 iniquus
875 1936 1034 1970 secundo
1059 1936 1098 1970 id
1116 1936 1191 1969 filio
1212 1936 1444 1980 tradidisset3
1472 1941 1509 1970 et
1528 1936 1637 1983 patri,
1659 1937 1717 1970 in-

265 1982 363 2026 quit,
392 1993 473 2014 meo
509 1982 578 2023 hoc
615 1982 829 2027 oppidulum
862 1984 1059 2026 concessit3
1100 1983 1199 2029 quod
1228 1983 1257 2016 si
1294 1983 1544 2028 occupaveris,
1579 1995 1719 2018 summa

264 2028 397 2061 afficior
419 2029 562 2067 iniuria.
601 2033 687 2062 tunc
700 2029 876 2062 Baiazites
911 2031 1136 2064 occasionem
1169 2036 1295 2064 nactus
1319 2030 1427 2064 aliam
1453 2030 1589 2064 institit
1610 2030 1717 2064 viam.

264 2075 399 2107 iamdiu
426 2076 511 2116 ille,
546 2075 678 2121 quibus
717 2077 854 2109 artibus
879 2077 1019 2121 Cpolim
1044 2076 1254 2118 invaderet,
1279 2077 1400 2110 animo
1424 2077 1614 2111 versabat:
1641 2089 1718 2112 non

264 2122 387 2155 omisit
411 2123 539 2166 itaque
560 2134 691 2155 nomen
717 2123 916 2156 obtendere
941 2124 1129 2164 Iohannis,
1154 2124 1217 2168 qui
1245 2124 1425 2158 Manuelis
1451 2135 1495 2157 ex
1519 2124 1629 2157 fratre
1649 2135 1715 2157 ne—

262 2179 326 2212 pos
353 2174 439 2209 erat,
468 2169 643 2214 iubetque
658 2170 863 2202 Manuelem
879 2170 968 2203 urbe
990 2170 1116 2203 cedere
1142 2175 1179 2203 et
1192 2170 1387 2203 Iohannem
1409 2171 1447 2204 in
1473 2170 1574 2203 illam
1599 2170 1716 2203 intro-

263 2214 345 2248 duci
376 2222 416 2248 ut
440 2216 639 2259 legitimum
668 2217 810 2260 imperii
838 2217 1033 2259 heredem3
1065 2216 1306 2262 pollicebatur
1337 2217 1486 2262 insuper
1513 2228 1594 2249 cum
1626 2216 1716 2250 civi-—

261 2261 329 2294 bus
342 2262 494 2306 Cpoleos
516 2262 685 2306 deinceps
700 2275 736 2295 se
755 2264 903 2308 pacifice
916 2270 1087 2297 acturum.
1111 2275 1191 2296 cum
1206 2264 1328 2307 itaque
1353 2263 1528 2307 populum
1551 2262 1715 2297 dissidiis

263 2309 434 2352 agitatum
467 2310 640 2342 sensisset
673 2310 845 2352 Marmei,
871 2317 908 2344 et
947 2311 1134 2344 adversum
1160 2320 1198 2343 se
1227 2309 1407 2342 seditione
1431 2321 1472 2342 ac
1495 2309 1713 2343 clamoribus

261 2356 464 2399 insurgere,
503 2356 667 2401 aliosque
701 2357 888 2390 audaciam
924 2363 1105 2391 sumentes
1143 2356 1366 2389 conclamare
1388 2361 1430 2389 ut
1452 2356 1631 2390 Iohannes
1654 2356 1713 2390 in-

259 2401 511 2434 troduceretur
539 2408 576 2435 et
600 2403 816 2436 tollerentur
838 2404 1017 2445 scandala,
1043 2403 1274 2448 audissetque
1294 2403 1427 2448 passim
1447 2409 1712 2437 murmurantes

261 2454 299 2481 et
324 2455 531 2482 accusantes
546 2475 554 2489 ‚
579 2449 678 2494 quod
711 2451 803 2483 solio
827 2462 900 2484 non
924 2451 1086 2491 cederet,
1118 2449 1284 2494 illudque
1306 2460 1390 2483 vero
1416 2450 1612 2483 successori
1636 2461 1712 2485 non

261 2496 486 2536 restitueret,
514 2495 577 2528 sed
614 2497 798 2539 tyrannice
832 2509 979 2541 regnare
1010 2497 1122 2531 vellet
1154 2497 1280 2530 salutis
1301 2496 1470 2540 publicae
1500 2496 1708 2538 immemor,

259 2543 338 2586 ipse
356 2543 549 2585 prudentia
563 2554 602 2574 ac
617 2542 822 2576 eruditione
836 2545 998 2588 apprime
1021 2545 1215 2577 instructu·
1241 2543 1384 2588 sapiens
1409 2543 1709 2588 commodumque

260 2590 449 2622 consilium
474 2590 552 2628 init,
576 2595 612 2621 et
626 2590 790 2629 Iohanni,
813 2591 876 2635 qui
900 2592 938 2624 in
963 2591 1086 2625 castris
1108 2590 1307 2623 Turcorum
1331 2601 1411 2623 cum
1438 2590 1596 2623 exercitu
1616 2588 1708 2623 duo—

259 2634 375 2668 decim
402 2637 555 2668 millium
582 2642 678 2676 erat,
705 2636 901 2670 denunciat
924 2649 1005 2671 eum
1037 2649 1076 2670 se
1098 2637 1136 2670 in
1164 2636 1290 2670 urbem
1315 2642 1544 2682 accepturum
1568 2647 1644 2670 esse
1670 2641 1709 2670 et

258 2682 546 2715 introducturum
584 2688 729 2727 accepto
756 2682 915 2728 datoque
945 2685 1113 2729 utrinque
1141 2683 1354 2724 iuramento,
1384 2684 1491 2728 eique
1515 2683 1707 2728 imperium

259 2729 448 2762 restituere
477 2730 594 2769 velle,
631 2729 736 2762 modo
764 2730 833 2762 sibi
859 2731 968 2764 liceat
992 2730 1080 2763 urbe
1106 2729 1299 2771 excedere,
1333 2735 1370 2763 et
1394 2741 1541 2775 quoquo
1564 2740 1705 2762 versum

261 2774 329 2808 deo
343 2776 456 2810 visum
472 2777 582 2809 suerit
599 2775 710 2817 abire,
735 2776 971 2825 triremesque
986 2777 1031 2811 ad
1045 2776 1284 2821 navigandum
1300 2781 1412 2823 aptas,
1433 2788 1524 2823 quae
1543 2777 1580 2810 in
1596 2781 1703 2823 portu
