1916 3210
0 693 13 760 “fir
0 578 14 675 ”se-«vn
0 254 17 558 &aevvm-r.

446 181 659 226 muci:
719 182 1054 226 nmnmm
1107 174 1361 223 m'cssR‘rO.
1517 157 1634 228 443

186 281 373 341 qualche
397 281 501 326 altra
531 297 628 326 cosa
665 282 802 325 dal'im
833 283 1005 338 endor,
1052 287 1200 339 questo
1228 281 1317 322 solo
1345 277 1508 335 podeva
1529 284 1640 320 otte-

185 348 293 382 nem
314 337 480 381 dnl’uno
504 354 579 396 per
605 353 730 380 nome
758 340 810 380 de
827 339 946 380 ’altro
968 339 1065 396 quel
1094 338 1169 380 che
1188 335 1347 378 voleva.
1406 337 1467 375 De
1495 341 1639 390 questo

184 395 400 450 Theologo
425 394 465 436 el
489 409 654 436 sermon
683 402 822 435 nostro
850 397 987 436 avanti
1018 394 1094 449 pici
1123 392 1395 448 amplamentc
1424 391 1477 430 ha
1506 390 1641 445 parla-

185 456 249 495 to.
298 451 358 491 Ln
390 450 546 492 invidia
582 450 657 491 che
699 465 859 504 sempre
895 451 1057 491 nutrica
1103 449 1225 489 hodio
1267 462 1292 488 3
1339 453 1448 487 tutte
1475 445 1514 486 le
1547 459 1644 487 cose

186 518 415 600 pungere,
459 514 597 561 presto
633 520 712 546 con
758 506 882 546 ochio
928 505 1108 561 maligno
1138 502 1319 545 cominzb
1347 516 1371 543 a
1400 501 1579 556 gual-dar
1608 500 1644 540 13
1663 505 1725 540 ι83

260 573 287 600 n

317 573 386 602 aa
409 560 463 602 de
482 561 709 616 Theologo.
766 561 935 602 Grande
975 576 1043 602 era
1071 566 1177 600 stato
1207 559 1373 599 l'amore
1397 563 1439 598 et
1465 558 1647 597 benevo-

186 573 314 656 gua
342 623 406 657 tra
435 615 719 671 l'imperadore
750 616 798 657 e'l
828 616 965 657 ducha
994 615 1266 658 Mechemeth.
1322 615 1390 654 Ma
1411 612 1452 652 la
1481 612 1648 654 dolceza

188 669 297 712 della
322 670 507 712 amicitia
535 679 578 713 ct
607 672 886 712 benivolentia
917 680 982 712 tra
1012 672 1104 712 loro
1123 668 1460 711 'convertendose
1488 675 1650 723 cagget-

187 731 235 767 te
260 725 303 766 in
335 726 611 768 amaritudine
638 728 689 767 de
718 728 875 782 grande
907 727 1119 768 inimicitia
1137 756 1151 777 ,
1185 732 1226 766 et
1250 731 1395 780 questo
1425 737 1499 778 per
1526 724 1653 764 havet·

190 789 386 822 mevuto
406 783 582 823 Mustafa
611 784 651 822 in
666 783 903 823 Salonichio
935 790 976 824 et
1004 783 1076 837 poi
1106 781 1263 822 salvato
1297 779 1436 834 quello
1465 793 1544 819 con
1573 780 1654 819 Ze-

189 836 280 877 utit
306 838 349 877 in
376 836 417 878 la
450 837 584 879 insula
610 838 661 878 de
687 837 910 878 Stalimine.
966 838 1126 892 Cupido
1153 837 1344 891 adunque
1370 834 1656 889 l'imperadore

184 891 499 934 -m‘olhficare-la
528 893 675 934 dureza
706 894 757 934 de
771 897 923 944 Murat,
956 899 998 934 et
1027 893 1067 934 la
1097 892 1284 933 amaritie
1309 891 1360 931 de
1389 891 1552 931 l'animo
1581 903 1657 930 suo

189 948 426 989 convertit-e
454 950 495 989 in
529 949 696 990 dolceza
714 979 726 1000 ‚
770 948 800 989 li
830 948 983 989 mando
1013 949 1081 988 doi
1110 945 1402 999 ambaxadori,
1433 945 1654 999 Paleologo

190 1002 387 1044 Lachana
425 1011 466 1044 et
493 1005 670 1045 Mareho
709 1006 863 1059 legari,
907 1004 1064 1044 homini
1092 1003 1221 1044 tuolto
1249 1001 1350 1042 savii
1379 1008 1421 1042 et
1447 1001 1657 1055 generosi,

190 1058 246 1099 ad
287 1059 535 1112 persuadere
573 1067 613 1100 et
652 1059 911 1100 demostrare
952 1074 1028 1099 con
1072 1058 1212 1113 parole
1240 1058 1292 1097 de
1318 1058 1462 1105 verita,
1499 1057 1578 1096 che
1606 1056 1661 1097 da

192 1113 233 1154 le
257 1127 352 1154 cose
381 1114 543 1155 sinistre
580 1116 847 1155 iutravenute
873 1129 896 1154 a
939 1117 1074 1155 Morat
1091 1145 1103 1166 ‚
1134 1112 1339 1168 planovita
1374 1113 1427 1153 de
1455 1112 1661 1163 Mustafa‚

195 1167 236 1209 ln
264 1168 381 1234 eulpa
423 1183 508 1210 non
554 1184 624 1210 era
652 1176 758 1210 stata
789 1170 841 1210 de
883 1169 1197 1223 l’imperadore,
1228 1183 1293 1208 ma
1323 1168 1364 1207 fo
1395 1167 1447 1208 de
1479 1167 1663 1208 Paiasith

191 1225 476 1266 commissario
500 1224 567 1265 del
594 1231 835 1265 testamento
861 1224 914 1265 de
942 1239 1017 1264 suo
1044 1232 1159 1278 patre
1177 1253 1188 1275 ,
1219 1225 1255 1263 el
1285 1223 1408 1277 quale
1436 1237 1520 1262 non
1549 1224 1665 1264 volse

192 1279 384 1334 exaquii-e
425 1281 463 1322 la
510 1280 795 1321 commissione
822 1279 1104 1320 testamentale
1131 1287 1171 1321 et
1198 1279 1259 1318 sar
1287 1279 1325 1318 el
1358 1278 1501 1318 debito
1532 1278 1667 1319 al'im-

193 1335 401 1390 peredere
416 1364 429 1386 ,
469 1349 587 1376 come
627 1335 657 1375 li
687 1350 761 1375 era
791 1343 852 1375 sta
886 1349 1125 1378 commesso.
1181 1336 1214 1374 A
1243 1334 1374 1388 questi
1402 1332 1666 1374 ambaxadori

195 1403 283 1431 non
310 1390 356 1431 fo
384 1390 480 1430 data
508 1392 630 1445 copia
661 1391 712 1430 ne
740 1391 793 1430 de
825 1390 974 1431 vedere
995 1392 1046 1430 ne
1074 1391 1126 1430 de
1155 1389 1318 1444 pan-lare
1347 1388 1387 1428 al
1419 1388 1553 1428 ducha
1574 1391 1666 1430 Mo-

193 1451 274 1486 αἱ.
331 1445 403 1486 Ma
442 1446 592 1486 forono
631 1447 807 1486 retenuti
846 1460 919 1500 per
953 1446 1086 1487 flnche
1132 1445 1178 1484 lu
1207 1443 1386 1484 exercito
1416 1445 1460 1484 fo
1491 1459 1668 1498 appare-

197 1500 338 1541 chiam
369 1506 414 1542 et
431 1501 593 1542 munito
612 1501 718 1542 delle
737 1516 830 1542 cose
860 1501 1017 1543 bellice.
1053 1502 1126 1541 Poi
1155 1500 1248 1541 fece
1274 1499 1394 1540 venir
1422 1500 1449 1540 li
1473 1501 1669 1540 ambaxa..

195 1555 295 1596 dori
323 1555 364 1596 31
405 1570 480 1597 suo
510 1565 754 1611 conspecto,
798 1557 849 1596 ad
879 1556 908 1597 li
938 1556 1050 1610 quali
1085 1570 1204 1596 senza
1234 1555 1391 1595 honore
1419 1554 1672 1597 licentiando

195 1610 331 1652 disse:
374 1611 508 1652 dix-ete
546 1612 599 1652 ad
637 1611 925 1666 l'imperadore
969 1612 1044 1652 che
1072 1619 1213 1665 presto
1242 1625 1306 1650 me
1331 1625 1382 1651 ne
1409 1625 1562 1663 vengo.
1617 1613 1675 1652 Et

195 1665 404 1707 habiando
431 1667 472 1707 in
504 1667 628 1722 pochi
657 1668 771 1707 zorni
798 1675 1047 1722 congregato
1076 1667 1119 1707 lu
1147 1668 1326 1707 exercito
1347 1666 1399 1706 de
1430 1667 1506 1721 pisi
1529 1666 1581 1706 de
1604 1667 1673 1708 CC

196 1721 311 1762 milia
339 1722 496 1762 homini
513 1751 526 1774 ‚
559 1723 665 1763 usse}
694 1730 837 1762 contra
864 1723 903 1762 la
929 1723 1024 1762 cita.
1057 1723 1086 1762 li
1114 1722 1568 1775 Constantinopolitani
1598 1737 1675 1763 co·-

174 1778 440 1818 ·minzarono
482 1792 506 1817 a
547 1778 742 1818 dubitare
782 1777 890 1818 della
920 1778 1012 1817 fede
1059 1778 1111 1817 de
1153 1777 1400 1832 Theolog0‚
1440 1778 1674 1831 sparzendo

251 1831 342 1872 role
370 1832 437 1872 nel
461 1833 619 1887 populo
651 1834 727 1872 che
758 1847 830 1886 per
863 1847 943 1873 non
967 1841 1134 1873 essersta
1164 1833 1358 1872 mandato
1390 1833 1675 1884 ambaxadore‚

198 1847 333 1928 ffivea
383 1888 523 1927 ordito
563 1888 812 1928 tradimento
853 1896 999 1928 contra
1041 1888 1078 1927 la
1111 1888 1271 1938 citade,
1303 1901 1382 1941 per
1411 1902 1519 1928 esser
1547 1890 1674 1929 molto

200 1943 337 1983 amico
365 1943 433 1982 del
461 1942 597 1982 ducha
631 1946 769 1993 Morat
798 1950 838 1982 et
867 1944 917 1982 de
945 1944 1043 1982 tutti
1074 1943 1088 1982 i
1117 1943 1177 1982 soi
1207 1942 1416 1996 capitanii.
1475 1944 1673 1984 Aldendo

203 1997 245 2038 lo
288 1998 526 2052 impet-ador
553 1998 755 2037 Emanuel
801 1999 838 2037 la
866 1997 1112 2038 turbatione
1139 1998 1207 2037 nel
1238 1997 1395 2052 populo
1425 2014 1499 2053 per
1528 2000 1566 2039 la
1595 1999 1676 2038 du-

201 2053 330 2094 bitata
368 2053 460 2093 fede
507 2052 560 2093 de
603 2052 847 2107 Theologo,
899 2060 941 2093 et
980 2053 1082 2093 ch’el
1130 2053 1265 2093 ducha
1293 2055 1433 2094 Morat
1468 2055 1599 2094 havea
1630 2055 1675 2094 za

202 2115 495 2149 castrametata
525 2107 566 2147 la
605 2110 685 2148 cita
714 2116 754 2148 et
782 2110 925 2148 ficeato
951 2108 981 2148 li
1009 2109 1234 2162 paviglioni
1261 2109 1300 2148 al
1324 2110 1478 2164 tempio
1504 2109 1546 2149 di
1568 2109 1673 2164 Pigii

205 2178 403 2219 appresso
449 2164 487 2204 el
515 2178 635 2203 muro
664 2164 770 2204 della
810 2165 916 2214 cita,
945 2164 1098 2203 mando
1124 2162 1338 2218 Theologo
1366 2164 1551 2205 Coracha
1584 2179 1673 2205 am-

203 2219 387 2260 baxador
426 2218 466 2258 31
510 2219 645 2258 ducha
673 2221 822 2259 Morat.
866 2218 938 2259 Ἐ1
978 2220 1098 2273 quale
1124 2220 1274 2259 usscito
1305 2219 1395 2260 fora
1428 2220 1535 2261 della
1565 2222 1668 2272 cita,

203 2282 341 2331 presto
373 2274 543 2314 scontrb
573 2275 611 2315 el
638 2274 774 2314 ducha
806 2288 886 2314 con
913 2274 926 2312 i
954 2277 1014 2314 soi
1043 2275 1214 2325 baroni3
1247 2283 1286 2314 et
1316 2275 1523 2316 faticatose
1545 2277 1672 2317 molto

204 2329 437 2386 pax-lando,
484 2344 568 2370 non
619 2337 796 2383 possette
842 2330 1092 2383 persuadere
1124 2331 1175 2369 ne
1201 2329 1397 2370 inclinare
1427 2331 1464 2371 el
1493 2339 1672 2386 tyranno

207 2386 263 2426 ad
306 2384 452 2426 alcuna
487 2384 662 2426 honesta
709 2384 950 2425 conditione
985 2385 1036 2425 de
1065 2400 1179 2438 pace.
1236 2385 1342 2425 Altri
1370 2386 1569 2427 dicevano
1595 2387 1673 2428 che

205 2440 420 2494 Theologo
462 2441 597 2480 tracto
641 2440 707 2480 col
756 2447 936 2494 tyranno
973 2440 1023 2480 de
1052 2441 1184 2481 tradir
1223 2440 1263 2480 la
1291 2442 1396 2494 cita,
1425 2457 1448 2482 e
1472 2442 1574 2483 ch’el
1604 2450 1673 2498 ty-

208 2509 341 2537 ranno
384 2495 646 2549 l’impromise
683 2510 763 2535 con
805 2503 1060 2535 sacramento
1108 2497 1159 2536 de
1185 2495 1288 2536 farlo
1320 2496 1453 2537 ducha
1484 2497 1536 2539 de
1563 2498 1673 2538 Con-

208 2551 491 2604 stantinopoli.
560 2552 615 2590 Et
661 2550 730 2590 nel
770 2551 814 2590 cn
853 2550 958 2590 della
997 2551 1173 2605 bataglia
1213 2552 1422 2607 Theologo
1463 2555 1582 2594 coni
1611 2555 1674 2593 soi

209 2608 428 2661 compagni
464 2606 494 2646 li
531 2608 695 2659 api-erin
743 2605 780 2645 la
821 2613 943 2659 porta
974 2606 1016 2646 di
1046 2607 1151 2661 Pigii
1181 2614 1222 2647 et
1249 2611 1427 2647 menan-ia
1455 2608 1483 2647 li
1513 2609 1675 2649 Turchi

209 2663 255 2703 in
288 2662 327 2702 la
347 2661 497 2702 citade.
554 2664 709 2712 Queste
749 2661 888 2714 parole
928 2661 969 2700 fo
1016 2663 1142 2702 imese
1182 2663 1233 2702 da
1262 2678 1344 2703 uno
1389 2664 1431 2703 di
1475 2664 1607 2715 fideli,
1637 2664 1675 2704 el

212 2717 332 2779 quale
361 2717 431 2770 poi
462 2717 627 2757 subbito
656 2717 769 2756 iutro
798 2717 839 2756 in
871 2717 908 2756 13
946 2716 1079 2757 citade
1108 2724 1147 2757 et
1176 2719 1327 2759 razoni)
1357 2734 1432 2759 con
1461 2719 1596 2760 alcuni
1625 2719 1677 2758 de

211 2772 243 2813 h
269 2771 464 2813 honorati
499 2773 536 2813 le
564 2772 718 2826 parole,
748 2771 785 2813 le
813 2774 933 2827 quale
962 2772 1091 2814 havea
1120 2772 1250 2815 aldito
1281 2775 1331 2815 de
1362 2775 1522 2816 tradere
1552 2774 1590 2816 la
1615 2775 1676 2816 ci-

1692 1892 1755 1939 184
