1884 3216
343 146 447 203 160
613 190 617 194 -
679 164 865 209 nucAE
897 165 1181 208 MianEms
1220 168 1445 227 Nepotis

333 268 443 318 σιν.”
469 263 492 309 ὃ
517 266 565 310 δὲ
589 266 788 321 βασιλευς
823 268 898 308 ου’κ
926 267 1134 322 ἐνεδίδου,
1167 268 1258 310 ἀλλ’
1286 271 1345 318 εἰς
1375 269 1544 323 βέβαιον
1572 271 1643 317 καὶ
1668 268 1772 323 ‹3142-

333 331 503 375 τάθετον
529 331 667 388 ἐτήρει
692 331 769 387 τήν
799 332 933 373 αὐτοῦ
961 328 1151 386 γνώμην,
1194 331 1266 375 καὶ
1300 335 1359 383 εἰς
1386 336 1499 383 τέλος
1525 334 1679 386 ἐξεῖναι
1713 331 1769 377 ἐπεὶ

334 395 631 452 βουλευόμενα.
698 401 742 441 ἐν
767 396 928 446 τούτοις
957 391 1099 450 ὄντες,
1135 400 1208 441 καί
1245 395 1267 439 ὅ
1300 398 1464 455 Ἰπραῒμ
1489 398 1770 455 ἧμέραςὶκα-

297 461 410 512 nmis·
445 464 719 518 ἐνδιατρίβων
763 463 841 504 τοῦ
885 464 1026 515 λαβεῖν
1053 464 1165 512 τέλος
1191 465 1273 515 τῶν
1299 457 1358 506 ὧν
1387 463 1522 519 ἐζήτει
1549 480 1768 520 συμφωνι-

333 531 418 582 ὤν,
467 529 606 582 ἕτερος
647 527 901 583 εἰσπηδήσας
940 526 998 576 ὥς
1027 528 1098 570 ἐπὶ
1124 529 1410 585 παλαίστρας,
1436 528 1483 572 τὸ
1516 529 1803 586 ζητούμενον5

332 593 449 649 παρὰ
475 594 550 635 τοῦ
593 594 798 645 βασιλέως
826 591 933 645 μετὰ
971 593 1124 647 πολλῆς
1150 594 1447 650 παρακλήσεως
1473 597 1671 650 γενέσθαι
1689 594 1770 647 ,καὶ

332 656 574 715 φιλοτιμίας
600 655 673 698 καὶ
695 656 867 712 χάριτος
894 656 1023 709 αὐτὸς
1059 657 1116 706 ὥς
1146 658 1281 714 δῶρόν
1309 675 1350 701 τι
1375 663 1483 714 μέγα
1510 658 1585 715 τήν
1614 659 1770 716 ὑπηρε-

331 725 428 766 σίαν
449 722 603 777 ταύτην
630 723 944 777 ἐγχειρισθῆναι
971 722 1087 780 αὐτῷ
1112 722 1346 779 παρεκάλει.
1385 724 1458 767 καί
1483 722 1535 780 δή
1565 725 1608 776 ἐξ
1635 719 1770 780 ἀρχῆς

331 787 435 845 ποίῳ
482 785 621 844 τρόπῳ
660 788 778 842 διέβη
815 785 889 829 τὸν
919 786 1106 843 πορθμὸν
1152 787 1176 830 ὅ
1204 788 1390 844 Μουράτ
1417 790 1487 832 καί
1511 789 1614 843 μετὰ
1638 787 1770 844 πόσης

331 853 611 909 παρασκευῆς,
643 850 715 893 καὶ
738 850 800 901 τίς
827 850 851 893 ὅ
878 851 1079 908 περάτης,
1107 852 1180 896 καί
1207 855 1291 894 ποῦ’
1321 852 1396 909 τήν
1426 854 1647 900 θάλασσαν
1673 855 1768 899 ἐπέ-ε
1785 875 1831 902 10

330 932 459 975 ρασε,
489 916 562 958 καὶ
587 916 693 966 τίνες
720 917 760 959 οἱ
784 916 1018 973 ναύαρχοι,
1045 918 1172 969 λέξων
1200 917 1391 974 ἔρχομαι.
1738 964 1740 966 ,

436 978 502 1024 Ἐν
527 985 581 1039 τῇ
625 985 799 1041 Φωκαίᾳ
839 984 890 1040 τῇ
916 983 1016 1026 κατὰ
1043 982 1116 1039 τήν
1142 985 1298 1027 Ἰωνίαν
1326 986 1498 1040 πλησίον
1524 979 1622 1040 ὅρος
1647 979 1700 1041 ἦν
1725 986 1770 1027 ἒν

330 1040 366 1106 ᾧ
390 1050 591 1101 μέταλλον
618 1050 873 1103 στυπτηρίας
890 1045 1087 1105 ὑπάρχει,
1117 1051 1191 1091 καί
1208 1049 1230 1090 ὅ
1257 1048 1375 1099 λίθος
1396 1046 1506 1100 ἅπας
1533 1053 1606 1106 τῆς
1633 1046 1769 1104 ἄκρω-

330 1116 447 1170 ’ρείας
494 1118 598 1170 πυρὶ
636 1114 973 1169 προσομιλήσας,
1011 1110 1099 1156 εἶτα
1142 1111 1270 1156 ὕδατι
1307 1114 1363 1164 ὥς
1390 1114 1563 1168 ψάμμος
1591 1116 1768 1170 γίνεται·

285 1190 313 1224 C
330 1178 405 1236 τήν
432 1181 479 1221 δὲ
509 1177 589 1220 ἀπὸ
614 1181 690 1220 τοῦ
715 1178 838 1221 λίθου
873 1180 1094 1234 γενομένην
1121 1179 1296 1232 ψάμμον
1330 1181 1389 1229 εἰς
1415 1173 1767 1235 λέβηταβάλλον-
1783 1188 1829 1229 15

329 1261 396 1295 τες
422 1243 503 1287 σῦν
543 1242 667 1286 ὕδατι
710 1245 782 1285 καί
810 1243 1089 1298 καχλάζοντος
1116 1246 1168 1286 ου’
1194 1246 1342 1298 τόσον,
1371 1245 1396 1300 ἦ
1423 1249 1624 1303 βληθεῖσα
1649 1249 1767 1301 ψάμ-

329 1325 412 1364 μος
444 1310 663 1352 διαλύεται
708 1311 779 1351 καί
814 1308 859 1351 τὸ
889 1311 967 1362 μὲν
1008 1309 1124 1364 παχῦ
1154 1312 1226 1352 καί
1253 1307 1612 1366 ου’σιῶδεςαῦτῆς
1637 1313 1682 1354 ἐν
1711 1315 1768 1368 τῷ

329 1375 455 1433 ζωμῷ
495 1376 619 1428 μένον
661 1373 719 1423 ὥς
756 1372 863 1429 γάλα
902 1376 1108 1430 τυρῶδες,
1142 1374 1186 1416 τὸ
1215 1374 1338 1430 ’ξηρὸν
1365 1374 1438 1417 καί
1461 1377 1612 1429 γεῶδες
1638 1372 1767 1432 αὐτῆς

327 1438 409 1491 ἔξω
438 1437 655 1496 ῥίπτουσιν
683 1438 740 1489 ὥς
771 1435 1010 1494 ἄχρηστον,
1036 1439 1104 1482 τὸν
1132 1442 1179 1481 δὲ
1208 1439 1342 1492 ζωμὸν
1367 1441 1425 1489 εἰς
1450 1437 1616 1495 σκάφας
1643 1441 1768 1483 κενώ-

327 1521 474 1555 σαντες
517 1500 642 1560 ἅχρις
686 1504 852 1559 ἡμερῶν
887 1505 1101 1560 τεσσάρων
1129 1504 1432 1561 παραδρομήν,
1461 1505 1694 1559 εὑρίσκεται
1722 1507 1827 1552 έναο

326 1576 412 1621 τοῖς
439 1566 584 1626 ἄκροις
609 1571 694 1611 τῶν
706 1566 927 1623 ὖποδόχων
954 1570 1126 1624 α’γγείων
1142 1572 1450 1624 πεπαγιωμένος
1478 1568 1500 1610 ὅ
1529 1568 1666 1623 ζωμὸς
1694 1573 1767 1612 καί

326 1635 614 1692 ὖπεραυγίζων
642 1632 794 1687 ὁμοίως
820 1636 1061 1692 κρυστάλλῳ
1078 1646 1087 1658 ·
1145 1636 1188 1676 ἐν
1220 1637 1266 1677 δὲ
1293 1637 1351 1693 τῷ
1377 1634 1560 1688 πυθμένι
1588 1637 1663 1677 τοῦ
1689 1636 1762 1690 ἅγ-

415 1760 448 1784 2.
473 1758 519 1781 an
541 1746 707 1787 ἐξιέναι.)
778 1759 810 1791 9.
837 1745 974 1792 πόσης]
999 1745 1122 1788 πάσης
1146 1746 1178 1780 P·
1258 1758 1305 1783 ια.
1337 1746 1507 1793 Φωκαίᾳ]
1534 1746 1678 1781 Φωκίδι
1702 1747 1736 1782 P.

416 1807 472 1832 αι.
495 1794 760 1840 πεπαγομένος
783 1793 816 1826 P.

323 1908 446 1938 suum,
472 1901 513 1930 ut
536 1895 583 1929 ad
607 1896 714 1929 finem
742 1895 779 1928 id
804 1893 1038 1939 perduceret,
1066 1895 1213 1929 firmiter
1240 1897 1367 1929 tenuit.
1393 1897 1499 1931 rebus
1530 1909 1571 1932 eo
1596 1900 1667 1933 loci
1695 1913 1759 1947 po..

321 1945 424 1985 sitis,
444 1942 666 1976 Abrahamus
686 1942 819 1975 multos
847 1940 924 1973 dies
948 1946 1104 1983 moratus
1130 1947 1206 1983 est,
1231 1947 1272 1976 ut
1297 1943 1510 1978 sortirentur
1534 1946 1669 1980 exitum
1695 1950 1757 1982 illa

322 1990 367 2024 de
394 1989 526 2035 quibus
541 1987 792 2035 paciscendum
820 1991 904 2020 erat.
929 1987 1067 2020 interea
1084 1988 1176 2022 alius
1194 1988 1339 2033 quidam
1361 1990 1461 2024 velut
1484 1992 1522 2025 in
1545 1993 1757 2038 palaestram

321 2036 565 2077 descendens,
601 2034 700 2080 quod
728 2034 772 2067 ab
798 2034 1014 2079 imperatore
1042 2035 1155 2068 enixis
1192 2035 1359 2080 precibus
1383 2039 1591 2084 magnisque
1614 2039 1758 2084 po'llici-

320 2083 521 2118 tationibus
548 2081 751 2126 petebatur,
777 2081 854 2115 eius
879 2081 933 2113 rei
958 2081 1197 2114 ministerium
1221 2087 1262 2115 ut
1283 2082 1353 2116 sibi
1370 2085 1650 2119 committeretur
1677 2093 1757 2121 tan-

321 2141 430 2176 quam
456 2129 590 2162 donum
617 2128 774 2172 rogabat.
800 2125 864 2160 sed
889 2126 934 2159 ab
963 2127 1069 2160 initio
1094 2127 1230 2169 dicam,
1269 2130 1449 2174 quomodo
1484 2131 1614 2165 fretum
1647 2135 1756 2167 traie-

320 2177 412 2210 cerit
423 2176 580 2209 Morates
603 2180 641 2209 et
666 2179 801 2220 quanto
828 2184 908 2207 cum
932 2179 1116 2220 apparatu,
1144 2186 1216 2221 quo
1240 2176 1438 2220 portitore,
1464 2188 1536 2223 quo
1559 2178 1650 2221 loco,
1673 2181 1755 2226 qui·-

320 2222 389 2257 bus
413 2222 544 2255 nautis.

414 2268 608 2309 Phocaeae,
631 2278 724 2313 quae
747 2267 873 2301 Ioniae
897 2271 971 2308 est,
997 2278 1098 2300 mons
1122 2267 1263 2300 adiacet
1285 2267 1452 2302 aluminis
1477 2269 1592 2311 ferax,
1617 2274 1756 2307 cuncti-

321 2326 393 2361 que
419 2315 578 2360 lapides,
604 2315 667 2359 qui
705 2315 743 2347 in
764 2314 898 2348 vertice
931 2314 1082 2354 montis,
1115 2314 1152 2346 in
1178 2314 1296 2357 ignem
1329 2315 1501 2358 primum,
1528 2319 1754 2362 postmodum

321 2362 362 2395 in
393 2372 522 2406 aquam
565 2361 664 2394 missi
707 2362 746 2394 in
782 2371 924 2394 arenam
963 2360 1261 2393 comminuuntur.
1290 2359 1377 2394 haec
1395 2373 1437 2394 ex
1466 2363 1543 2397 istis
1570 2364 1753 2409 lapidibus

320 2408 473 2441 collecta
496 2408 534 2441 in
557 2407 725 2440 cacabum
749 2417 841 2452 aqua
866 2407 976 2440 mixta
1003 2406 1222 2448 demittitur3
1251 2405 1313 2439 ubi
1338 2418 1431 2451 aqua
1454 2409 1587 2443 iniecta
1606 2413 1753 2455 paulum

321 2455 480 2495 ferbuit,
519 2464 626 2487 arena
662 2454 813 2498 liquefit.
852 2453 950 2498 quod
976 2453 1125 2487 densum
1150 2457 1204 2485 est
1230 2453 1306 2485 eius
1332 2456 1421 2486 offae
1447 2455 1581 2498 simile,
1606 2457 1652 2491 ad
1675 2470 1752 2493 mo·-

321 2500 406 2534 dum
428 2500 532 2534 lactis
556 2500 594 2532 in
621 2510 762 2532 caseum
789 2499 990 2544 coagulati,
1026 2504 1203 2533 servatur:
1231 2498 1329 2544 quod
1354 2499 1480 2534 durum
1506 2507 1543 2535 et
1568 2509 1752 2547 terrestre,

321 2552 363 2581 ut
388 2547 518 2581 inutile
540 2545 718 2579 abiicitur.
747 2548 815 2578 offa
838 2557 921 2579 vero
945 2545 1009 2579 illa
1031 2547 1069 2579 in
1093 2556 1175 2579 vasa
1203 2544 1327 2578 defusa
1348 2557 1412 2591 per
1435 2553 1589 2593 quatuor
1611 2550 1687 2584 dies
1713 2553 1751 2585 in

262 2597 264 2599 ’
321 2594 374 2628 eis
398 2593 573 2633 subsidit,
603 2598 800 2637 posteaque
836 2593 928 2625 circa
964 2603 1043 2626 oras
1079 2603 1231 2626 summas
1257 2602 1421 2626 vasorum
1445 2601 1610 2628 concreta
1629 2597 1751 2640 splen-

322 2640 482 2686 densque
511 2639 557 2672 ad
580 2639 692 2671 instar
716 2639 873 2682 crystalli
899 2640 1095 2684 reperitur;
1125 2638 1228 2671 fundi
1255 2639 1362 2672 etiam
1386 2652 1548 2674 vasorum
1571 2642 1749 2678 sImilibus

322 2686 513 2732 segmentis
538 2692 574 2720 et
595 2686 715 2718 frustis
738 2684 931 2729 replentur.
957 2685 1167 2718 exhaustum
1190 2685 1358 2730 deinceps
1376 2686 1572 2731 liquorem,
1593 2689 1750 2734 quipost

322 2733 391 2770 hoc
411 2733 645 2782 quatriduum
666 2742 739 2767 non
766 2732 901 2766 coaluit
925 2738 962 2766 et
975 2732 1151 2773 induruit,
1173 2731 1211 2766 in
1226 2731 1382 2766 lebetem
1405 2732 1619 2777 defundunt,
1643 2737 1749 2782 eique
