1890 3204
299 160 412 237 578
869 171 1160 226 actuum

297 279 351 322 ab
385 281 479 336 ipsis
503 279 618 321 Sidik
644 278 759 320 Dede
788 275 1039 331 appellatum
1065 273 1202 313 audivi
1218 301 1231 323 ,
1259 272 1300 313 id
1331 279 1391 314 est
1416 273 1554 314 intime
1562 270 1738 329 fidelem

296 351 446 387 avum,
491 336 607 390 quod
646 335 815 374 honoris
845 345 965 371 causa
991 329 1043 370 ab
1069 329 1175 383 ipsis·
1196 328 1375 369 factum:
1405 327 1602 370 secundus
1626 324 1738 369 enim

297 407 322 431 a
349 392 536 446 praesule
560 391 839 429 Dervisiorum
867 393 983 425 erat·
1655 397 1663 402 ·

400 447 459 488 ⁸1³.
495 447 582 494 115,
617 443 678 484 15.
710 443 808 495 Cap.
835 454 903 481 22.
962 437 1061 483 ὅδὲ
1085 437 1340 494 προρρηθείς
1366 438 1499 492 μέγας
1521 431 1739 491 faulum]

297 501 546 542 Philibertus
575 499 627 539 de
658 497 824 537 Nailaco
852 495 1091 549 appellatus.
1681 523 1691 542 ·r

410 556 459 596 Ρ.
485 569 496 594 ι
513 554 573 604 ι6,
591 552 627 591 8.
658 551 907 604 ἐλευθέρους
924 546 1168 603 γράφεσθαι
1185 544 1302 601 παρὰ
1317 547 1395 587 τοῦ
1411 544 1531 600 ἁγίου
1548 543 1741 599 Πέτρου]

284 612 436 651 ‘Bosius
465 610 534 648 lib.
555 607 580 659 4
599 608 701 647 Hist.
723 606 814 645 ord.
839 605 958 644 milit.
981 603 1181 644 Hierosol.
1198 603 1340 644 scribit
1355 616 1462 642 anno
1487 603 1590 656 1599
1602 601 1744 655 Smyr-

300 681 395 706 nam
425 680 449 703 a
473 664 650 716 Temyre
678 667 974 714 expugnatam,
1009 661 1226 713 statimque
1263 672 1460 712 magnum
1502 656 1745 710 Magistrum

299 722 341 760 in
371 720 531 758 Cariam
558 731 652 756 cum
684 715 810 755 classe
839 716 1069 768 navigasse,
1112 713 1249 753 locum
1275 713 1358 753 illic
1388 714 1471 753 situ
1497 711 1744 759 tutissimum

298 777 406 815 inter
427 774 536 812 sinus
578 771 834 811 Ceramicum
870 778 911 809 et
951 770 1130 819 Iasium,
1180 768 1252 823 qui
1279 768 1401 808 hodie
1432 766 1556 818 Golsb
1581 765 1630 806 di
1652 764 1746 805 San

298 829 438 869 Pietro
479 826 732 881 appellatur,
775 825 845 864 ubi
875 823 1081 878 quondam
1109 829 1275 863 steterat
1306 821 1646 870 Halicarnassus„
1670 832 1747 860 oc-

299 883 531 936 cupavisse,
583 888 624 921 et
651 881 694 920 S.
724 880 835 920 Petri
877 887 1051 919 castrum
1092 878 1376 918 aedificavisse.
1404 877 1457 917 'de
1485 890 1568 931 quo
1594 874 1655 915 sic
1684 874 1748 918 lo-

301 938 444 993 quitur
471 938 633 987 Rosius,
671 935 706 975 il
727 936 850 989 quale
860 935 931 986 fic
951 934 1027 1004 poi
1046 933 1092 973 di
1116 947 1219 986 gran
1238 933 1375 985 gloria
1402 945 1424 971 e
1451 930 1693 986 rzjrutatione
1719 942 1750 969 a

299 992 421 1049 quest’
463 992 605 1032 ordine
621 1020 631 1039 ‚
675 1004 696 1029 e
735 990 784 1028 di
815 990 950 1042 grand
985 989 1078 1028 utile
1121 989 1211 1027 alla
1242 987 1524 1026 αινίειὶαὴὶιὰ.
1555 984 1750 1038 additque

300 1062 418 1088 canes
446 1048 488 1086 in
529 1060 576 1086 eo
605 1051 736 1085 castro
776 1045 948 1083 nutritos
975 1044 1122 1093 fuisse,
1151 1044 1221 1097 qui
1255 1041 1432 1081 interdiu
1473 1040 1629 1090 vincti,
1651 1052 1751 1087 >11⁰·-

301 1110 372 1143 ctu
399 1102 450 1140 ad
479 1101 598 1141 castri
628 1099 858 1139 custodiam
886 1098 1202 1148 emittebantur3
1233 1110 1414 1151 quorum
1442 1095 1544 1145 adeo
1573 1093 1750 1148 exquisi-

300 1165 345 1197 ta
375 1164 463 1196 erat
484 1155 695 1210 sagacitas,
720 1162 766 1193 ut
780 1154 1028 1194 Christianos
1051 1167 1074 1192 a
1105 1153 1252 1192 Turcis
1273 1152 1425 1193 olfactu
1452 1150 1749 1205 dignoscerent,

301 1212 376 1252 hos
391 1211 650 1259 dilaniarent,
680 1208 771 1249 illos
793 1208 844 1248 ad
877 1209 994 1248 castri
1011 1214 1176 1262 portam
1195 1206 1328 1247 salvos
1347 1205 1604 1246 deducerent.
1646 1203 1752 1244 libro

303 1281 468 1321 quoque
483 1266 507 1306 5
530 1265 639 1305 idem
656 1265 794 1304 Bosius
812 1265 862 1304 de
881 1265 957 1303 isto
983 1269 1119 1304 castro
1137 1262 1309 1302 disserit.
1321 1260 1550 1301 notandum
1562 1271 1658 1314 ergo
1667 1258 1754 1298 dis-

303 1324 455 1361 crimen
488 1320 598 1374 quod
627 1321 740 1358 inter
763 1321 921 1358 Ducam
947 1325 987 1358 et
1015 1323 1279 1358 monumenta
1305 1330 1329 1356 a
1349 1314 1466 1356 Bosio
1483 1316 1524 1355 in
1541 1313 1754 1354 historiam

303 1391 419 1416 suam
446 1375 572 1415 relata
600 1373 825 1425 intercedit,
857 1387 1035 1428 quorum
1061 1380 1246 1426 tempora
1276 1372 1419 1422 annis,
1449 1377 1496 1410 ut
1522 1370 1678 1420 minus,
1705 1381 1750 1423 ν]

307 1446 331 1471 a
354 1445 397 1471 se
425 1431 603 1469 invicem
630 1429 795 1468 distant.
825 1429 857 1468 si
891 1442 994 1480 quae
1020 1428 1156 1466 Ducas
1183 1426 1339 1480 scripsit
1369 1439 1466 1465 vera
1491 1431 1587 1476 sunt
1613 1430 1654 1464 et
1681 1436 1755 1463 an-

305 1499 361 1525 no
395 1485 499 1534 1416
527 1483 594 1524 vel
629 1482 728 1537 14¹7
760 1482 1023 1533 acciderunt,
1062 1495 1146 1521 non
1177 1484 1314 1534 potuit
1341 1493 1511 1534 magnus
1538 1481 1779 1532 magister,‚

306 1540 377 1594 qui
412 1547 511 1579 tunc
551 1538 732 1578 Concilio
776 1538 1032 1577 Constantiae
1076 1538 1297 1585 intererat,
1340 1537 1556 1588 Smyrnam
1583 1532 1753 1584 venire,

181 1601 217 1635 P.
231 1599 296 1646 243
310 1601 492 1635 castrum
519 1594 712 1642 reficere,
742 1599 782 1631 et
809 1605 902 1632 cum
932 1591 1161 1630 Mehemete
1195 1589 1394 1643 colloqui:
1427 1594 1592 1642 oportet
1618 1589 1756 1642 itaque

311 1651 488 1702 legatum
508 1647 646 1702 magni
672 1647 850 1700 magistri
880 1646 1059 1699 aliquem
1075 1674 1087 1693 ,
1116 1645 1188 1699 qui
1213 1644 1327 1685 classi
1354 1650 1582 1698 praeesset,
1614 1656 1637 1682 a
1665 1642 1758 1682 Du·-

313 1719 359 1744 ca
397 1718 590 1757 magnum
626 1709 863 1754 magistrum
897 1700 1108 1755 appellari.
1150 1713 1274 1753 porro
1314 1698 1547 1738 verosimile
1586 1711 1669 1737 non
1698 1700 1760 1737 est
1816 1694 1820 1698 ”

311 1759 510 1799 ΒὶιοάἰοεΥ
537 1760 633 1796 istos
675 1770 781 1795 anno
816 1757 926 1809 ipso,
966 1769 1047 1808 quo
1075 1755 1248 1808 Smyrna
1277 1768 1300 1793 a
1327 1753 1501 1807 Temyre
1528 1766 1576 1792 ca
1605 1758 1646 1791 ta
1668 1758 1756 1799 est,

312 1821 492 1853 castrum
509 1813 635 1851 sancti
648 1811 760 1851 Petri
781 1812 823 1850 in
842 1810 959 1850 Caria
984 1809 1241 1850 aedificasse:
1273 1815 1381 1848 totus
1411 1808 1520 1848 enim
1550 1807 1618 1846 ile
1643 1806 1760 1846 Asiae

311 1875 464 1908 tractus
492 1882 516 1906 a
537 1867 783 1921 Temyriano
810 1866 985 1904 exercitu
1017 1871 1235 1918 occupatus
1263 1871 1363 1904 erat.
1396 1869 1608 1917 praeterea
1623 1861 1760 1915 Smyr·

312 1937 390 1963 nae
417 1925 516 1962 situs
541 1928 791 1975 opportunus
820 1922 947 1974 magis
975 1925 1036 1958 est
1063 1921 1104 1958 iu
1131 1919 1267 1959 medio
1294 1919 1376 1958 fere
1405 1916 1624 1957 intervallo
1638 1915 1760 1956 Ponti

311 1978 459 2018 Euxini
487 1984 526 2016 et
566 1977 689 2015 maris
718 1975 962 2028 Carpathii,
1005 1988 1100 2013 cum
1129 1974 1169 2013 S.
1199 1974 1310 2013 Petri
1338 1980 1514 2012 castrum
1538 1973 1579 2011 in
1611 1970 1728 2010 Caria
1746 1999 1762 2022 ,

313 2033 436 2072 Asiae
464 2033 634 2071 minoris
660 2031 809 2084 angulo
834 2029 1011 2069 locatum
1031 2030 1097 2068 sit.
1125 2028 1204 2068 hac
1231 2028 1281 2068 de
1310 2042 1428 2067 causa
1456 2028 1571 2080 prius
1587 2032 1763 2066 tentasse

313 2087 494 2127 Rhodios
536 2087 752 2140 Smyrnam
782 2087 930 2124 iterum
966 2097 1164 2136 occupare
1193 2097 1316 2137 quam
1342 2083 1439 2121 alias
1466 2081 1581 2121 sedes
1603 2081 1763 2135 quaesi-

314 2144 431 2181 visse.
471 2149 510 2180 et
542 2142 682 2194 procul
721 2140 848 2180 dubio
879 2140 1095 2192 Smyrnam
1131 2138 1289 2177 facilius
1331 2137 1546 2189 confugere
1573 2141 1765 2189 poterant

317 2197 561 2246 Christiani,
600 2203 640 2235 et
687 2195 729 2234 in
758 2194 986 2234 libertatem
1022 2208 1065 2232 se
1106 2193 1339 2242 vindicare3
1379 2191 1487 2244 quod
1520 2191 1568 2230 iis
1596 2189 1764 2243 quidem

316 2252 417 2290 utile
445 2258 558 2301 erat,
592 2257 714 2302 atque
744 2250 867 2289 etiam
894 2249 953 2288 illi
974 2248 1229 2287 Rhodiorum
1256 2247 1442 2301 equitum
1468 2246 1663 2295 societati,
1692 2244 1765 2298 qui

319 2321 364 2344 ex
390 2306 457 2345 illa
502 2305 823 2359 confugientium
862 2303 1123 2343 multitudine
1161 2303 1290 2342 socios
1327 2299 1489 2340 navales
1516 2299 1766 2352 volonesque

318 2363 488 2414 remiges
516 2362 646 2413 legere
670 2366 878 2413 poterant,
924 2366 966 2399 et
992 2358 1042 2397 ad
1069 2356 1231 2398 navales
1260 2355 1531 2410 expeditiones
1560 2356 1765 2394 excursio-

318 2430 470 2468 nesque
500 2429 642 2454 eorum
670 2429 791 2468 opera
821 2417 896 2453 uti.
1253 2458 1255 2461 ¹

434 2471 486 2510 P.
522 2470 610 2519 116,
645 2483 706 2512 11.
774 2466 796 2507 ὅ
827 2468 873 2508 δὲ
900 2465 1118 2521 ΙΠεχεμέτ]
1188 2467 1300 2507 Haec
1334 2472 1392 2506 est
1421 2462 1619 2519 expeditio
1652 2463 1768 2502 cuius

322 2525 505 2564 meminit
533 2524 699 2564 Leuncl.
733 2525 761 2563 l.
795 2538 857 2563 12.

432 2580 484 2620 P.
518 2592 608 2631 117,
641 2578 679 2620 5.
735 2575 1024 2631 Μουσταφᾶς]
1086 2577 1162 2617 Hic
1190 2584 1250 2617 est
1283 2574 1543 2628 Mustaphas,
1575 2571 1625 2611 de
1652 2570 1768 2610 cuius

322 2634 524 2674 natalibus
559 2634 888 2672 controvertitur.
932 2633 1113 2673 historici
1148 2631 1423 2681 Musulmani,
1462 2641 1563 2682 quos
1587 2627 1768 2679 sequitur

325 2689 620 2734 Leunclavius‚
665 2689 967 2740 supposititium
1002 2702 1087 2727 esse
1119 2686 1399 2736 contendunt,
1431 2697 1522 2722 eum
1554 2690 1767 2735 propterea

327 2745 477 2783 Dusme
518 2744 655 2795 lingua
683 2743 863 2782 Turcica
899 2743 1122 2796 appellant.
1193 2741 1394 2780 Phranzes
1431 2738 1504 2782 lib.
1545 2751 1578 2776 1.
1611 2750 1698 2790 cap.
1716 2736 1766 2774 52
