1916 3210
327 142 444 211 464
805 160 987 203 ouen:
1005 147 1006 150 ’
1027 160 1284 203 ffls'ronm

326 261 517 301 incontra
547 257 661 301 molti
689 259 838 314 signori
866 265 907 299 ct
938 258 1100 308 baroni,
1128 258 1158 299 li
1182 259 1293 314 quali
1325 272 1403 300 con
1434 259 1591 315 grande
1617 261 1763 303 trium-2

324 317 397 371 phi
426 317 453 356 li
482 329 702 355 menan-ono
727 318 770 355 in
799 313 1069 368 Andrinopoli
1098 316 1165 356 nel
1190 316 1329 370 palazo
1357 315 1522 368 ducale,
1549 330 1628 358 ove
1653 318 1762 362 form

325 385 380 411 no
402 371 509 411 facte
533 369 570 409 18
598 383 697 409 noze
723 369 901 423 gloriose
939 375 980 408 et
1006 382 1173 423 magne,
1215 370 1294 411 alle
1326 370 1446 424 quale
1473 371 1761 413 foronoinvi..

323 427 400 466 tati
429 427 525 465 tutti
555 425 585 465 li
613 424 764 464 subditi
789 424 822 464 si
850 422 939 463 nori
975 430 1016 463 et
1041 425 1176 465 zentili
1215 425 1370 466 homini
1399 425 1482 465 cosi
1507 426 1762 468 Turehi‘co-

322 492 388 521 me
416 479 662 526 Christiani,
693 479 720 518 li
750 438 861 532 quzffi
887 479 1071 518 vennero‘
1105 481 1308 532 portando
1334 479 1450 520 molti
1475 487 1517 521 et
1542 480 1645 522 richi
1667 495 1763 536 pre-

319 537 438 577 senti.
494 536 707 574 Durarono
735 532 775 572 18
803 547 905 572 noze
931 533 999 573 dal
1027 546 1134 574 meze
1158 534 1208 574 de
1228 534 1481 589 septembrio
1509 537 1590 577 fine
1617 543 1658 576 et
1682 541 1763 591 'per

321 597 431 630 tutto
470 587 729 629 Deccmbrio.
796 588 980 641 Compite
1020 594 1126 628 tutte
1163 589 1201 629 le
1228 590 1329 630 feste
1359 589 1537 644 nuptiale
1555 620 1568 642 ‚
1599 591 1762 643 Mon-at,

321 645 359 685 81
388 646 507 700 quale
534 658 603 683 era
632 643 759 682 molto
786 643 981 682 munifico
1024 650 1063 683 et
1091 643 1256 684 liberale
1275 675 1288 695 ,
1317 645 1510 685 remando
1538 645 1567 685 li
1595 659 1764 700 compa-

239 709 307 742 225
320 701 388 753 gni
407 729 419 751 ‚
451 699 526 738 che
552 711 679 738 erano
704 699 847 737 venuti
889 711 966 737 con
997 697 1036 736 la
1065 698 1232 748 novin,
1263 699 1327 739 ala
1353 714 1424 739 sua
1453 701 1584 753 patria
1614 714 1761 741 cumu-

317 755 390 794 lati
420 754 462 794 di
500 751 664 807 pretiosi
714 752 825 792 doni.
897 753 949 792 El
977 765 1049 792 suo
1077 752 1227 807 figliolo
1269 754 1525 796 Mechemeth
1553 762 1593 796 et
1619 755 1762 797 la'·sua

317 823 449 849 nuora
480 807 629 848 mando
658 808 700 847 in
721 807 819 846 Asia
846 809 1005 847 minore
1032 807 1082 847 ad
1111 822 1246 849 resere
1273 807 1310 848 el
1338 809 1486 849 ducato
1513 810 1566 850 de
1591 812 1759 864 Magne-

314 865 371 903 sia
402 871 443 903 et
469 863 520 903 de
553 862 684 904 Lidia.
715 876 888 902 zonzeno
918 863 958 902 in
989 863 1194 916 Magnesia
1236 862 1340 903 cirea
1369 877 1479 903 mezo
1506 863 1543 904 81
1571 874 1688 905 meze·
1707 866 1760 906 de

313 919 484 959 Zenero.
526 917 579 957 ali
605 919 750 972 zinque
797 917 847 956 de
879 917 1059 957 Febraro
1084 917 1200 957 arivb
1228 918 1414 958 coredori
1444 917 1681 960 velocissimi
1707 920 1762 961 da

313 971 587 1026 Andrinopoli
618 986 697 1012 con
726 972 872 1011 lettere
901 971 980 1011 ben
1008 972 1159 1012 bonate
1185 972 1238 1013 ad
1259 973 1543 1024 Mechemeth3
1567 973 1615 1014 «18
1639 974 1760 1029 qnale

312 1035 451 1081 aperte
498 1035 537 1067 et
573 1027 672 1067 lette
692 1057 705 1078 ‚
746 1026 957 1078 cognobbe
1001 1026 1041 1067 la
1082 1034 1211 1067 morte
1255 1027 1306 1067 de
1346 1042 1418 1067 suo
1453 1035 1570 1081 pati-e
1605 1030 1759 1071 Morat-

310 1084 522 1123 scriveano
536 1082 564 1122 li
581 1081 746 1122 visiride
777 1082 852 1121 che
880 1081 1043 1121 subbito
1070 1088 1272 1122 montasse
1298 1096 1321 1122 a
1349 1082 1516 1133 cavallo,
1534 1084 1760 1138 sepodesse

312 1152 408 1178 aver
436 1137 473 1177 el
500 1136 657 1177 cavallo
684 1136 862 1190 Pegaseo
892 1136 1043 1190 aligero
1060 1166 1073 1186 ‚
1105 1137 1181 1177 che
1212 1136 1358 1178 volava
1387 1152 1460 1192 per
1489 1139 1596 1178 aiere
1613 1169 1627 1191 ‚
1655 1153 1758 1193 per-
1781 1177 1783 1179 .

311 1193 388 1232 che
417 1192 501 1232 cosi
540 1192 802 1245 besognava‚
844 1193 979 1231 avanti
1021 1191 1096 1230 che
1124 1191 1162 1231 la
1204 1199 1338 1232 morte
1366 1191 1418 1232 de
1445 1205 1520 1232 suo
1552 1199 1671 1247 patre
1699 1194 1759 1235 sia

311 1247 568 1287 manifestata
585 1276 597 1298 ‚
637 1246 706 1285 azb
739 1259 817 1299 per
855 1245 895 1285 la
924 1260 998 1285 sua
1028 1246 1206 1286 absentia
1227 1247 1401 1301 qualche
1428 1247 1644 1290 ribellione
1671 1263 1759 1291 non

310 1303 538 1342 suscitasse.
597 1300 856 1341 Meehemeth
887 1300 1138 1340 velocissimo
1166 1301 1218 1340 dc
1246 1304 1338 1341 tutti
1367 1301 1394 1341 li
1423 1302 1631 1357 principi,
1660 1304 1760 1344 sub-

310 1356 399 1396 bito
429 1358 557 1396 intesa
585 1356 625 1395 la
657 1369 766 1395 nova
785 1356 926 1394 monto
964 1355 1004 1394 in
1033 1369 1088 1395 un
1118 1355 1277 1395 cavallo
1308 1356 1448 1396 Arabo
1474 1357 1755 1408 velocissimo,

311 1419 354 1451 et
380 1411 620 1452 voltandose
646 1426 669 1450 a
697 1417 817 1451 torno
846 1410 974 1450 disse:
1005 1411 1102 1449 tutti
1132 1410 1207 1449 che
1237 1425 1302 1451 me
1331 1425 1505 1460 amano,
1538 1427 1601 1452 me
1619 1413 1757 1468 sequi-

311 1473 423 1508 teno.
459 1473 500 1506 et
529 1466 701 1505 dicendo
728 1463 766 1504 le
805 1463 949 1518 parole
968 1495 979 1513 ‚
1020 1465 1236 1504 cavalcava
1264 1479 1342 1505 con
1374 1467 1524 1520 grande
1560 1467 1757 1508 velocita-

310 1521 362 1560 de
408 1535 484 1560 con
512 1520 688 1560 zanizari
729 1521 869 1560 avanti
908 1525 950 1559 et
984 1519 1137 1573 grande
1176 1534 1347 1560 numero
1389 1521 1439 1561 de
1478 1522 1666 1562 cavalieri
1705 1523 1758 1563 de

310 1575 458 1616 drieto.
506 1575 547 1614 in
588 1575 659 1614 doi
698 1576 810 1614 zorni
835 1588 956 1614 zonse
997 1590 1020 1613 a
1057 1573 1256 1627 Galipoli‚
1304 1582 1343 1614 et
1373 1577 1594 1629 spectando
1620 1577 1652 1616 li
1684 1577 1758 1618 doi

313 1631 408 1670 altri
457 1629 569 1670 zon-ni
606 1631 646 1670 la
671 1643 744 1669 sua
771 1636 908 1679 zente,
950 1629 1104 1682 scripse
1130 1629 1185 1668 ali
1214 1629 1378 1669 visit-ide
1406 1632 1448 1669 in
1479 1631 1758 1686 Andrinopuli

233 1686 389 1730 226che
427 1686 486 1725 lui
522 1685 653 1725 havea
688 1690 852 1738 passato
897 1685 932 1723 81
964 1683 1103 1723 canale
1146 1690 1186 1723 et
1220 1691 1371 1724 venuto
1416 1687 1458 1724 in
1498 1686 1756 1727 Chieroniso.

312 1740 494 1781 Essendo
525 1747 644 1780 zonto
673 1741 739 1779 nel
770 1753 916 1791 campo
956 1738 1008 1779 de
1037 1738 1346 1792 Andrinopoli„
1366 1738 1397 1778 li
1423 1739 1616 1790 visiride,
1643 1741 1672 1781 li
1701 1742 1759 1781 si-

313 1795 433 1850 gnori
462 1802 503 1835 et
532 1794 574 1834 la
605 1801 721 1834 corte
747 1792 813 1833 del
838 1793 973 1833 ducha
1002 1797 1138 1833 morto
1162 1793 1190 1832 li
1209 1807 1321 1834 corse
1345 1793 1550 1843 incontra,
1581 1802 1623 1836 et
1653 1802 1759 1836 tutta

313 1851 353 1890 la
383 1850 465 1889 citii
493 1855 535 1889 et
566 1848 704 1890 tutto’l
729 1847 885 1902 popolo
914 1847 964 1886 de
992 1847 1274 1901 Andrinopoli.
1303 1849 1358 1888 Et
1386 1851 1483 1889 tutti
1512 1850 1756 1891 desmontati

313 1905 364 1945 da
393 1904 550 1944 cavallo
583 1903 848 1944 caminavano
871 1917 893 1942 a
920 1902 988 1956 pie
1016 1917 1137 1943 verso
1165 1902 1203 1942 81
1231 1903 1376 1945 ducha.
1431 1904 1487 1944 Et
1513 1906 1759 1945 cavalcando

314 1960 351 2000 81
384 1960 486 1999 duca
527 1973 603 1999 con
641 1961 737 1998 tutti
780 1957 904 2012 quelli
953 1958 1026 1997 che
1052 1973 1131 1997 con
1177 1958 1232 1997 lui
1259 1973 1382 1998 erano
1409 1961 1572 2009 venuti,
1605 1962 1702 2000 tutti
1729 1961 1758 2000 li

314 2014 409 2054 altri
438 2030 460 2053 a
485 2014 553 2067 pie
591 2027 710 2054 verso
745 2012 1022 2066 Andrinopoli
1039 2043 1052 2064 ‚
1090 2027 1169 2052 con
1197 2020 1327 2052 mutto
1367 2012 1526 2054 silentio
1554 2016 1594 2054 in
1621 2015 1659 2054 le
1685 2029 1759 2059 sue

314 2070 445 2109 lubre.
478 2077 517 2108 et
544 2069 750 2109 habiando
780 2071 982 2108 caminato
1012 2082 1125 2107 mezo
1157 2066 1318 2121 miglio‚
1348 2069 1444 2107 tutti
1472 2070 1758 2110 cominzamno

315 2139 400 2164 uno
430 2124 586 2178 grande
614 2125 757 2177 pianto
786 2137 865 2163 con
895 2124 1075 2162 lacrime.
1135 2122 1293 2162 Alhora
1318 2129 1358 2162 et
1387 2137 1476 2162 esso
1503 2124 1637 2163 ducha
1665 2124 1758 2164 des-

315 2179 463 2218 montb
494 2179 547 2218 da
577 2178 732 2218 cavallo
760 2193 836 2217 con
864 2178 959 2217 tutti
990 2178 1019 2216 li
1048 2177 1108 2216 soi
1134 2177 1314 2226 subditi,
1345 2184 1386 2217 et
1413 2178 1488 2216 essi
1518 2178 1759 2218 similmente

316 2235 604 2274 cominzarono
629 2247 653 2272 a
678 2234 878 2286 pianzere3
906 2232 1114 2285 impiendo
1143 2231 1263 2271 l'aere
1290 2231 1341 2271 de
1368 2231 1468 2271 cridi
1489 2239 1530 2272 et
1558 2233 1609 2272 de
1639 2233 1757 2286 pian-

317 2289 374 2339 ti,
404 2288 700 2341 pei-cotendose
727 2293 985 2341 grave-mente
1013 2286 1049 2326 el
1078 2285 1193 2326 volto
1227 2294 1267 2327 et
1298 2286 1326 2325 li
1351 2286 1471 2339 pecti.
1503 2287 1757 2327 Mesciando-
1798 2313 1802 2316 -

318 2358 360 2382 se
387 2343 453 2396 poi
482 2342 520 2382 la
549 2350 664 2382 corte
694 2342 759 2381 del
790 2342 920 2381 ducha
952 2348 1084 2381 morto
1112 2341 1250 2381 conia
1280 2341 1518 2394 compagnia
1533 2341 1598 2381 del
1624 2343 1757 2396 figlin-

319 2397 382 2446 lo,
430 2397 537 2437 l'una
566 2405 605 2437 et
630 2397 759 2436 l’altra
787 2397 1016 2437 adorarono
1056 2397 1092 2436 81
1121 2411 1231 2436 novo
1262 2397 1446 2450 principe
1473 2396 1757 2448 Mechemeth,

237 2469 303 2505 ²²7
319 2452 514 2491 basiando
543 2452 583 2491 la
607 2466 680 2491 sua
709 2466 846 2495 mano.
903 2453 958 2491 Et
987 2451 1156 2490 montati
1179 2467 1201 2489 a
1233 2450 1388 2491 cavallo
1409 2452 1622 2490 inti-amno
1648 2452 1692 2490 in
1717 2451 1757 2491 la

318 2508 419 2556 citez,
445 2521 467 2545 a
511 2507 820 2559 compagnando
871 2506 1126 2546 Mechemeth
1170 2506 1248 2546 fine
1278 2505 1314 2544 ul
1349 2506 1505 2558 palazo.
1561 2505 1755 2559 Compito

320 2561 357 2601 el
386 2562 527 2614 pianto
567 2562 745 2601 secundo
774 2561 813 2601 la
846 2560 907 2601 lor
952 2560 1270 2612 consuetudine,
1300 2561 1336 2600 el
1365 2573 1512 2600 zovene
1539 2561 1678 2612 signor
1710 2561 1755 2599 fo

319 2622 438 2670 posto
468 2616 508 2655 in
534 2615 572 2654 la
599 2615 709 2654 sedia
741 2623 910 2669 paterna
938 2623 979 2655 et
1009 2617 1276 2668 pronuntiato
1304 2615 1450 2654 ducha.
1508 2614 1612 2654 Galil
1640 2615 1756 2655 Basia

321 2678 362 2710 et
403 2670 539 2710 Isahac
577 2669 721 2720 Baxia,
763 2671 926 2710 visit-ide
967 2669 1017 2709 de
1054 2684 1128 2709 suo
1163 2676 1301 2723 patre,
1338 2676 1504 2709 stavano
1550 2669 1602 2708 da
1630 2669 1752 2708 lonzi.

320 2724 483 2768 Siachin
529 2724 717 2766 eunucho
765 2732 805 2766 et
834 2724 1015 2766 Ibrahim
1053 2725 1115 2766 soi
1142 2724 1296 2766 visiridi
1335 2738 1462 2766 erano
1490 2724 1686 2766 accostati
1716 2725 1756 2766 al
