1916 3210
479 158 691 204 rrAchE
733 159 1066 204 immam
1102 158 1354 204 mcmz'm.
1523 139 1635 216 477

201 261 387 310 (11081011
412 273 488 302 era
510 258 751 310 sufficiente,
775 259 848 300 doi
874 266 914 301 et
940 259 1003 301 tre
1032 258 1144 301 volte
1168 258 1213 300 so
1242 259 1352 300 visto
1379 256 1456 299 che
1480 257 1640 300 buttata

200 315 242 358 18
268 323 389 372 petr-n
428 315 468 363 le
510 314 735 356 bombat-de
775 329 818 355 se
848 329 1116 369 rompevano.
1171 313 1225 355 El
1249 314 1417 355 maistro
1444 315 1643 369 prudente

199 372 323 413 trovb
349 370 522 426 meglior
547 370 755 420 remedio,
786 370 861 410 che
887 369 1099 411 scarchata
1125 370 1165 411 18
1190 369 1417 411 bombarda
1434 398 1447 419 ‚
1478 371 1644 411 subhito

199 428 241 468 18
270 427 456 481 bagnava
487 441 567 467 eon
596 425 688 466 oleo
722 424 868 478 caldo,
910 434 951 466 et
978 425 1120 467 005118
1145 425 1324 480 frigidith
1353 424 1420 465 del
1446 431 1572 467 vento
1602 434 1645 468 et

199 482 376 529 del’aere
404 481 549 523 veniva
577 494 601 520 8
630 487 878 534 temperarse
900 481 1006 521 dalla
1035 481 1196 522 calidita
1223 480 1382 522 del'olio
1410 481 1569 523 bonito.
1602 483 1644 522 in

188 566 190 569 -
230 544 347 579 nesto
373 537 498 578 modo
534 537 576 578 le
602 535 827 576 bombarde
866 543 1092 590 portat-ono
1117 536 1158 576 la
1185 536 1308 592 fatiga
1335 536 1468 577 finche
1495 536 1536 577 la
1564 537 1645 578 cita

196 547 243 634 a,
270 606 403 646 presa.
471 594 517 633 In
563 598 707 647 questo
736 598 875 646 tempo
914 591 1013 632 ch'el
1043 591 1178 632 ducha
1208 591 1464 633 Mechemeth
1492 597 1726 640 castra-274

196 654 361 688 metava
400 647 785 701 Constantinopoli,
830 661 872 688 se
898 648 1020 688 trovo
1062 647 1129 688 nel
1154 661 1229 688 suo
1259 661 1407 701 campo
1434 662 1516 688 uno
1544 663 1646 690 mes-

196 703 308 757 uagio
333 702 387 744 de
416 703 580 743 vlunello
616 702 790 742 vaivoda
833 710 873 743 et
898 699 1178 743 conmissario'
1200 703 1251 743 de
1277 703 1321 744 re
1352 703 1404 744 de
1431 702 1653 759 Ungaria,

186 758 391 800 mandato
426 758 477 798 da
507 757 658 799 lancho
705 758 755 797 ad
789 764 986 799 retractar
1025 757 1064 798 la
1092 772 1222 812 pace,
1256 759 1292 798 la
1327 758 1449 812 quale
1474 773 1552 799 con
1579 774 1646 799 sa-

195 815 389 855 cramenti
419 813 606 854 sollemni
634 813 763 853 havea
788 814 892 853 sacta
922 813 984 854 col
1013 813 1147 853 ducha
1166 813 1422 854 Mechemeth
1446 827 1521 867 per
1549 817 1645 855 anni

195 870 290 920 tre3
320 869 364 909 di
392 870 503 924 quali
525 884 609 909 uno
638 877 678 908 et
705 883 820 909 mezo
841 883 912 909 era
938 874 1111 922 passato.
1169 869 1225 909 Et
1253 876 1396 924 questo
1425 870 1574 922 perche
1600 872 1644 915 lo

195 924 438 979 imperador
470 924 522 965 de
546 925 732 975 Romani,
761 923 798 963 el
820 925 946 978 ,quale
966 926 1006 963 in
1038 922 1133 978 quel
1162 938 1270 964 anno
1298 925 1339 965 fo
1369 933 1564 965 coronato
1592 927 1646 967 da

195 991 306 1034 papa
333 979 475 1020 Nicolh
504 981 675 1034 quinte,
704 979 744 1019 10
774 979 900 1020 havea
930 979 1177 1019 descacciato
1206 979 1314 1020 dalla
1341 981 1643 1032 commissaria,

194 1042 238 1076 et
267 1035 364 1076 dato
407 1033 447 1075 la
486 1049 583 1075 cura
608 1033 675 1075 del
712 1048 847 1075 reame
875 1049 899 1075 a
937 1035 982 1074 ι’ὶ·
1010 1034 1252 1083 Ladislavo,
1283 1034 1318 1075 el
1348 1033 1470 1090 quale
1498 1051 1567 1077 era
1596 1038 1645 1077 zia

194 1097 419 1144 pei-venato
447 1090 512 1130 ala
542 1091 607 1131 eta
636 1091 812 1144 legitima
848 1089 899 1129 de
925 1102 1130 1143 governor
1159 1089 1195 1129 el
1222 1103 1298 1130 suo
1326 1104 1465 1144 regn0.
1522 1092 1645 1132 Onde

193 1145 234 1185 el
261 1146 437 1186 vaivoda
467 1145 614 1186 mando
644 1144 681 1186 el
701 1145 813 1185 dicto
840 1158 914 1184 suo
932 1146 1127 1199 messagio
1150 1144 1188 1184 al
1214 1144 1347 1185 ducha
1367 1145 1656 1198 Mechemeth,

194 1199 396 1242 facendoli
427 1215 451 1240 8
483 1215 646 1255 sapere,
696 1201 737 1240 in
766 1206 910 1254 questo
934 1199 1058 1239 modo
1090 1199 1286 1240 dicendo:
1317 1201 1357 1240 io
1384 1200 1440 1241 ho
1469 1203 1644 1243 renduto

195 1256 235 1297 01
264 1268 392 1311 regno
427 1256 466 1297 al
504 1260 588 1296 mio
617 1258 804 1311 signore,
843 1262 883 1294 et
914 1254 966 1295 da
1004 1254 1074 1295 mb
1107 1256 1149 1295 in
1192 1255 1329 1295 avanti
1357 1257 1440 1295 non
1468 1271 1543 1298 son
1569 1273 1645 1312 per

194 1318 452 1352 mantenerte
487 1311 623 1366 quello
667 1311 771 1351 ch’io
799 1317 841 1350 te
863 1310 921 1350 ho
968 1309 1252 1364 impromesso.
1310 1310 1420 1350 Tolli
1451 1312 1644 1367 adunque

194 1367 237 1408 10
259 1373 333 1408 tue
359 1367 584 1422 scripture,
624 1366 700 1407 che
737 1373 784 1406 tu
812 1379 879 1405 me
911 1364 980 1405 hai
1022 1366 1144 1416 dato,
1173 1372 1215 1406 et
1242 1365 1371 1406 anche
1399 1365 1438 1406 le
1469 1368 1574 1419 mie3
1602 1375 1644 1409 et

193 1423 235 1463 fa
262 1437 380 1462 come
401 1430 446 1462 tu
475 1422 557 1463 voli
586 1436 666 1462 con
693 1423 738 1462 re
762 1421 813 1461 de
840 1421 1040 1475 Ungaria.
1072 1422 1117 1460 In
1158 1428 1305 1476 questo
1335 1427 1474 1476 tempo
1505 1423 1544 1463 fo
1573 1438 1643 1464 re-
1718 1417 1728 1422 “

193 1477 327 1521 velata
354 1477 392 1518 la
423 1477 643 1532 prophetia
670 1477 722 1517 de
748 1491 832 1517 uno
862 1483 1003 1517 sancto
1042 1477 1266 1519 confessor.
1325 1477 1384 1516 La
1412 1484 1524 1517 terza
1551 1479 1642 1520 vol-

193 1540 237 1574 ta
263 1532 364 1573 eh'el
411 1533 586 1574 vaivoda
629 1533 680 1573 de
711 1533 897 1586 Ungaria
935 1532 978 1571 fo
1019 1538 1134 1572 rotto
1163 1532 1214 1572 da
1242 1532 1398 1572 Turehi
1417 1562 1429 1582 ,
1459 1547 1574 1574 come
1603 1536 1642 1575 el

192 1602 356 1630 sermon
385 1596 527 1629 nostro
556 1588 609 1629 118
639 1588 907 1636 demostrato,
935 1587 1112 1628 fuzendo
1144 1587 1263 1641 passo
1293 1587 1330 1627 el
1356 1589 1566 1638 Danubio,
1597 1597 1639 1631 et

191 1644 400 1686 tornando
427 1646 469 1685 in
500 1644 539 1684 18
564 1645 698 1698 patria
725 1658 802 1698 per
827 1650 1000 1684 ventura
1031 1643 1196 1684 scontrb
1227 1642 1262 1683 el
1282 1644 1533 1696 confessore,
1562 1645 1641 1686 ho-

190 1713 261 1740 mo
288 1699 432 1740 vechio
471 1699 523 1739 de
557 1707 691 1740 sancta
736 1701 843 1747 vita;
889 1698 955 1749 col
1001 1700 1121 1753 quale
1160 1698 1395 1739 razonando
1423 1714 1543 1740 come
1570 1715 1641 1742 era

190 1761 301 1796 stato
332 1761 446 1795 rotto
483 1762 524 1794 et
549 1755 684 1809 fugato
703 1784 715 1807 ,
755 1754 1032 1808 agrevandose
1081 1754 1219 1794 chela
1260 1754 1367 1794 bona
1395 1754 1563 1796 fortuna
1595 1771 1640 1797 se

192 1824 263 1851 era
293 1809 443 1864 partita
470 1809 538 1849 dai
556 1811 695 1858 Greci,
722 1816 762 1849 et
787 1810 862 1849 che
882 1810 953 1863 piu
977 1824 1060 1850 non
1093 1809 1122 1849 li
1150 1809 1304 1863 guarda
1331 1824 1407 1849 con
1437 1810 1519 1850 bon
1546 1813 1652 1851 vol-v

191 1871 267 1917 to,
295 1871 338 1906 et
364 1866 387 1905 e
426 1864 576 1905 andata
622 1864 692 1905 alli
720 1865 860 1919 impii,
901 1865 932 1904 li
959 1865 1069 1919 quali
1099 1865 1253 1918 guarda
1281 1879 1359 1904 con
1388 1867 1469 1905 riso
1499 1873 1541 1906 et
1567 1880 1639 1907 oc-

190 1921 286 1961 01110
314 1919 519 1972 iucundo,
562 1918 599 1962 el
627 1921 748 1960 beato
784 1920 974 1974 religioso
1002 1934 1165 1974 rcspnse
1207 1920 1409 1960 dicendo:
1440 1921 1578 1975 sappi,
1614 1929 1722 1975 ⁰²75

190 1975 371 2031 figliolo,
402 1976 477 2016 che
506 1990 549 2016 se
577 1975 616 2016 la
643 1976 918 2016 destructione
946 1990 1031 2015 non
1074 1975 1224 2015 venera
1252 1978 1427 2028 compita
1456 1976 1523 2016 alli
1554 1978 1641 2017 Ro..

190 2033 298 2083 mei,
326 2031 365 2072 la
392 2031 559 2071 fortuna
585 2045 666 2070 non
695 2030 837 2071 ridera
878 2031 945 2070 alli
976 2030 1222 2078 Christiani,
1252 2031 1404 2083 perche
1431 2030 1471 2070 la
1496 2032 1577 2071 cita
1599 2047 1644 2073 se

191 2087 246 2127 de
273 2087 427 2128 dessare
471 2086 524 2126 da
551 2086 705 2127 Turchi
722 2117 735 2137 ‚
781 2094 822 2126 et
849 2087 919 2140 poi
948 2085 987 2127 le
1015 2085 1119 2125 male
1151 2086 1314 2125 fortune
1344 2086 1395 2125 de
1423 2087 1642 2129 Christiani

189 2142 397 2183 havet-ano
424 2143 539 2185 fines
573 2141 758 2182 Essendo
790 2142 978 2196 adunque
1009 2155 1083 2194 per
1111 2141 1149 2181 le
1167 2141 1282 2181 botte
1309 2140 1414 2181 delle
1445 2142 1644 2184 bombar-

193 2197 245 2238 de
272 2205 413 2238 cazute
462 2197 533 2238 doi
560 2199 715 2238 cortine
754 2197 804 2237 de
832 2212 952 2237 muro
979 2204 1019 2237 et
1047 2196 1085 2236 la
1116 2205 1232 2236 torre
1260 2196 1312 2236 de
1344 2198 1387 2236 S.
1421 2198 1610 2239 Romano
1627 2230 1639 2249 ,

190 2254 318 2308 quelli
345 2254 396 2293 de
422 2253 511 2294 fora
534 2253 741 2294 vedevano
768 2252 893 2307 quelli
923 2253 1070 2293 dentro
1086 2281 1098 2303 ‚
1128 2259 1168 2292 et
1195 2251 1320 2306 quelli
1342 2252 1488 2293 dentro
1517 2255 1641 2295 vede-

189 2323 300 2350 vano
330 2309 455 2364 quelli
483 2309 533 2349 de
561 2308 661 2352 fora.
722 2309 865 2348 Ioanni
909 2309 1131 2349 Iustiniano
1173 2322 1248 2347 con
1281 2309 1376 2347 tutti
1406 2309 1532 2362 quelli
1562 2311 1640 2350 0110

189 2378 318 2406 erano
348 2373 452 2405 sotto
486 2364 535 2404 de
577 2364 663 2417 lui,
688 2365 1012 2404 valorosamente
1052 2363 1304 2414 combafivn,
1331 2370 1372 2404 et
1396 2363 1641 2406 similmente

191 2421 316 2476 quelli
357 2421 422 2460 del
459 2420 616 2474 palazo.
687 2421 751 2459 Da
789 2421 933 2459 Galata
971 2419 1124 2474 grande
1172 2433 1346 2459 numero
1392 2433 1557 2472 passava
1597 2422 1640 2462 in

191 2476 403 2516 adiutorio
434 2475 539 2515 della
569 2475 665 2515 cita.
695 2475 868 2514 Andava
894 2476 1022 2514 anche
1057 2473 1135 2514 allo
1163 2476 1336 2514 exercito
1363 2474 1461 2514 delli
1483 2477 1639 2517 inimici

190 2545 308 2572 senza
328 2545 458 2585 paura
482 2531 764 2584 palesemente,
796 2530 1032 2584 portandoli
1054 2531 1136 2569 olio
1175 2544 1247 2583 per
1278 2529 1317 2569 le
1344 2530 1571 2571 bombat-de
1599 2539 1640 2572 et

191 2586 294 2627 altre
331 2601 420 2627 cose
453 2587 529 2626 che
563 2586 653 2626 loro
690 2585 1019 2626 domandavano.
1091 2584 1179 2625 Alla
1209 2585 1306 2625 citt&
1336 2585 1495 2626 davano
1523 2589 1638 2628 aiuto

10 2671 15 2682 2
193 2649 347 2696 quanto
375 2642 589 2696 podevano
607 2671 619 2692 ,
652 2655 717 2681 ma
746 2648 1055 2683 secretamente.
1112 2642 1132 2680 I
1159 2639 1375 2680 Venetiani
1405 2655 1481 2681 con
1510 2657 1639 2697 gran-

4 2698 22 2747 ‘2³
192 2697 244 2736 de
267 2700 404 2737 animo
445 2706 483 2737 et
529 2697 689 2737 virtude
728 2698 1033 2736 combattivano
1074 2704 1213 2735 contra
1256 2697 1480 2745 iTurchi,
1513 2698 1639 2737 molte

191 2750 301 2794 volte
328 2753 547 2795 ussciendo.
565 2754 657 2794 fora
697 2751 803 2793 della
832 2753 913 2793 cita
929 2784 943 2805 ,
971 2753 1257 2794 conti-astando
1284 2767 1363 2794 con
1392 2753 1496 2795 loro.
1552 2755 1637 2811 De7
