1884 3216
260 142 374 203 306
476 179 482 183 ι
589 164 773 208 υυοΑΕ
807 161 1093 232 nucuAms
1133 161 1355 206 mons

259 267 351 307 mov
368 295 381 318 ,
412 265 649 320 ἐμφανίσας
676 261 807 311 αὐτὰς
837 261 895 318 τῷ
934 258 1149 318 αἱμοβόρῳ
1177 263 1333 320 θηρίῳ·
1362 259 1414 304 τὰ
1443 261 1493 304 δὲ
1518 259 1697 317 σώματα

259 327 398 387 γυμνοὶ
416 330 506 371 ἐκεῖ
516 330 589 370 καί
605 323 752 385 ἄταφα
775 328 1008 368 κατέλιπεν.
1023 324 1175 379 ὅμοίως
1191 327 1263 368 καί
1277 324 1403 376 ὅσους
1421 328 1504 369 ταῖν
1518 324 1699 382 effreni-72·

261 393 336 437 καί
356 394 640 451 ὄφφικιαλίων
663 394 739 436 τοῦ
759 391 961 434 παλατιόυ
991 392 1240 446 μεγιστᾶνας
1269 389 1516 448 ἐξηγόρασε,
1545 389 1700 442 πάντας

260 459 427 510 στείλας
468 458 539 502 τόν
566 456 882 512 σπεκουλάτορα
909 459 1158 512 κατέσφαξε.
1225 457 1298 507 τὰς
1326 459 1374 499 δὲ
1403 463 1603 513 γυναῖκας
1627 459 1702 501 καί

198 565 201 567 .
260 527 415 575 παῖδας
445 525 583 566 αὐτῶν
610 524 818 574 ἐξελέξατο
847 519 922 571 τὰς
958 517 1118 577 ὡραίας
1147 521 1278 578 κόρας
1303 522 1376 565 καί
1400 521 1543 578 εὐειδῆ
1573 517 1737 578 ἔρρε-5

261 606 311 633 να
328 623 340 644 ,
369 592 441 632 καί
465 591 683 644 παρέδωκε
711 589 770 644 τῷ
800 584 1093 645 ἇρχιευνούχῳ
1111 590 1187 630 τοῦ
1213 591 1434 644 τηρεῖσθαι
1459 588 1529 631 ὑπ’
1556 587 1703 633 αὐτοῦ.

225 657 337 714 στῆν
362 659 407 698 δὲ
438 654 588 709 λοιπὴν
615 652 908 708 αἰχμαλωσίαν
936 655 1176 709 παρέδωκεν
1215 651 1358 704 ἄλλοις
1385 657 1462 696 τοῦ
1487 653 1703 711 φροντίζε-

264 727 368 767 σθαι
395 719 468 762 ὑπ’
508 720 675 773 αὐτῶν,
721 715 844 774 ἄχρις
884 714 935 761 οὗ
974 720 1244 775 εἰσαχθῶσιν
1276 723 1335 771 εἰς
1362 721 1599 774 Βαβυλῶνα
1625 717 1702 774 τὴν

257 788 498 843 Ἀδριανοῦ.
576 784 648 827 καί
671 779 724 841 ἦν
751 785 854 827 ἰδεῖν
881 783 957 841 τῆν
999 782 1171 828 ἅπασαν
1197 785 1319 829 πόλιν
1345 787 1389 829 ἐν
1414 792 1506 836 ταῖς
1531 779 1721 843 σκηναῖς’

263 854 340 896 τοῦ
371 848 598 908 φοσσᾴτου,
629 849 705 906 τὴν
731 851 778 893 δὲ
793 850 914 893 πόλιν
944 848 1098 906 ἔρημον
1121 850 1273 908 νεκρὰν
1297 853 1502 907 κειμένην,
1521 849 1698 907 γυμνήν,
1718 867 1766 895 ιο

266 914 458 975 ἄφωνον,
485 914 544 971 μὴ
575 915 756 970 ἔχουσαν
785 913 894 967 εἶδος
925 918 1026 959 ου’δὲ
1057 917 1217 966 κάλλος.

222 1003 254 1036 1)
374 984 446 1038 41.
494 976 546 1024 Ὦ
574 979 716 1034 πόλις,
742 979 884 1034 πόλις,
921 981 1081 1024 πόλεων
1108 984 1255 1024 πασῶν
1282 982 1467 1039 κεφαλήέ
1493 977 1530 1025 αἶ
1556 978 1702 1036 πόλις,

132 1060 173 1095 V.
190 1059 254 1096 138
266 1049 408 1103 πόλις,
450 1050 618 1102 κέντρον
657 1050 740 1089 τῶν
769 1047 985 1102 τεσσάρων
1013 1046 1090 1090 τοῦ
1119 1047 1278 1100 κόσμου
1306 1049 1471 1103 μερῶνέ
1497 1043 1533 1090 ω’
1559 1047 1700 1101 πόλις,

264 1116 406 1168 πόλις,
436 1114 708 1170 Χριστιανῶν
748 1111 947 1168 καύχημα
990 1111 1065 1154 καὶ
1104 1113 1335 1169 βαρβάρων
1379 1109 1640 1171 ἆφανισμόςέ
1669 1107 1705 1155 αἶ

264 1177 409 1233 πόλις,
451 1177 591 1231 πόλις,
633 1174 739 1234 ἄλλη
779 1176 1035 1233 παράδεισος
1074 1181 1336 1234 φυτευθεῖσα
1372 1178 1479 1235 πρὸς
1519 1177 1769 1232 δυσμάς,ι5

264 1243 423 1300 ἔχουσα
448 1242 566 1286 ἔνδον
591 1241 705 1299 φυτὰ
735 1236 915 1285 παντοῖα
936 1242 1135 1298 βρίθοντα
1161 1242 1348 1298 καρπούς
1379 1241 1704 1297 πνευματικούςέ

265 1312 349 1352 ποῦ’
376 1325 453 1352 σου
482 1308 529 1351 τό
559 1307 722 1361 κάλλος,
750 1306 1003 1363 παράδεισε,·
1032 1311 1116 1349 ποῦ’
1145 1323 1221 1350 σου
1251 1309 1277 1363 ἦ
1305 1310 1389 1350 τῶν
1413 1310 1601 1363 χαρίτων
1630 1310 1707 1351 τοῦ

265 1374 500 1428 πνεύματος
519 1372 753 1429 εὖεργετικὴ
771 1374 901 1430 ῥεῦσις
919 1376 1064 1430 ’ψυχῆς
1078 1389 1120 1416 τε
1136 1375 1208 1415 καί
1225 1371 1421 1427 σώματος
1429 1391 1444 1426 ,·
1461 1375 1544 1415 ποῦ’
1554 1371 1603 1415 τά
1623 1372 1707 1419 τῶν

265 1437 507 1482 ἀποστόλων
525 1441 602 1481 τοῦ
621 1442 769 1495 κυρίου
788 1455 872 1492 μου
893 1439 1078 1492 σώματα,
1095 1438 1146 1481 τὰ
1167 1438 1246 1494 πρὸ
1268 1440 1424 1481 πολλοῦ
1443 1439 1705 1495 φυτευθέντα

265 1507 311 1548 ἐν
335 1507 391 1562 τῷ
424 1507 618 1546 αἐιθαλεῐ
633 1507 895 1563 παραδείσῳ,
923 1503 1072 1558 ἔχοντα
1093 1507 1137 1548 ἐν
1154 1508 1267 1563 μέσῳ
1286 1504 1442 1548 τούτων
1462 1503 1507 1547 τό
1541 1519 1707 1560 πορφυ-
1718 1523 1773 1556 20

268 1572 370 1627 ροῧν
402 1568 583 1623 ἱμάτιον,
617 1569 691 1625 τήν
724 1568 890 1625 λόγχην,
915 1570 989 1612 τόν
1019 1569 1216 1625 σπόγγον,
1237 1569 1310 1612 τὸν
1337 1568 1549 1624 κάλαμον,
1584 1566 1706 1613 ἅτινα

149 1647 183 1680 Ρ.
201 1648 258 1692 ,73
270 1632 523 1688 ἆσπάζοντες
544 1634 867 1692 ἑφανταζόμεθα
887 1635 960 1679 τὸν
984 1638 1028 1678 ἐν
1050 1639 1220 1694 σταυρῷ
1237 1634 1462 1690 ὗψωθέντα
1489 1635 1606 1691 δρᾶν.
1623 1637 1708 1678 ποῦ’

269 1700 322 1743 τά
344 1703 427 1743 τῶν
448 1698 574 1742 ὅσι’ων
593 1702 790 1755 λείψανα,
805 1702 888 1743 ποῦ’
915 1699 969 1744 τὰ
994 1703 1076 1744 τῶν
1101 1701 1351 1757 μαρτύρωνς
1371 1701 1452 1743 ποῦ’
1469 1699 1522 1743 τὰ
1542 1702 1616 1743 τοῦ
1632 1716 1708 1754 με·

268 1764 400 1820 γάλου
428 1768 749 1809 Κωνσταντίνου
777 1768 850 1808 καί
876 1770 960 1809 τῶν
986 1770 1143 1810 λοιπῶν
1169 1769 1374 1821 βασιλέων
1401 1767 1626 1821 πτώματας
1661 1766 1708 1808 αἱ

271 1935 330 1971 ta,
356 1929 464 1963 nudis
489 1929 566 1962 illic
589 1929 856 1976 insepultisque
874 1931 1106 1965 cadaveribus
1125 1932 1272 1973 relictis,
1296 1933 1392 1965 ferae
1416 1931 1471 1964 illi
1500 1931 1708 1976 sanguinem

272 1977 411 2010 sitienti
438 1982 586 2021 tumque
615 1977 817 2011 convivanti
845 1978 1038 2023 spectanda
1062 1979 1193 2012 attulit.
1219 1984 1400 2025 quotquot
1426 1979 1533 2011 etiam
1554 1977 1708 2019 nobiles,

272 2024 400 2068 palatii
429 2023 596 2056 officiales
636 2034 877 2070 proceresque
918 2025 1139 2066 redemerat,
1175 2036 1240 2071 per
1261 2027 1387 2058 missos
1425 2025 1600 2059 satellites
1627 2025 1709 2058 neci

275 2069 387 2103 dedit.
414 2081 456 2102 ex
482 2081 601 2102 eorum
631 2071 803 2103 uxoribus
829 2077 866 2105 et
888 2072 1012 2105 liberis
1039 2071 1182 2106 delectu
1209 2072 1335 2105 habito
1362 2072 1533 2105 formosas
1554 2071 1708 2116 virgines

273 2116 516 2161 pulchrosque
541 2127 670 2162 pueros
695 2117 765 2150 sibi
787 2119 974 2164 sepositos,
1000 2118 1263 2152 archieunucho
1281 2117 1534 2151 custodiendos
1561 2117 1711 2151 manda-

274 2163 337 2195 vit.
364 2163 539 2207 reliquam
578 2164 799 2208 captivorum
838 2165 977 2198 turbam
993 2191 1001 2206 ,
1037 2165 1152 2199 donec
1174 2166 1414 2209 Babylonem,
1438 2164 1710 2209 Adrianopolim

277 2209 381 2249 dico,
408 2208 667 2251 abduceretur,
694 2211 886 2244 curandam
911 2212 992 2245 aliis
1024 2211 1135 2246 dedit.
1161 2212 1317 2245 universi
1345 2217 1420 2244 tum
1444 2211 1543 2243 urbis
1569 2210 1710 2244 incolae

278 2261 424 2299 etopes
455 2256 493 2289 in
525 2262 721 2290 castrorum
743 2259 908 2292 tentoriis
936 2259 1142 2303 conspecti3
1180 2260 1264 2291 urbs
1287 2269 1371 2291 vero
1397 2257 1561 2299 deserta,
1586 2257 1710 2290 exani-

277 2302 365 2342 mis,
390 2302 506 2342 nuda,
533 2314 620 2336 voce
645 2315 790 2345 carens,
816 2306 935 2350 specie
963 2317 1004 2339 ac
1029 2305 1156 2338 decore
1181 2305 1333 2350 spoliata
1358 2303 1509 2337 iacebat.

371 2361 426 2391 4¹·
475 2349 505 2381 O
530 2349 615 2383 urbs
657 2357 863 2384 cunctarum
898 2351 1040 2385 urbium
1064 2351 1190 2397 caput!
1215 2357 1370 2397 quatuor
1395 2350 1520 2383 mundi
1554 2350 1708 2395 partium

279 2400 458 2435 centrum3
475 2394 755 2430 Christianorum
773 2398 896 2442 gloria,
916 2398 1147 2432 harbarorum
1174 2397 1339 2431 dedecus.
1366 2408 1388 2429 o
1413 2396 1496 2430 urbs
1523 2397 1709 2442 paradisus

279 2442 390 2481 alter,
416 2442 581 2475 omnibus
619 2444 824 2487 plantarum
848 2457 888 2478 ac
913 2445 1079 2478 arborum
1114 2444 1320 2489 generibus,
1347 2455 1390 2476 ex
1417 2444 1548 2489 quibus
1574 2443 1710 2476 fructus

278 2487 482 2532 spirituales
506 2496 717 2532 nascuntur,
753 2493 930 2534 consitus;
955 2503 1026 2537 quo
1054 2491 1163 2524 decor
1187 2497 1288 2532 tuus,
1323 2501 1395 2535 quo
1420 2491 1609 2534 gratiarum
1636 2490 1710 2534 spi-

279 2534 463 2566 ritualium
492 2537 631 2580 corpori
658 2542 694 2570 et
717 2539 837 2571 animo
876 2539 1036 2572 benefica
1071 2538 1231 2582 irrigatio
1257 2537 1425 2580 diffugit?
1450 2537 1597 2569 ubinam
1623 2547 1710 2580 apo-

278 2581 450 2613 stolorum
477 2580 613 2614 domini
637 2584 708 2616 mei
731 2596 898 2629 corpora,
923 2596 942 2617 a
975 2586 1081 2629 longo
1107 2590 1266 2629 tempore
1291 2585 1329 2616 in
1353 2583 1622 2628 sempervirenti
1645 2594 1711 2627 pa·-

278 2627 396 2659 radiso
423 2626 614 2671 deposita?
640 2631 895 2664 circumdantia
919 2642 1133 2676 purpuream
1158 2637 1293 2674 togam,
1322 2630 1498 2670 lanceam,
1527 2629 1709 2674 spongiam

279 2679 316 2706 et
340 2673 572 2715 arundine1n3
598 2687 686 2719 quas
713 2677 795 2710 dum
830 2678 1110 2718 venerabamur,
1137 2688 1216 2709 eum
1242 2677 1303 2721 qui
1327 2677 1365 2708 in
1389 2687 1525 2709 cruceni
1547 2676 1709 2708 sublatus

279 2725 336 2754 est
360 2731 504 2753 cernere
525 2722 777 2767 cogitabamus.
803 2725 865 2757 ubi
884 2731 1096 2766 sanctorum,
1122 2723 1184 2756 ubi
1202 2729 1392 2767 martyrum
1417 2722 1620 2768 reliquiae?
1646 2721 1709 2754 ubi
