1916 3210
340 177 454 244 400
734 195 736 197 ’
819 192 1003 236 110οΑ11
1043 191 1300 236 ms'rolm

284 302 386 354 98et
420 293 486 337 del
514 294 696 352 principe
728 292 780 335 de
812 292 1005 337 l'Achaia.
1045 292 1164 336 Tutti
1194 292 1372 335 sedendo
1399 292 1464 335 ala
1493 306 1564 336 sua
1589 294 1727 339 tavoln
1748 301 1780 339 ι’

341 366 504 392 manzar
540 351 780 391 confortava
794 378 806 397 ‚
846 355 887 388 et
927 348 978 387 ad
1005 347 1154 390 bevere
1181 349 1219 390 el
1249 357 1380 404 ponto
1408 349 1484 389 che
1507 350 1560 390 de
1583 364 1657 391 sua
1682 362 1781 393 man

341 407 372 447 li
399 421 610 462 sporzeva.
684 403 819 457 Dapoi
847 404 947 442 tutti
972 417 1052 443 con
1089 402 1128 443 la
1156 418 1256 459 pace
1292 404 1344 444 de
1366 403 1435 444 dio
1477 403 1640 447 licentio
1658 435 1672 459 ,
1696 420 1784 447 eon

340 464 471 516 gratia
497 469 538 501 et
565 473 700 500 amore
725 457 896 498 dicendo
924 471 948 496 a
979 457 1133 512 quelliz
1181 460 1364 499 nuntiate
1391 459 1445 499 ali
1473 460 1598 500 vostri
1624 462 1780 516 signori

339 517 415 557 che
459 532 482 555 a
526 514 625 555 tutti
670 514 710 553 io
747 513 800 552 do
841 518 882 551 et
925 512 977 551 da
1016 513 1114 553 tutti
1153 527 1293 554 rezevo
1319 527 1436 568 pace.
1491 514 1570 554 Chi
1599 514 1712 557 senze
1740 515 1781 556 la

340 586 461 626 pne,
495 569 603 610 l’alto
632 568 701 608 dio
725 566 832 606 della
856 580 956 620 pace
983 567 1041 607 sia
1070 576 1213 609 contro
1241 569 1293 609 de
1317 568 1390 609 lui.
1572 584 1577 586 “

446 623 612 665 Manuel
648 622 875 676 imperador
918 622 1149 663 vedendose
1190 622 1258 663 dal
1297 623 1424 664 crudo
1461 631 1502 664 et
1534 630 1780 679 tempestoso

338 694 450 720 mare
477 680 645 719 reducto
674 679 714 717 in
743 683 874 731 porto
903 677 1125 731 tranquillo
1153 684 1194 718 et
1231 679 1273 717 in
1300 685 1406 719 stato
1433 679 1601 733 quieto,
1629 686 1672 720 et
1696 693 1780 720 nou

335 735 520 775 havendo
548 733 692 772 alcuno
723 732 799 771 che
824 731 868 772 lu
896 732 1157 786 inquietasse,
1185 732 1372 773 cominzb
1399 748 1423 773 a
1446 748 1622 787 pensare⁴
1642 734 1694 774 de
1717 735 1782 775 sar

335 790 374 829 le
406 803 505 829 noze
533 788 584 828 de
611 789 780 827 Zuanne
819 801 894 827 suo
925 786 1197 842 primogenito
1236 787 1413 842 figliolo,
1438 795 1480 828 et
1507 787 1656 829 mandi)
1679 798 1709 829 'a
1734 790 1780 830 τὲ

336 844 389 883 (18
418 845 558 893 Rusia‚
588 843 653 882 del
683 842 802 896 quale
829 841 928 882 tolse
955 843 995 882 la
1019 842 1171 896 figliola
1197 856 1272 896 per
1294 857 1364 882 sua
1391 856 1544 894 nuora3
1575 844 1614 883 la
1644 843 1780 897 quale,

335 896 605 938 cambiandoli
636 898 673 937 el
699 911 821 937 nome
841 926 854 947 ‚
880 897 1041 937 chiamb
1071 898 1204 941 Anna.
1231 897 1358 944 havefl
1385 900 1481 937 anni
1508 899 1587 951 xl,
1643 898 1780 939 uando

333 953 379 993 fo
408 961 568 993 menata
599 966 714 1006 sposa
742 967 766 991 a
794 952 1169 1006 Constantinopoli.
1219 966 1243 991 a
1267 952 1330 991 tre
1358 954 1454 992 anni
1482 951 1602 1007 dapoi
1646 968 1670 992 a
1694 954 1779 993 cita

335 1008 380 1047 fo
422 1009 570 1048 infecta
601 1007 654 1047 da
692 1021 774 1047 una
800 1007 1004 1047 sevissima
1038 1006 1282 1060 pestilentia,
1310 1007 1349 1046 la
1378 1006 1501 1061 quale
1530 1007 1580 1047 ad
1608 1007 1779 1048 nissum

335 1063 486 1116 grande
518 1077 543 1102 0
575 1062 733 1116 piccolo
751 1093 763 1113 ,
785 1062 926 1102 riccho
956 1076 982 1101 o
1019 1075 1200 1115 povero,
1228 1061 1483 1116 perdonava‚
1519 1069 1559 1101 et
1585 1063 1780 1103 maxima-

335 1125 472 1158 mente
499 1125 663 1158 traxeva
695 1117 733 1156 al
764 1131 914 1171 sangue
953 1116 1113 1167 nobile,
1155 1117 1431 1156 consumendo
1472 1116 1602 1157 anche
1625 1115 1666 1156 la
1695 1131 1778 1170 po..

333 1172 572 1226 pularescha
599 1172 876 1215 multitudine.
930 1172 986 1212 Et
1014 1172 1137 1211 Anna
1164 1171 1430 1226 imperatrice,
1457 1178 1595 1211 tenera
1678 1170 1777 1212 lzel..

333 1228 398 1278 la,
427 1228 543 1267 scrita
583 1227 690 1267 dalla
734 1227 920 1280 pestifera
945 1233 1072 1266 saetta
1111 1227 1216 1266 moi-*1
1244 1228 1286 1265 in
1313 1225 1375 1266 sul
1401 1226 1515 1266 flou-ir
1541 1226 1594 1267 de
1637 1229 1651 1266 i
1682 1226 1780 1267 anni

334 1282 406 1323 soi.
433 1283 484 1322 de
513 1281 564 1321 lei
588 1283 735 1321 rimase
761 1295 845 1321 uno
871 1282 991 1321 tristo
1017 1281 1217 1321 desiderio
1245 1288 1284 1321 et
1312 1280 1446 1334 doglia
1476 1287 1516 1321 et
1544 1282 1686 1335 pianto
1710 1282 1777 1322 in-

333 1336 578 1377 consolabile
616 1350 641 1376 a
670 1342 778 1376 tutta
816 1336 855 1375 la
885 1336 1028 1376 citade.
1084 1336 1282 1386 Orchan,
1312 1335 1464 1388 figliolo
1494 1335 1548 1375 de
1572 1336 1774 1386 Paiasith,

333 1392 408 1431 8118
439 1392 482 1432 fo
509 1405 584 1445 per
610 1405 746 1444 pegno
776 1390 872 1431 dato
901 1390 1213 1444 al'imperadore
1226 1389 1424 1430 Emanuel
1451 1389 1504 1430 da
1524 1389 1773 1439 Musulmeu,

334 1461 452 1486 come
502 1445 540 1485 81
565 1460 723 1485 sermon
751 1453 890 1496 nostro
920 1446 971 1484 de
1014 1459 1131 1498 sopra
1157 1445 1209 1483 ha
1240 1444 1471 1483 dechiarato
1489 1473 1502 1494 ‚
1531 1444 1573 1484 fo
1599 1444 1776 1486 liberato

335 1515 412 1541 con
442 1500 748 1552 Fatimachatu‚
776 1500 927 1554 figliola
955 1499 1006 1539 de
1035 1513 1107 1538 sua
1132 1497 1304 1549 sorella,
1331 1496 1371 1538 la
1399 1498 1518 1552 quale
1545 1499 1587 1538 so
1615 1514 1777 1540 romau-

334 1557 430 1596 data
456 1555 498 1595 in
529 1555 704 1605 Prusia,
735 1554 840 1594 dove
882 1554 1280 1594 convenientemente
1311 1553 1354 1593 fo
1383 1555 1563 1593 enutrita
1589 1554 1672 1595 dali
1696 1569 1775 1610 po...

333 1611 430 1651 steri
455 1611 506 1650 de
530 1609 728 1650 Paiasith.
783 1609 948 1649 Orchan
975 1615 1211 1648 veramente
1242 1621 1395 1648 remase
1423 1623 1447 1647 a
1477 1608 1775 1652 Constantino-

333 1665 457 1721 poli,
493 1665 545 1705 da
587 1671 702 1705 tanto
743 1679 861 1704 amor
902 1678 1022 1717 preso
1062 1663 1113 1703 de
1150 1663 1189 1703 18
1230 1663 1374 1703 lettere
1400 1662 1561 1703 Greche
1597 1670 1639 1704 et
1667 1663 1774 1704 della

334 1719 644 1761 conversatione
672 1720 724 1760 de
750 1721 920 1758 Zuanne
947 1718 1225 1771 primogenito
1260 1717 1384 1772 figliol
1411 1716 1771 1772 del’imperadore,

333 1776 409 1816 8118
435 1789 548 1815 come
575 1775 613 1814 la
641 1780 775 1815 morte
802 1773 992 1813 aborriva
1018 1773 1045 1812 li
1075 1773 1243 1812 costumi
1269 1771 1351 1812 ela
1377 1771 1459 1812 leze
1475 1773 1769 1815 Macometana.

332 1830 484 1870 Dedito
512 1829 703 1884 adonqua
746 1844 767 1868 a
796 1828 825 1867 li
854 1827 979 1868 studii
1022 1826 1129 1867 della
1158 1826 1355 1881 sapientia
1385 1826 1572 1879 Grecha,
1598 1835 1642 1869 et
1664 1834 1774 1869 tutto

333 1885 538 1926 inflamato
567 1884 619 1924 de
646 1884 689 1924 lu
707 1897 844 1923 amore
871 1882 977 1923 della
1003 1882 1094 1922 fede
1122 1881 1366 1936 evangelica,
1391 1895 1527 1935 spesse
1555 1882 1668 1924 volte
1695 1897 1773 1924 an..

333 1940 438 1980 duva
475 1939 812 1993 al'imperadore‚
862 1938 899 1978 el
941 1936 1061 1992 quale
1088 1951 1162 1977 con
1191 1937 1342 1991 grande
1365 1937 1554 1976 humilitii
1576 1945 1618 1978 et
1645 1938 1773 1978 devo-

275 1997 446 2049 991ione
486 1994 736 2034 lacrimando
775 2007 951 2048 pregava
979 1991 1080 2031 che'l
1108 1992 1254 2032 facesse
1278 1992 1488 2045 baptizare
1515 1998 1554 2031 et
1581 1992 1773 2047 insignire

337 2050 403 2090 del
429 2064 543 2090 sacro
580 2049 726 2089 crisma
752 2048 931 2089 secundo
969 2048 997 2087 li
1026 2047 1355 2087 comandamenti
1383 2045 1488 2087 della
1514 2054 1653 2088 sancta
1680 2047 1773 2088 fede

336 2106 565 2146 Christiana
581 2133 594 2155 ‚
622 2104 886 2144 consessando
914 2102 970 2142 lui
996 2116 1102 2142 esser
1125 2101 1353 2141 Christiano
1369 2130 1382 2151 ,
1418 2101 1603 2155 negando
1629 2102 1665 2142 el
1696 2102 1773 2142 do-

335 2175 427 2214 gma
462 2160 644 2199 Arabico
673 2166 713 2199 et
739 2158 778 2198 la
802 2165 903 2198 setta
931 2159 1222 2197 Macometana.
1281 2157 1340 2196 Lo
1368 2156 1642 2209 imperadore,
1671 2157 1771 2196 ben-

337 2216 412 2254 che
437 2229 515 2254 con
564 2214 720 2268 pietoso
758 2227 851 2253 core
876 2213 916 2252 lu
953 2211 1176 2260 ascostava,
1207 2225 1270 2250 ma
1299 2225 1380 2250 non
1409 2210 1603 2251 exaudiva
1630 2211 1670 2250 le
1699 2225 1771 2252 sue

337 2270 551 2323 preghiere
597 2283 671 2322 per
702 2282 782 2308 non
825 2281 930 2307 esser
957 2281 1081 2306 caxon
1108 2267 1159 2306 de
1183 2265 1373 2309 scandali.
1429 2266 1477 2304 ln
1507 2265 1631 2318 quelli
1658 2267 1770 2307 zorni

335 2324 375 2363 la
403 2323 628 2377 pestilentia
658 2323 922 2372 atrocissima,
951 2321 1024 2375 pin
1051 2320 1328 2360 crudelmcnte
1352 2319 1426 2358 che
1440 2319 1520 2358 mai
1549 2335 1620 2373 per
1646 2335 1769 2360 avan-

337 2381 383 2428 ti,
412 2380 464 2417 da
498 2379 593 2431 ogni
620 2386 736 2431 parte
770 2378 927 2417 andava
956 2376 1238 2430 expopulando
1265 2381 1306 2414 et
1333 2374 1577 2415 destruendo
1603 2375 1643 2414 la
1670 2375 1769 2416 citii.

336 2433 391 2472 Et
423 2441 489 2472 tra
526 2434 554 2473 li
585 2429 675 2472 altri
717 2434 843 2473 teneri
882 2432 999 2484 corpi
1042 2430 1168 2470 nobili
1219 2437 1258 2470 et
1297 2431 1499 2468 innocenti
1527 2428 1601 2469 fer]
1624 2437 1769 2483 questo

338 2488 533 2541 Orchan,
576 2487 726 2541 figliolo
776 2487 827 2527 de
868 2485 1061 2527 Paiasith.
1136 2485 1187 2525 El
1227 2483 1322 2538 qual
1355 2483 1592 2524 sentendose
1623 2485 1770 2536 ferito,

337 2542 485 2582 nuntib
533 2542 814 2596 al'imperador
849 2547 992 2595 queste
1018 2539 1173 2594 parole.
1238 2540 1278 2578 Ο
1299 2538 1528 2592 imperador
1554 2539 1594 2578 di
1622 2540 1739 2579 Greci
1755 2568 1769 2590 ‚

336 2611 364 2636 0
397 2599 479 2636 mio
517 2599 652 2650 signor
695 2604 736 2637 et
765 2604 890 2651 patre.
957 2596 1129 2635 Eccome
1155 2601 1292 2648 presto
1322 2608 1345 2632 a
1385 2593 1478 2646 quel
1515 2594 1664 2633 iudicio
1700 2593 1767 2634 di..

336 2651 451 2691 vino.
518 2652 575 2691 Et
612 2658 716 2692 tutte
759 2652 798 2694 le
828 2665 944 2699 cose,
988 2657 1030 2690 et
1062 2649 1195 2703 quelle
1231 2649 1305 2688 che
1331 2647 1403 2701 pin
1431 2647 1487 2687 110
1513 2648 1766 2701 desiderato,

337 2720 419 2746 non
446 2706 659 2760 vogliando
685 2707 797 2757 lasso,
828 2714 869 2745 et
893 2705 1000 2744 vado
1029 2705 1084 2755 lh,
1115 2711 1153 2743 et
1179 2708 1421 2742 certamente
1450 2703 1631 2743 confesso
1661 2703 1766 2743 ch’io

340 2776 414 2802 son
458 2760 699 2804 Christiano.
776 2763 844 2802 Ma
873 2767 916 2800 tu
941 2774 1022 2800 non
1050 2773 1115 2799 mc
1145 2759 1210 2798 dai
1239 2757 1281 2797 lu
1310 2771 1441 2811 pegno
1468 2757 1518 2797 de
1546 2758 1584 2798 la
1612 2758 1702 2799 sede
1726 2765 1767 2798 et

1892 3111 1916 3210 *effes
1914 3086 1916 3099 „.
1914 3058 1916 3067 ,,
1914 3030 1916 3034 ,
1899 2992 1911 3014 ‘2
