1916 3210
398 172 401 174 .
447 139 664 188 iumen
701 140 1037 202 mmmm
1060 137 1332 183 menno,
1506 116 1538 174 5
1553 137 1574 174 ι-
1591 137 1611 174 1

159 247 375 290 vivisutti
416 247 502 289 seoe
539 245 669 286 morit·
710 245 788 285 nel=
814 243 907 299 palo
948 243 1000 284 de
1024 250 1155 284 morte
1180 257 1334 298 penosa
1363 250 1406 284 et
1432 242 1612 286 crudele.

160 305 216 345 ΔΙ
234 305 408 345 eamus:
428 301 557 343 anche
569 300 700 341 simile
718 309 850 341 morte
869 300 956 340 fece
969 306 1191 340 sostenen-e.
1211 300 1263 339 El
1277 307 1472 354 tyranno,
1490 300 1614 342 intese

161 367 307 416 queste
334 373 443 409 eoae,
472 371 611 398 acoeso
639 356 692 396 da
719 356 874 411 grande
902 356 960 395 ira
983 356 1068 395 fece
1082 369 1330 409 congregare
1352 356 1430 396 fine
1463 355 1516 395 ad
1545 357 1614 397 CL

139 415 274 455 *milia
312 414 471 455 homini
517 413 569 455 da
599 427 724 452 arme.
783 413 839 452 Et
868 412 995 450 uscito
1025 410 1077 450 da
1101 411 1408 464 Andriuopoli,
1437 412 1615 452 intrante

159 469 201 511 la
257 471 484 519 rimavem,
513 482 642 508 venne
673 467 712 507 al
740 465 933 508 Danubio
953 470 1003 506 'et
1029 467 1149 520 passo
1173 466 1212 506 la
1238 466 1342 506 riva.
1374 468 1461 506 fece
1491 467 1614 507 fleca-

157 539 207 567 re
247 526 261 566 i
289 527 352 567 soi
378 523 622 580 pavigfioni,
652 530 693 563 et
718 522 749 562 1⁸1
780 529 904 563 stette
931 529 1046 562 tanto
1070 522 1145 562 che
1171 526 1277 562 tutta
1309 521 1345 561 13
1373 536 1445 561 sua
1470 531 1615 575 poten-

157 581 216 625 tia
242 595 287 623 se
317 593 564 623 convenesse
605 581 646 619 in
679 593 764 618 uno
793 593 911 634 pezo.
968 578 1019 617 El
1050 577 1238 618 Ulaccho·
1257 590 1333 617 con
1364 579 1462 617 tutti
1490 579 1516 617 Ιί
1550 579 1614 620 soi

156 637 310 679 subditi
337 650 380 677 se
407 638 508 676 mise
539 637 580 674 in
598 634 648 675 ‘le
676 634 863 685 clissure,
905 633 948 672 in
974 633 1081 672 lochi
1111 633 1315 673 arborosi.
1373 633 1431 673 Et
1459 634 1615 674 abban·-

156 691 314 734 donate
342 692 381 732 le
411 705 654 744 campagne,
685 690 784 730 tutti
814 690 866 729 de
893 689 1128 742 qualunque
1153 688 1420 743 generatione
1449 691 1613 731 animali

157 747 280 789 meno
321 748 395 801 piu
420 747 568 788 denti-o
597 745 667 785 alli
705 746 856 785 confini
886 745 937 784 de
966 745 1089 784 Alani
1132 752 1172 784 et
1198 745 1355 784 Vunni.
1413 745 1519 785 Esso
1550 747 1696 809 001345

155 816 233 845 suo
260 800 441 844 'exercito
469 805 509 842 in
539 801 698 841 zardini
727 809 766 841 et
795 801 903 841 lochi
933 800 1045 840 densi
1077 802 1283 840 nemos-osi
1312 801 1544 841 demorava.
1577 802 1614 843 el

154 866 331 914 tyranno
368 858 556 899 havendo
600 865 760 911 passato
789 856 824 896 el
856 856 1067 896 Danubio.
1107 863 1148 895 et
1173 870 1310 895 scorso
1332 857 1405 909 piu
1434 857 1485 896 de
1513 864 1615 900 sette

155 922 323 956 tornato
343 914 394 955 de
425 914 554 969 paesi,
588 928 671 953 non
699 913 818 952 trovo
850 913 902 952 ne
926 911 1055 952 homo
1086 912 1137 950 ne
1155 910 1330 951 animale
1349 913 1400 951 ne
1424 912 1616 953 substan-

155 970 214 1011 tia
241 971 295 1014 da
335 984 528 1011 manzare
570 970 621 1009 ne
652 983 760 1023 aqua
792 969 844 1007 da
872 969 1033 1007 bevere.
1065 974 1187 1007 zonto
1214 968 1282 1021 poi
1313 967 1366 1007 ad
1390 982 1472 1008 una
1500 983 1616 1009 eom-

154 1040 286 1081 pagna
337 1027 488 1068 erbosa
533 1033 574 1065 et
602 1025 864 1064 abbuudante
903 1023 954 1063 de
981 1038 1135 1078 acqua,
1166 1023 1298 1063 vedde
1325 1025 1615 1066 innumerabili

154 1081 239 1136 pali
269 1082 401 1123 tie-cati
419 1111 431 1133 ‚
461 1082 624 1121 haventi
654 1095 725 1134 pei·
750 1080 871 1119 fructi
895 1081 1007 1133 con-pi
1038 1079 1192 1119 morti:
1239 1079 1291 1119 El
1321 1079 1518 1129 camusa‚
1546 1080 1614 1121 del

153 1135 276 1192 quale
302 1138 474 1178 havemo
504 1136 644 1176 avanti
672 1135 857 1191 pal-1³10,
901 1136 944 1174 in
976 1150 1086 1175 mezo
1115 1136 1254 1187 pariva
1282 1135 1428 1175 siccato
1454 1138 1496 1175 in
1526 1150 1612 1177 uno

155 1193 278 1247 palo,
312 1207 392 1234 con
421 1189 532 1234 ve'ste
576 1194 701 1232 rossie
734 1192 784 1231 de
812 1190 968 1231 venato
997 1191 1072 1231 che
1100 1190 1237 1230 soleva
1263 1197 1446 1245 portare.
1482 1191 1519 1231 el
1547 1199 1614 1247 ty-

154 1261 286 1288 ranno
312 1249 502 1289 havendo
530 1250 637 1288 visto
665 1255 804 1301 questo
831 1246 1059 1300 spectaculo
1079 1260 1274 1299 spauroso
1301 1253 1342 1287 et
1365 1247 1613 1289 minacieve-

154 1302 228 1352 le,
265 1317 308 1345 se
345 1305 636 1359 admiraviglia.
677 1303 851 1343 havente
886 1317 967 1341 non
998 1302 1130 1355 pocha
1168 1316 1295 1355 paura
1334 1317 1410 1357 per
1431 1305 1467 1342 la
1494 1311 1614 1344 nocte

153 1359 378 1400 inminente
397 1390 409 1408 ‚
450 1360 536 1400 fece
578 1371 725 1398 cavare
762 1357 859 1398 fossi
889 1357 1072 1397 altissimi
1101 1359 1209 1397 etin
1240 1366 1377 1398 me'zzo
1406 1359 1555 1400 ficcare
1581 1359 1612 1401 li

154 1414 398 1469 paviglioni,
440 1422 481 1454 et
508 1415 566 1455 lui
595 1414 840 1453 circundato
881 1413 976 1452 dalli
1008 1414 1101 1453 fossi
1131 1412 1171 1452 iu
1204 1428 1318 1454 mezo
1346 1414 1500 1454 iaceva.
1558 1415 1611 1457 El

153 1469 344 1510 Vulaeho
372 1485 450 1510 con
477 1471 492 1509 i
517 1469 574 1510 soi
605 1468 783 1509 valorosi
818 1469 968 1508 subditi
1002 1469 1223 1510 levandose
1249 1469 1301 1509 ad
1329 1484 1439 1510 meza
1465 1477 1613 1524 nocte,

154 1525 324 1566 essendo
349 1526 392 1566 in
421 1524 557 1579 quella
584 1525 690 1564 hora
718 1525 915 1574 obscura,
953 1523 1061 1564 intro
1091 1523 1201 1564 nello
1232 1527 1404 1566 exercito
1434 1526 1475 1566 di
1500 1527 1616 1567 Tur...

153 1580 222 1621 chi
249 1581 357 1622 dalla
397 1588 520 1635 parte
561 1580 715 1620 dextra.
761 1579 970 1634 tagliando
1002 1587 1046 1620 et
1070 1581 1293 1620 amazando
1321 1582 1402 1621 fine
1430 1597 1454 1622 a
1482 1597 1615 1624 zorno

154 1650 208 1676 ne
235 1650 476 1677 amazarono
503 1635 773 1690 grandissimo
802 1649 1002 1688 numero,
1033 1643 1072 1675 et
1099 1636 1219 1676 molti
1245 1636 1297 1676 de
1320 1636 1477 1679 Turchi
1502 1638 1614 1680 l'uno

153 1690 290 1732 l‘altro
322 1706 365 1732 se
411 1704 671 1732 amazavano.
741 1692 758 1729 1
790 1690 971 1737 machi,
1004 1691 1272 1732 cominzando
1299 1695 1485 1747 apparire
1512 1694 1615 1735 l’au-

153 1760 302 1798 rora„
329 1748 581 1800 pattendose
619 1747 834 1786 inti-amno
867 1748 910 1785 in
951 1745 989 1785 le
1027 1761 1099 1786 sue
1140 1747 1336 1800 mandre,
1374 1764 1453 1789 ove
1479 1752 1613 1791 securi

154 1812 424 1855 reposavano.
495 1801 547 1842 El
581 1809 758 1856 tyranno
799 1800 1021 1841 levandose
1046 1817 1124 1842 con
1154 1802 1306 1842 damno
1336 1811 1377 1843 et
1406 1818 1613 1860 vergogna

154 1857 306 1908 ton-nb,
348 1865 388 1907 et
427 1863 582 1911 passato
631 1857 667 1896 el
696 1856 888 1895 Danubio
932 1871 1064 1896 venue
1097 1859 1138 1897 in
1184 1858 1476 1913 Andrinopoli.
1534 1860 1611 1901 Nel

154 1926 265 1953 anno
295 1913 400 1968 6971
436 1912 625 1952 havendo
646 1911 931 1966 apparechiata
951 1920 1105 1953 armata
1132 1912 1182 1952 de
1209 1913 1314 1967 galie
1338 1922 1378 1954 et
1409 1915 1514 1955 fuste
1541 1917 1614 1957 Lx

153 1975 196 2008 et
225 1982 328 2008 nave
373 1975 502 2015 seue,
551 1967 879 2021 accompagniata
917 1967 1028 2006 dallo
1071 1968 1250 2008 exercito
1277 1969 1330 2008 da
1354 1977 1489 2021 terra,
1520 1971 1612 2012 des-

153 2037 242 2064 cese
283 2024 333 2063 ad
373 2023 534 2063 l'insula
575 2023 711 2062 Lesbo
753 2023 817 2062 del
860 2036 969 2062 mese
1010 2022 1062 2062 de
1088 2023 1362 2077 Septembrio.
1441 2028 1609 2069 Venuto

154 2079 361 2120 domando
406 2078 446 2118 la
476 2077 605 2119 insula
643 2078 694 2117 ad
724 2078 914 2118 Nicoloso
944 2077 1138 2118 Cataluso
1157 2108 1169 2129 ‚
1210 2080 1247 2119 el
1275 2080 1395 2134 quale
1422 2081 1608 2136 signore-

153 2149 252 2175 zava
284 2135 421 2174 alhora
452 2150 503 2188 po
531 2135 568 2173 la
599 2141 733 2173 morte
761 2134 811 2174 de
839 2134 1069 2173 Domenico
1097 2133 1289 2175 Cataluso
1318 2150 1392 2176 suo
1419 2138 1690 2199 fratello,346

155 2189 194 2230 el
221 2191 341 2246 quale
369 2190 495 2230 havea
531 2189 781 2241 strangulato
809 2203 884 2228 con
921 2203 1002 2228 una
1031 2189 1155 2229 corda
1182 2190 1364 2232 d’archo.
1422 2194 1610 2235 Trovan-

154 2245 252 2286 dose
291 2246 484 2299 adunque
524 2245 670 2285 Nicolo
710 2245 899 2284 Cataluso
946 2245 1078 2284 ducha
1105 2245 1156 2285 de
1188 2246 1320 2286 Lesbo
1366 2248 1431 2289 nel
1459 2259 1608 2305 quarto

154 2315 263 2342 anno
290 2301 356 2341 del
383 2316 456 2341 suo
487 2301 688 2351 duchato,
736 2301 899 2353 quando
921 2314 1053 2340 venne
1081 2299 1262 2341 l’armata
1293 2310 1333 2342 et
1361 2303 1400 2343 lu
1432 2308 1609 2347 exercito

153 2356 207 2396 da
235 2364 348 2397 terra
399 2356 480 2396 allo
520 2357 675 2396 assedio
723 2356 773 2394 de
802 2356 1020 2406 Metelino,
1061 2362 1102 2395 et
1130 2356 1319 2398 havendo
1348 2358 1426 2399 ben
1455 2361 1607 2403 fornita

154 2411 194 2452 la
221 2420 327 2452 terra
356 2412 406 2452 de
437 2412 666 2451 munitione
697 2412 746 2450 de
779 2425 897 2450 mure
926 2419 965 2450 et
998 2411 1048 2451 de
1077 2411 1184 2462 fossi,
1211 2420 1252 2453 et
1281 2415 1436 2468 grande
1464 2432 1607 2458 nume-

153 2481 201 2507 ro
245 2468 295 2508 de
334 2468 488 2507 homini
525 2467 895 2517 d’arme’taliani‚
937 2466 973 2505 el
1004 2467 1137 2506 ducha
1174 2469 1433 2510 Mechemeth
1485 2475 1604 2527 passb

153 2522 253 2563 dani
292 2525 447 2563 Asmati
491 2525 531 2562 in
575 2525 611 2562 13
638 2523 791 2570 insula,
839 2530 878 2561 et
907 2523 1112 2561 domando
1139 2522 1177 2562 13
1206 2525 1302 2564 cita.
1361 2527 1549 2569 Nicoloso
1576 2530 1605 2571 li

156 2592 318 2632 respose
354 2579 428 2618 che
470 2593 552 2618 non
591 2578 743 2631 podiva
773 2577 941 2617 traderli
972 2578 1010 2617 la
1038 2579 1141 2626 cita,
1172 2580 1320 2632 perche
1345 2582 1472 2623 havea
1502 2585 1604 2625 deli-

156 2633 297 2674 berato
325 2648 400 2673 con
432 2635 528 2673 tutti
559 2634 586 2673 li
619 2633 795 2682 homini,
826 2633 853 2672 li
882 2633 993 2687 quali
1022 2647 1126 2673 sono
1161 2635 1323 2686 dentro,
1352 2639 1481 2691 prima
1513 2647 1603 2679 mo..

158 2689 219 2727 rir
245 2689 320 2729 che
339 2689 418 2728 mai
449 2690 550 2729 darli
581 2689 616 2728 la
635 2697 741 2728 tei-ra
773 2690 823 2727 de
855 2688 1045 2736 volunta,
1077 2695 1117 2729 et
1142 2692 1239 2730 tutti
1268 2707 1419 2745 ponere
1450 2695 1489 2734 la
1518 2699 1604 2736 vita

157 2757 234 2797 per
271 2744 505 2785 defensione
556 2743 663 2785 della
694 2744 841 2785 citade.
917 2743 1073 2785 Alhora
1115 2745 1154 2785 el
1178 2746 1313 2788 ducha
1345 2750 1603 2792 Mechemeth
