1916 3210
484 159 694 203 muca
731 159 1062 202 immam-2
1098 156 1352 200 menno,
1510 137 1625 215 475

188 263 231 302 le
252 274 360 303 nave
386 260 479 303 fora
506 260 574 302 del
599 266 723 316 porto
753 274 866 302 verso
894 266 1017 316 porta
1046 274 1193 310 aurea,
1221 259 1259 300 le
1285 272 1391 299 nave
1414 258 1629 313 vegnando
1641 264 1711 310 ²69

186 330 263 372 per
287 317 327 358 la
355 316 487 358 dricta
509 317 577 357 via
602 330 673 371 per
700 330 839 370 passer
867 318 911 358 S.
931 317 1144 357 Demetrio
1176 314 1361 370 acropoli
1391 328 1464 368 per
1494 320 1632 356 entra·

186 386 233 413 re
262 371 302 413 el
318 371 432 427 golfo
460 371 513 412 de
529 371 750 422 Chim-atie,
780 372 962 412 ran-mata
988 370 1248 423 Tureheeeha
1266 377 1527 412 contrastava
1553 370 1633 409 alle

187 441 320 479 nave,
368 427 519 482 perche
557 428 599 468 in
629 427 764 482 quella
804 428 907 467 hora
937 427 974 467 el
999 441 1111 468 mare
1139 440 1208 468 era
1237 426 1280 466 in
1308 424 1522 468 bonaccia.
1577 425 1634 465 Et

185 481 231 523 fo
256 482 313 522 ¹ad
342 483 464 524 veder
487 496 582 523 ensa
612 484 905 537 maravigliosa.
932 482 969 523 el
1000 497 1091 524 mar
1118 497 1200 523 non
1232 495 1275 522 se
1300 481 1450 531 vedea,
1479 479 1634 534 perche

185 551 256 579 em
275 543 392 578 tutto
419 544 588 592 eoperto
630 538 738 578 dalle
766 540 868 593 galie
900 552 1003 578 nave
1025 545 1067 578 et
1097 538 1251 579 navilii.
1279 536 1404 592 quelli
1430 535 1538 577 dalle
1564 550 1635 590 ga-

186 591 240 632 lie
262 598 308 633 et
332 592 438 633 fuste
463 607 545 645 non
573 593 790 648 podevano
809 601 976 634 mettere
994 608 1110 634 remo
1139 596 1179 634 in
1201 606 1341 647 acqua.
1371 598 1481 632 tante
1509 605 1635 632 erano

186 645 377 689 lemene
406 647 483 688 che
508 649 733 689 anevolava
761 649 798 690 el
826 649 942 693 eielo.
999 648 1136 700 Quelli
1167 654 1403 689 veramente
1429 646 1536 688 delle
1563 660 1637 686 na-

185 715 267 751 ve,
294 715 412 744 nome
441 705 576 758 aquile
601 718 799 758 soprane,
830 712 1052 745 traxevano
1082 705 1109 744 li
1142 704 1326 745 veretoni
1355 716 1472 743 come
1501 701 1635 756 folge-

186 757 227 799 τί
252 763 297 799 et
321 757 547 799 bombatde
571 773 690 800 senza
718 760 819 811 fine,
844 760 919 800 che
948 760 1135 800 facivano
1165 760 1350 799 risonare
1374 759 1470 798 tutti
1497 757 1527 798 li
1555 757 1638 798 ele-

185 814 335 854 mentis
377 814 440 854 Fo
467 814 572 856 facta
604 815 759 869 grande
786 815 985 856 occisione
1016 815 1068 855 de
1092 815 1266 855 Turchi.
1323 813 1376 854 El
1404 820 1585 868 tyranno
1612 825 1638 852 a

188 867 350 910 cavallo
388 868 496 910 nollo
522 873 702 911 exercito
736 878 953 918 terrestre,
1001 871 1237 924 stringendo
1269 869 1305 909 el
1332 868 1492 908 cavallo
1521 881 1640 908 corso

183 923 227 965 al
257 937 395 972 mare;
427 938 567 965 acceso
610 926 651 966 di
680 926 871 980 superbia
911 933 951 965 et
978 925 1182 979 desdegno
1216 925 1363 965 voleva
1390 938 1470 964 con
1499 923 1542 963 lu
1570 937 1639 963 ex-

183 980 315 1026 ercito
341 979 504 1020 fondere
530 981 568 1020 el
596 996 708 1021 mare
737 989 776 1021 et
802 980 946 1022 venire
970 981 1048 1020 alle
1077 995 1181 1021 nave
1209 979 1536 1030 corrocfflndose,
1564 978 1636 1018 alli

186 1032 249 1074 soi
286 1034 449 1089 ignavia
484 1041 527 1076 et
566 1036 712 1076 inertia
751 1035 1087 1091 improperando.
1154 1035 1315 1076 Alllora
1358 1034 1638 1074 comenzando

184 1089 340 1144 spirare
375 1089 413 1130 el
454 1097 580 1131 vento
608 1106 832 1146 prospero,
874 1091 913 1131 le
943 1105 1046 1130 nave
1073 1105 1154 1130 con
1183 1090 1222 1130 le
1249 1089 1339 1130 vele
1366 1089 1486 1143 piene
1513 1103 1555 1129 se
1585 1103 1636 1129 ne

187 1145 335 1186 veniva
378 1159 499 1186 verso
537 1144 574 1185 el
617 1155 733 1200 porto
751 1175 764 1196 ‚
807 1153 850 1186 et
882 1146 919 1186 le
948 1145 1052 1199 galle
1081 1145 1132 1185 da
1166 1159 1270 1199 popa
1299 1146 1528 1184 rimaseno:
1559 1144 1636 1185 che
1703 1166 1707 1171 ·

183 1207 324 1251 certe,
352 1214 397 1241 se
435 1201 475 1241 le
505 1215 608 1241 nave
634 1203 672 1242 le
697 1202 863 1242 havesse
900 1201 1051 1240 havute
1080 1201 1244 1250 avanti,
1272 1214 1350 1240 con
1379 1198 1514 1253 quella
1540 1213 1635 1253 pro·

184 1256 338 1308 sperita
374 1256 425 1296 de
464 1263 588 1297 vento
617 1264 725 1298 tutte
750 1257 788 1296 le
815 1256 981 1296 haveria
1010 1256 1229 1299 affundate.
1285 1255 1336 1294 El
1365 1255 1498 1294 ducha
1514 1284 1528 1304 ‚
1559 1254 1636 1296 che

181 1322 264 1351 non
295 1311 515 1352 intendeva
531 1311 646 1354 l'arte
673 1311 740 1353 del
768 1326 895 1359 mare,
921 1312 1025 1351 forte
1051 1312 1216 1351 turbato
1247 1310 1415 1350 cridava
1442 1309 1481 1350 al
1510 1323 1635 1364 gran-

182 1364 236 1406 de
263 1366 547 1419 comestabile',
590 1367 629 1408 el
667 1368 788 1422 quale
825 1381 909 1407 non
937 1366 1157 1406 attendeva
1198 1366 1267 1405 alli
1305 1365 1634 1405 comandamenti

181 1419 250 1462 del
275 1421 408 1462 ducha
436 1436 514 1476 per
533 1437 667 1463 essere
685 1422 820 1462 inutili
841 1428 884 1462 et
903 1436 1022 1462 senza
1038 1435 1201 1461 razone.
1232 1420 1382 1460 Alhora
1401 1421 1438 1460 el
1457 1427 1635 1475 tyranno

182 1475 290 1517 irato
310 1477 516 1519 comandb
537 1477 604 1518 alli
618 1479 678 1519 soi
695 1480 805 1519 servi
825 1478 903 1518 che
920 1478 1143 1517 andasseno
1161 1477 1201 1517 al
1213 1475 1475 1530 Diplochioni
1495 1483 1536 1515 et
1551 1490 1635 1515 me-

183 1545 356 1573 nasseno
374 1533 412 1574 el
434 1533 588 1586 grande
605 1533 868 1574 comest-abile
896 1533 960 1573 ala
988 1548 1060 1573 sua
1079 1532 1310 1587 presentia3
1337 1531 1374 1571 el
1397 1531 1518 1586 quale
1546 1545 1634 1571 me-
1646 1546 1716 1581 27⁰

181 1594 278 1628 nato
294 1587 382 1628 fece
407 1588 610 1630 distendet
628 1590 671 1629 in
691 1596 801 1630 terra
829 1604 852 1630 a
879 1596 1024 1644 quatro
1048 1589 1226 1639 homini,
1256 1595 1297 1628 et
1315 1587 1353 1628 el
1369 1588 1472 1627 duca
1498 1601 1575 1627 con
1600 1587 1637 1627 le

181 1643 353 1697 proprie
368 1658 488 1685 mane
511 1644 548 1685 el
577 1644 663 1685 bat}
680 1660 758 1685 con
778 1660 862 1686 uno
881 1645 1028 1685 baston
1048 1644 1165 1684 d'oro
1185 1650 1458 1699 grevemente‚
1481 1642 1637 1697 dagan-
1663 1668 1666 1670 v

180 1697 268 1738 doli
286 1699 366 1739 fine
386 1715 409 1739 a
445 1706 563 1740 cento
584 1700 712 1743 botte.
737 1702 891 1752 Questo
922 1714 991 1740 era
1018 1699 1069 1739 de
1092 1698 1353 1754 generatione
1366 1698 1555 1752 Bulgaro,
1585 1699 1638 1738 de

182 1767 336 1806 sangue
362 1754 516 1803 nobile,
548 1755 752 1796 chiamato
771 1756 901 1798 Palta.
937 1762 1084 1809 quatro
1109 1757 1204 1795 anni
1228 1754 1366 1794 avanti
1388 1754 1518 1793 havea
1537 1768 1637 1793 cor-

184 1815 319 1849 sezato
358 1808 398 1850 la
425 1809 555 1851 insola
573 1811 625 1850 de
647 1812 806 1862 Lesbo,
837 1810 944 1850 onde
971 1809 1091 1864 porti)
1131 1810 1197 1850 via
1233 1808 1362 1848 multa
1385 1808 1532 1863 preda.
1575 1809 1610 1848 F
1612 1823 1637 1847 o

183 1877 304 1904 servo
333 1871 503 1919 paterno
532 1865 584 1905 de
613 1866 897 1916 Mechemeth3
940 1865 977 1905 el
1017 1863 1136 1919 quale
1164 1879 1241 1918 per
1266 1864 1394 1905 havet·
1422 1863 1634 1904 condition

185 1926 229 1960 et
259 1922 364 1960 lama
394 1935 471 1960 con
500 1919 514 1959 i
544 1921 704 1961 barbari
733 1935 847 1960 senza
875 1920 989 1969 fede,
1030 1919 1280 1960 abbandonb
1308 1918 1347 1959 la
1375 1921 1550 1973 propria
1577 1919 1637 1958 fe-

183 1974 236 2014 de
264 1989 375 2025 vera,
402 1983 443 2015 et
463 1975 503 2015 al
531 1977 587 2015 fin
600 1990 720 2030 perse
748 1975 927 2027 l'anima,
949 1975 1142 2016 l'honore
1168 1982 1210 2015 et
1239 1976 1278 2014 la
1308 1974 1541 2015 conditione
1570 1973 1636 2014 del

182 2030 352 2082 mundo,
372 2038 414 2071 et
434 2045 565 2071 venne
580 2033 742 2071 intanto
762 2031 997 2085 vilipendio‚
1018 2030 1094 2071 che
1108 2044 1189 2070 uno
1207 2030 1289 2071 vile
1300 2031 1465 2084 Asappo
1485 2029 1515 2069 li
1531 2029 1635 2070 cavo

182 2099 266 2126 uno
293 2085 428 2129 ochio.
456 2087 512 2126 Le
542 2101 645 2127 nave
667 2094 818 2127 venute
845 2101 868 2126 a
897 2086 985 2126 vele
1018 2087 1057 2125 in
1087 2093 1231 2140 porto,
1269 2085 1395 2139 quelli
1423 2083 1531 2125 della
1558 2086 1636 2125 cita

181 2141 354 2182 calando
380 2141 416 2181 le
431 2141 602 2182 cathene
618 2143 764 2182 dentro
779 2143 844 2182 dal
862 2141 1125 2182 mandrachio
1147 2142 1373 2181 lietamente
1395 2139 1434 2180 le
1453 2147 1636 2180 rezevet-

182 2201 295 2236 teno.
350 2196 403 2236 El
431 2197 564 2237 ducha
592 2198 778 2238 vedendo
804 2198 880 2238 che
909 2197 1057 2238 dentro
1077 2197 1183 2236 dalle
1211 2197 1380 2236 cathene
1411 2209 1512 2235 sono
1541 2203 1634 2236 octo

9 632 53 672 W'T‘

9 695 40 720 ’,ι
59 702 62 707 .

8 728 11 730 v
21 723 46 757 js.

42 789 48 837 ἒ

19 1079 46 1140 {a

19 1163 23 1181 ,
41 1166 44 1171 .

14 1293 23 1313 v

27 1263 41 1365 5«-«

12 1574 39 1664 2223,
16 1535 39 1554 j
22 1486 38 1510 g.
8 1346 45 1459 31:⁶22?

182 2264 287 2291 nave
316 2253 467 2306 grande
495 2259 537 2292 et
579 2252 770 2306 alquante
799 2254 901 2308 galie
939 2251 1150 2306 imperiale
1181 2259 1223 2291 et
1251 2251 1355 2305 galie
1383 2265 1524 2304 grosse
1551 2251 1635 2292 Ve—

181 2308 343 2346 netiane
377 2314 419 2348 et
449 2307 573 2348 molle
602 2309 703 2349 altre
732 2310 836 2349 fuste
866 2315 906 2349 et
934 2307 1099 2358 navilii‚
1128 2307 1254 2361 pensi)
1287 2307 1362 2346 che
1386 2321 1455 2346 era
1483 2309 1658 2360 impos-⁷

181 2361 299 2402 sibile
325 2376 350 2402 a
387 2358 547 2403 <sincere
585 2378 656 2417 per
683 2366 720 2404 la
765 2365 831 2403 via
861 2365 926 2404 del
966 2370 1124 2417 portot,
1151 2363 1257 2402 onde
1284 2361 1415 2402 .trov?)
1456 2361 1635 2402 un’altra

181 2431 290 2458 nova
317 2425 357 2458 et
390 2419 657 2472 miravigliosa
690 2420 769 2462 via.
828 2419 1039 2458 Comandb
1063 2419 1247 2472 spianare
1266 2417 1305 2457 le
1327 2417 1433 2458 valle
1459 2417 1496 2457 le
1530 2431 1634 2472 qua-

182 2472 222 2512 le
243 2487 412 2513 zazeano
440 2473 574 2514 drieto
602 2489 625 2513 a
646 2476 789 2515 Galata
819 2474 926 2514 dalla
954 2483 1070 2527 parte
1100 2488 1216 2513 verso
1245 2472 1419 2523 Natolia,
1453 2487 1546 2512 zoso
1572 2473 1634 2512 di-

182 2525 411 2581 plochioni,
446 2530 569 2570 infine
612 2530 766 2570 al'altra
795 2537 914 2584 parte
956 2530 1007 2569 de
1035 2529 1177 2568 Galata
1207 2529 1359 2568 iacente
1384 2542 1499 2569 verso
1527 2528 1541 2567 i
1571 2527 1633 2568 liti
1646 2534 1709 2570 27¹

184 2581 249 2622 del
278 2584 389 2635 golfo
414 2583 618 2625 Chieratio
653 2593 797 2626 contra
829 2584 1048 2625 Cosmidio.
1081 2592 1121 2624 et
1150 2584 1337 2624 havendo
1364 2583 1470 2624 facto
1501 2583 1540 2623 la
1568 2585 1634 2623 via

183 2637 333 2690 gualita
375 2647 529 2693 quanto
569 2641 753 2694 podeva,
802 2655 972 2680 menava
1001 2639 1038 2680 le
1066 2640 1172 2679 fuste
1199 2654 1276 2680 con
1303 2640 1332 2679 li
1361 2641 1460 2679 vasi.
1491 2647 1528 2678 et
1558 2638 1635 2678 ha-

185 2693 320 2733 vendo
349 2693 502 2735 destese
552 2695 588 2736 le
625 2697 740 2746 vele,
777 2696 1027 2735 comandava
1056 2698 1156 2734 tirar
1184 2710 1258 2748 per
1282 2702 1393 2735 terra
1423 2693 1490 2734 dal
1519 2694 1636 2734 canal

187 2747 238 2787 de
271 2749 543 2790 Sacrostomio
561 2783 572 2800 ‚
606 2758 646 2790 et
675 2753 866 2792 introdur
895 2751 924 2792 li
952 2751 1049 2792 fusti
1079 2750 1144 2791 nel
1172 2751 1280 2806 golfo
1313 2751 1535 2791 Chieratio.
1578 2751 1637 2789 La
