1884 3216
319 177 430 233 226
658 195 844 239 nume
881 194 1166 238 Micnmrs
1195 194 1419 239 moris

313 297 359 339 ἐν
381 296 608 351 Ἀδριανοῦ
636 295 817 352 ἐμήνυσε
844 296 918 351 τὴν
945 296 1074 338 αὐτοῦ
1099 297 1147 339 ἐν
1161 297 1417 355 Χερρονήσῳ
1446 295 1659 354 διάβασιν.
1682 302 1763 352 ient

313 361 535 410 διαλαλίας
562 363 721 416 συχνῆς
744 364 963 416 γενομένης
987 362 1062 403 καί
1092 362 1233 418 φήμης
1259 360 1507 418 ἁπανταχοῦ
1529 361 1588 414 ὥς
1613 362 1635 408 ὃ
1656 363 1760 422 ἤγει-

309 425 405 480 univ
433 429 479 469 ἐν
507 424 817 469 Καλλιουπόλει
835 458 847 480 ,
890 428 961 468 ἵνα
978 425 1044 482 μη
1072 425 1094 467 ὅ
1125 430 1396 484 συρφετώδης
1423 425 1550 484 ὄχλος
1577 428 1759 486 α’τακνήι-

311 509 388 542 σας
432 489 648 549 α’φηνιάσῃ
692 490 810 545 (ἔθος
844 489 923 547 γάρ
958 487 1011 546 ἤν
1047 487 1186 542 αὐτοῖς
1235 495 1279 536 ἐν
1316 500 1408 543 ταῖς
1445 495 1653 551 ἀλλαγαῖς
1673 498 1759 539 τόν

310 557 524 612 ἡγεμόνων
553 558 732 611 ἐνεργεῖν
762 557 937 599 στάσιν·
983 557 1054 599 διοὶ
1081 561 1202 600 τοῦτο
1231 561 1305 602 καί
1330 558 1529 616 τελευτὴν
1559 561 1794 612 πολλάκις5

308 621 561 678 κρύπτοντες
593 625 761 676 λέγουσι
792 639 846 663 τω
877 625 966 681 λαιῦ
994 623 1051 672 ὥς
1080 622 1103 664 0‘
1135 623 1300 679 ἧγεμων
1327 627 1511 669 α’σθενεῖ·
1565 643 1634 670 και
1661 630 1760 670 τοῦ-

308 702 356 730 το
384 689 576 729 ποιοῦσιν
615 684 686 728 ὅτε
713 683 734 728 ὃ
751 686 916 739 μέλλων
954 689 1229 740 διαδέξασθαι
1256 689 1336 745 οὐχ
1367 688 1603 747 εὖριῖτκεται
1640 694 1686 736 ἐν
1723 686 1759 753 ᾧ

269 752 418 810 Βτόπω
459 752 481 793 ὁ
512 753 719 794 τελευτῶν
762 751 990 810 υπάρχει),
1020 754 1125 807 μετὰ
1155 758 1292 797 ταῦτα
1320 754 1489 812 ἀπάρας
1520 755 1604 799 α’πό
1636 760 1758 801 Καλ-

306 815 563 865 λιουπόλεως
591 818 814 873 συνέρρεον
846 817 989 873 πλήθη
1013 817 1146 862 πολλά
1177 822 1502 882 προσκυνοῦντες
1532 822 1662 880 αὐτῷ.
1689 823 1759 865 ἐλ-

302 882 456 931 θόντος
496 882 544 922 δὲ
587 883 760 937 πλησίον
794 897 866 924 του
893 881 1063 936 κάμπου
1092 885 1264 939 ἐξῆλθεν
1302 883 1446 928 ἅπασα
1488 885 1514 941 ἧ
1541 885 1656 937 τάξις
1684 889 1758 942 τῆς
1772 907 1820 934 10

300 949 536 1004 ἡγεμονίας,
560 946 604 989 οί
615 963 660 989 τε
693 950 903 1003 βεζίριδες
943 948 1017 991 καί
1029 948 1255 1028 Ησατράπαι
1282 967 1353 992 και
1379 949 1566 1007 ἔπαρχοι
1583 953 1658 995 και
1684 951 1759 1009 δὴ-

298 1029 488 1069 μαρχοι,
515 1013 590 1054 καί
630 1013 668 1054 οἱ
696 1015 770 1067 τῆς
796 1017 958 1068 μιαρᾶς
987 1032 1129 1057 αυτων
1155 1019 1382 1072 θρησκείας
1406 1033 1565 1070 μυσται
1592 1034 1663 1060 και
1690 1021 1757 1061 δι-

300 1076 516 1132 δάσκαλοι,
544 1095 615 1120 και
642 1078 681 1120 οἱ
701 1080 745 1120 ἐν
778 1079 1029 1134 ἐπιστήμαις
1053 1081 1126 1123 και
1139 1082 1308 1135 τέχναις
1335 1083 1655 1138 ἀσχολούμενοι,
1683 1085 1758 1126 καὶ

298 1145 427 1198 μέρος
466 1143 572 1186 πολυ
617 1144 690 1186 τοῦ
711 1145 1011 1200 συρφετώδους
1048 1148 1153 1188 λαοῦ
1191 1147 1251 1196 εις
1277 1145 1354 1201 τήν
1396 1147 1531 1189 αὐτοῦ’
1554 1147 1753 1205 υπάντην.

298 1205 493 1259 ἐλθόντος
522 1205 596 1252 οὖν
617 1211 694 1251 τοῦ
723 1205 854 1263 ὄχλου
885 1209 990 1252 κατὰ
1017 1212 1241 1266 πρόσωπον
1266 1213 1344 1254 τοῦ
1373 1211 1573 1267 ἡγεμόνοςΙ
1598 1213 1655 1264 ὥς
1683 1213 1819 1267 μιὲιό

300 1277 391 1316 λιον
419 1276 464 1316 ἓν
505 1272 753 1329 στοιχηδόν,
788 1276 861 1317 καί
887 1275 1119 1331 ἀποβάντες
1155 1279 1239 1319 τῶν
1267 1279 1404 1319 ἵππων
1430 1279 1607 1332 πάντες,
1635 1281 1756 1331 πεζοὶ

299 1337 375 1393 τήν
419 1343 595 1395 πορείαν
622 1339 728 1396 πρὸς
772 1340 844 1383 τὸν
871 1342 1052 1396 ἡγεμόνα
1083 1342 1301 1396 ἐβάδιζον·
1358 1343 1381 1385 ὅ
1410 1345 1457 1386 δὲ
1488 1341 1655 1399 ἡγεμών
1682 1343 1757 1387 καὶ

300 1404 339 1446 οἱ
357 1408 445 1457 μετ’
468 1401 600 1448 αὖτὸν
619 1407 788 1448 ἵσταντο
808 1405 1097 1461 ἐποχούμενοι.
1131 1409 1340 1451 ἐλθόντων
1361 1403 1435 1451 οὖν
1453 1406 1554 1466 ἄχρι
1581 1407 1752 1466 ἡμίσεος

260 1469 467 1523 ομιλίου,
509 1466 641 1526 ἄκρας
665 1474 826 1527 σιωπῆς
846 1474 891 1514 ἐν
922 1478 1008 1522 τοῖς
1035 1474 1221 1527 χείλεσιν
1254 1471 1391 1516 αὖτῶν
1414 1470 1562 1530 οὔσης,
1593 1472 1753 1530 α’θρόον

301 1533 469 1585 στάντες
490 1535 662 1578 κοπετὸν
677 1539 786 1591 μέγα
800 1535 905 1590 μετὰ
927 1538 1118 1594 δακρύων
1137 1537 1374 1595 οἷνήγειραν.
1406 1538 1501 1582 τότε
1529 1542 1603 1583 καί
1627 1540 1753 1591 αὐτὸς
1765 1557 1818 1585 20

301 1599 464 1654 ἀποβάς
491 1602 564 1642 τοῦ
593 1601 719 1642 ἵππου
750 1601 830 1644 συν
858 1608 945 1652 τοῖς
977 1603 1049 1644 ὑπ’
1079 1604 1235 1657 αὐτόν,
1265 1607 1338 1646 καί
1377 1605 1498 1648 αὐτοὶ
1529 1603 1579 1648 τά
1627 1602 1751 1659 ὅμοια

300 1664 522 1720 ἔπραττον,
550 1669 653 1722 βοῆς
679 1666 759 1710 σύν
788 1671 994 1725 κλαυθμῷ
1021 1667 1094 1710 τὸν
1140 1670 1247 1725 οἷέρα
1275 1673 1542 1726 πληροῦντες.
1597 1671 1670 1713 κατ’
1698 1666 1752 1726 ἦν

302 1733 409 1774 ἰδεῖν
434 1735 542 1787 μέγα
563 1735 715 1782 πένθος
742 1736 815 1776 καί
841 1732 1010 1776 κοπετὸν
1037 1736 1091 1792 τῇ
1116 1734 1251 1792 ἡμέρᾳ
1271 1735 1404 1794 ἐκείνῃ
1426 1738 1470 1787 ἐξ
1498 1737 1751 1793 α’μφοτέρων

389 1837 420 1872 7.
446 1827 470 1860 o‘
499 1827 602 1861 deest
625 1828 659 1860 P.

301 1921 564 1954 Chersonesum
591 1922 776 1954 traiecisse
801 1922 997 1955 nuntiaret.
1027 1922 1161 1955 crebris
1188 1923 1320 1956 deinde
1346 1924 1571 1957 sermonibus
1596 1930 1633 1958 et
1657 1925 1749 1959 fama

300 1968 438 2012 ubique
462 1969 644 2012 vulgatum
673 1973 727 2001 est
751 1968 951 2013 principem
968 1969 1139 2023 Callipo'li
1170 1969 1317 2011 adesse,
1342 1982 1388 2003 ne
1414 1971 1518 2015 plebs
1544 1971 1668 2012 infima
1691 1978 1752 2006 tu-

298 2015 417 2047 multu
460 2015 615 2048 excitato
653 2015 831 2048 ferociret.
860 2015 1028 2048 solebant
1056 2017 1152 2048 enim
1178 2016 1215 2048 in
1239 1995 1440 2072 principum
1464 2019 1665 2052 mutatione
1693 2030 1752 2052 se·-

301 2061 502 2094 ditionibus
534 2061 680 2106 agitari:
715 2072 826 2106 quare
858 2068 974 2095 morte
1016 2063 1158 2107 saepius
1185 2063 1300 2096 celata
1324 2065 1522 2109 principem
1545 2065 1672 2098 morbo
1695 2066 1750 2098 la-

300 2107 428 2140 borare
462 2108 691 2141 multitudini
722 2108 965 2152 persuadent,
1000 2119 1117 2153 eoque
1140 2115 1267 2154 pacto,
1294 2122 1372 2142 cum
1397 2121 1580 2144 successor
1606 2111 1748 2156 longius

300 2154 405 2186 abest
429 2154 473 2186 ab
511 2155 554 2187 iis
590 2155 679 2187 locis
715 2154 779 2187 ubi
806 2155 973 2188 decessor
1009 2155 1126 2196 obiit,
1151 2166 1230 2188 eam
1258 2155 1444 2190 deludunt.
1470 2169 1549 2190 cum
1577 2157 1748 2202 callipoli

302 2200 542 2241 discessisset,
569 2202 639 2234 iter
662 2202 824 2245 pergenti
847 2202 977 2242 multi,
1007 2207 1048 2235 ut
1072 2212 1153 2234 eum
1175 2209 1443 2244 venerarentur,
1473 2203 1614 2237 obviam
1638 2215 1749 2238 vene-

301 2252 394 2279 runt.
425 2253 460 2280 et
496 2247 559 2279 ubi
586 2258 668 2291 agro
695 2247 1020 2293 Adrianopolitano
1061 2249 1385 2303 appropinquavit,
1414 2260 1536 2283 omnes
1561 2251 1666 2283 aulae
1689 2261 1748 2283 or-

301 2293 404 2326 dines
433 2294 695 2339 ossicinlesque,
721 2294 862 2335 Veziri‚
888 2300 1073 2339 satrapae,
1097 2296 1361 2339 provinciarum
1391 2301 1428 2329 et
1451 2295 1666 2341 oppidorum
1690 2308 1748 2330 re-

300 2346 427 2380 ctores,
454 2341 687 2385 impuraeque
713 2320 897 2385 religionis
931 2346 1067 2384 mystae
1087 2346 1123 2374 et
1149 2341 1332 2382 doctores,
1356 2343 1492 2387 quique
1517 2343 1746 2376 scientiarum

300 2398 341 2418 ac
366 2387 497 2419 artium
531 2388 641 2430 periti
675 2393 801 2428 erant,
837 2387 943 2420 turba
978 2387 1134 2432 denique
1173 2388 1291 2432 plebis
1317 2388 1350 2420 ei
1380 2395 1619 2422 occurrerunt.
1645 2395 1747 2435 post-

300 2445 408 2477 quam
434 2433 498 2465 illa
523 2433 720 2466 multitudo
750 2445 820 2466 uno
847 2434 994 2466 milliari
1033 2433 1175 2467 obviam
1198 2434 1354 2479 principi
1383 2435 1576 2468 ordinatim
1601 2447 1746 2480 proces-

300 2480 366 2520 sit,
393 2480 496 2523 equis
521 2490 642 2512 omnes
673 2480 847 2513 desiliunt
871 2487 907 2514 et
931 2480 1086 2525 pedibus
1116 2480 1299 2513 incedunt.
1325 2486 1362 2513 at
1382 2481 1547 2526 princeps
1572 2488 1609 2515 et
1634 2483 1746 2515 comi-

298 2532 352 2558 tes
391 2526 467 2558 eius
503 2527 605 2570 equis
641 2527 860 2560 insidebant.
896 2527 1051 2560 milliare
1098 2526 1230 2560 deinde
1259 2526 1448 2560 dimidium
1475 2529 1610 2562 emensi
1635 2528 1743 2562 labiis

298 2572 509 2616 compressis
533 2584 734 2617 magnoque
760 2573 926 2614 silentio,
956 2573 1103 2618 gradum
1128 2574 1308 2614 stiterunt,
1333 2574 1589 2620 planctumque
1617 2575 1743 2619 ingen-

296 2624 370 2651 tem
393 2630 471 2651 cum
498 2619 653 2652 lacrimis
677 2631 799 2652 omnes
826 2621 931 2652 simul
957 2620 1158 2653 ediderunt.
1182 2620 1258 2664 ipse
1287 2631 1432 2665 quoque
1455 2621 1621 2666 princeps
1647 2632 1742 2666 equo

295 2670 382 2698 tunc
421 2665 559 2697 desiliit
595 2677 673 2697 cum
719 2666 891 2699 c0u1it1tu
929 2677 1013 2707 suo,
1052 2667 1258 2711 pariterque
1284 2672 1393 2711 atque
1421 2667 1477 2699 illi
1504 2668 1741 2711 planxerunt,

297 2711 514 2745 clamoribus
556 2717 591 2744 et
623 2712 819 2745 eiulatibus
857 2724 975 2746 aerem
1012 2713 1252 2746 verberantes.
1278 2712 1342 2745 illa
1368 2714 1427 2747 die
1454 2714 1590 2747 luctum
1615 2714 1742 2757 ingen-

294 2763 368 2792 tem
394 2769 437 2791 ac
462 2759 646 2804 planctum
671 2758 716 2791 ah
746 2764 899 2804 utraque
928 2764 1030 2806 parte
1055 2770 1200 2794 cernere
1229 2764 1315 2793 erat.
1338 2760 1539 2807 principem
1562 2760 1628 2795 ubi
1655 2770 1741 2794 con-
