1916 3210
337 185 447 254 452
811 199 994 242 nucu:
1031 167 1292 241 msa-om».

334 303 522 346 moscliee
538 331 550 354 ,
576 301 744 342 oratorii
772 300 838 341 del
864 312 938 340 suo
967 297 1157 351 pseudo·
1172 297 1330 352 profeta
1347 325 1359 347 ,
1401 299 1570 350 excepto
1604 294 1642 337 el
1664 301 1774 336 mu

333 362 404 414 pio
433 359 498 399 del
525 371 670 411 magno
694 356 864 395 martiro
895 355 937 397 S.
966 353 1184 404 Dimitrio,
1245 352 1364 393 erche
1387 351 1540 393 intrato
1567 351 1614 391 in
1631 350 1778 406 tqu'elln

331 412 542 454 facendosi
579 411 773 452 sacrificio
809 423 891 448 uno
931 409 1087 459 ariete,
1117 421 1194 447 con
1239 421 1262 448 e
1287 407 1452 461 proprie
1477 420 1549 446 sue
1572 405 1776 453 mand-‚le-

331 476 427 510 vate
458 468 510 507 ha
560 467 662 505 facto
693 466 730 503 la
761 478 830 504 sua
861 462 1058 503 oratione.
1116 461 1236 502 Onde
1262 461 1315 502 da
1345 461 1478 516 quella
1505 460 1610 501 hora
1632 459 1776 514 inpoi

256 520 258 522 ¹
331 522 672 563 commandarono
698 518 772 558 che
791 519 885 572 quel
901 531 1014 556 sacro
1034 516 1185 570 tempio
1213 517 1272 556 sia
1297 518 1338 556 in
1369 522 1489 555 ma'ne
1517 515 1568 556 de
1580 514 1777 556 christia-

331 578 390 618 ni.
446 579 514 616 Ma
547 575 589 614 lu
620 579 859 615 ornamento
893 570 941 612 e’l
970 571 1136 611 theson-o
1176 571 1281 611 della
1311 570 1540 624 sepultura,
1573 569 1774 611 deltam*

333 633 405 686 pio
435 639 474 671 et
503 629 609 669 della
635 628 839 679 sacristia,
879 633 987 666 tutto
1013 626 1150 666 hanno
1171 632 1344 679 *portato
1383 627 1449 665 via
1469 654 1482 674 ‚
1523 623 1777 665 lassandmli

331 686 440 726 muri
478 685 590 726 nudi.
657 684 812 722 Partito
855 683 994 721 Morat
1035 695 1113 720 con
1150 681 1194 720 lu
1232 682 1404 720 exea-cito
1447 680 1497 720 de
1538 679 1777 730 Salona-hi,-

268 754 270 756 ’
331 739 438 781 andi>
466 740 506 778 in
535 737 823 790 Andrinopoli.
880 738 924 775 In
955 735 1080 790 quelli
1119 735 1232 775 zorni
1260 749 1304 775 se
1329 735 1420 775 levo
1444 748 1528 774 uno
1554 734 1599 774 di
1625 735 1651 775 fi
1680 733 1772 775 lioli

331 796 382 835 de
409 793 531 836 Milzo
560 793 746 832 Vaivoda
774 792 824 831 de
855 790 1081 840 valachia,
1120 790 1158 829 el
1186 789 1307 844 quale
1334 804 1378 830 se
1407 796 1576 829 trovam
1605 803 1633 829 n
1691 785 1773 843 'pa-

329 849 416 888 lazo
446 848 496 887 de
524 847 669 886 Ioanni
696 846 914 899 Paleologo
943 844 1193 898 imperadore
1219 858 1295 884 oon
1322 844 1458 884 alcuni
1483 845 1628 884 zovani
1655 845 1773 884 exer-

328 903 536 943 citandose
562 904 601 940 in
632 900 671 941 le
700 915 822 955 opere
841 901 1089 940 stratiotiee.
1146 900 1202 939 Et
1229 899 1472 952 partendose
1498 897 1552 939 da
1568 899 1772 939 conann-

328 956 503 1011 tinopoli
538 955 645 995 ando
682 957 727 995 in
763 953 987 1004 Vulachia,
1025 960 1067 993 et
1099 955 1300 1007 sequitato
1338 953 1392 992 da
1424 952 1545 992 molti
1570 953 1777 1016 (ionga-egb

327 1026 412 1052 uno
439 1012 614 1051 exercito
635 1039 647 1061 ,
697 1010 851 1064 perche
877 1008 916 1048 la
944 1009 1175 1062 generation
1204 1007 1388 1048 Vulaeha
1416 1008 1439 1048 ὲ
1464 1006 1775 1048 ῐηοΙὶσωοῦΙΙα

328 1075 369 1107 et
385 1080 543 1119 sempre
569 1072 720 1118 pronta
746 1064 824 1105 alle
848 1062 1149 1117 conspiratione
1175 1075 1247 1116 per
1273 1062 1302 1103 li
1330 1064 1387 1103 soi
1413 1061 1547 1102 duchi.
1601 1062 1649 1103 ln

327 1129 463 1174 tempo
496 1135 565 1160 era
591 1119 766 1160 vaivoda
809 1120 846 1158 el
872 1126 1022 1159 nevote
1049 1118 1100 1157 de
1129 1120 1281 1166 Mil-ze,
1312 1117 1460 1171 figliolo
1488 1115 1558 1158 del
1583 1116 1772 1170 fradello,

327 1174 529 1216 chiama-to
567 1175 701 1218 Dano.
769 1174 924 1224 Questo
958 1174 1180 1213 exercitava
1210 1172 1250 1212 la
1289 1173 1431 1212 militia
1472 1177 1581 1212 sotto
1607 1173 1771 1224 Mon-at,

246 1251 315 1275 202
330 1231 493 1285 quando
535 1235 828 1269 castrametava
856 1226 1235 1280 Constantinopoli,
1281 1234 1321 1266 et
1348 1241 1417 1266 era
1447 1226 1574 1267 molto
1599 1233 1782 1268 strenuo.

328 1293 369 1325 et
396 1283 580 1324 valevole
609 1285 649 1323 in
677 1283 713 1322 le
741 1281 926 1335 bataglie.
953 1289 993 1322 et
1020 1282 1217 1321 cort-endo
1245 1295 1319 1320 eon
1348 1282 1376 1321 li
1402 1281 1583 1332 Turchi,
1613 1295 1773 1322 ascusa-

326 1347 463 1379 mente
505 1337 614 1378 intrb
661 1338 704 1376 in
748 1338 786 1376 la
832 1337 934 1386 cita,
978 1342 1019 1376 et
1057 1336 1280 1389 presentosi
1317 1335 1398 1375 allo
1446 1337 1702 1390 imperadore
1729 1342 1774 1377 et

326 1395 476 1438 dainde
508 1394 551 1432 in
591 1393 659 1444 poi
687 1391 847 1431 corriva
885 1405 963 1430 con
990 1392 1003 1429 i
1032 1391 1205 1438 Romi,
1254 1390 1504 1443 operandose
1542 1391 1772 1431 virilmente

329 1456 473 1488 contra
512 1447 541 1487 li
574 1446 739 1486 Turchi.
804 1445 941 1499 Dapoi
979 1451 1215 1485 veramente
1253 1445 1328 1484 che
1375 1446 1511 1484 Morat
1550 1459 1595 1486 se
1637 1444 1771 1500 slat-gb

330 1503 437 1543 dalla
466 1503 570 1553 cita,
600 1515 680 1541 non
709 1502 908 1554 possando
937 1499 1034 1539 dare
1061 1499 1204 1539 effecto
1231 1500 1270 1538 al
1298 1513 1371 1539 suo
1397 1501 1599 1554 pensiero,
1628 1501 1771 1540 Dauus

329 1557 537 1597 domando
571 1555 734 1595 licentia
773 1554 838 1594 alo
874 1555 1127 1608 imperadore
1166 1554 1217 1594 de
1255 1555 1405 1594 andare
1430 1555 1492 1594 ala
1522 1569 1593 1595 sua
1620 1557 1768 1609 patria.

328 1613 390 1652 Lo
428 1611 684 1665 imperadore
720 1608 908 1649 usandoli
953 1610 1158 1662 benignita
1199 1615 1241 1648 et
1268 1611 1464 1658 cortesia,
1507 1608 1550 1649 lo
1592 1612 1691 1650 mise
1727 1610 1771 1650 in

329 1681 413 1705 una
440 1666 593 1720 grande
632 1679 736 1704 nave
773 1672 812 1703 et
841 1679 914 1718 per
955 1664 992 1703 el
1021 1678 1134 1703 mare
1161 1664 1332 1704 Pontico
1362 1664 1399 1703 el
1425 1663 1576 1704 mando
1607 1663 1662 1704 ad
1689 1664 1774 1705 As-

329 1735 406 1774 pro
451 1723 609 1762 Castro.
672 1721 722 1758 Li
750 1720 926 1772 principi
955 1718 1007 1758 de
1047 1717 1247 1758 Vulachia
1269 1747 1280 1766 ,
1311 1718 1387 1759 che
1413 1720 1446 1758 si
1472 1725 1699 1759 trovavano
1729 1719 1774 1759 in

329 1776 466 1829 quello
497 1776 586 1814 loeo
610 1804 622 1825 ‚
651 1774 694 1813 lu
721 1780 919 1814 rezevette
944 1775 1282 1826 gratiosamente3
1314 1772 1586 1813 benedicendo
1615 1780 1655 1813 et
1681 1773 1773 1814 lau-

329 1831 466 1869 dando
508 1828 667 1884 quello,
707 1843 824 1867 come
866 1828 999 1867 ducha
1048 1827 1093 1867 lu
1117 1828 1254 1867 hanno
1289 1841 1419 1867 messo
1446 1827 1514 1868 nel
1541 1828 1691 1869 ducato
1719 1829 1774 1869 de

327 1899 400 1924 suo
430 1899 532 1935 avo,
565 1883 785 1923 amazando
815 1882 854 1922 el
884 1882 1006 1936 figliol
1032 1883 1225 1922 bastardo
1258 1881 1309 1922 de
1341 1884 1482 1924 Mirce.
1537 1883 1593 1923 Et
1624 1883 1776 1924 sactose

328 1941 517 1992 principo
545 1939 595 1978 de
623 1945 728 1978 tutta
755 1937 793 1976 la
814 1937 1034 1988 Vulachia,
1065 1937 1215 1976 mando
1243 1938 1307 1976 alo
1326 1939 1464 1977 Morat
1492 1937 1774 1978 ambaxiadore

329 2009 406 2046 per
437 1995 499 2033 far
527 1993 577 2033 13
605 2007 717 2046 pace.
774 1994 834 2032 La
871 1992 990 2046 quale
1028 1993 1165 2031 Morat
1203 2005 1277 2046 per
1305 1991 1344 2031 la
1384 1999 1527 2032 natura
1557 2006 1630 2032 sua
1657 1992 1775 2032 facile

330 2056 371 2087 et
399 2050 572 2101 benigna
611 2049 696 2087 fece
733 2062 810 2087 con
851 2049 1114 2100 promissione
1155 2047 1206 2085 de
1254 2046 1457 2087 annual-io
1487 2046 1660 2086 tributo.
1715 2047 1774 2087 Et

327 2103 411 2141 cos]
439 2105 579 2142 Danus
610 2117 767 2142 remase
792 2103 932 2155 signor
972 2102 1023 2140 de
1054 2108 1160 2140 tutta
1190 2102 1227 2140 la
1254 2100 1466 2144 Vulachia.
1523 2102 1772 2142 Retornamo

327 2158 457 2196 ormai
490 2159 555 2197 col
587 2172 755 2197 sermon
795 2164 936 2196 nostro
979 2156 1016 2195 al
1044 2155 1169 2210 figliol
1195 2156 1246 2195 de
1274 2157 1398 2195 Min-ze
1427 2158 1634 2196 nominato
1663 2158 1773 2196 Dra-

326 2211 467 2264 gulion
484 2242 495 2262 ‚
525 2212 561 2251 el
588 2213 705 2264 quale
742 2226 811 2251 era
851 2211 1053 2250 malitioso
1100 2218 1140 2250 et
1167 2209 1327 2264 captivo
1345 2239 1356 2256 ‚
1390 2211 1428 2249 el
1454 2224 1529 2249 suo
1557 2224 1678 2250 nome
1702 2210 1774 2250 de·-.

329 2275 549 2306 mostrante
574 2268 617 2305 lu
651 2266 796 2306 effecto
828 2265 935 2305 delle
963 2279 1084 2319 opere
1110 2279 1198 2315 soe,
1225 2264 1370 2317 perche
1401 2264 1620 2318 Dragulios
1647 2265 1772 2318 signi-

328 2322 399 2358 fica
430 2323 649 2363 malitioso.
708 2322 864 2372 Questo
894 2335 1026 2359 venne
1052 2319 1129 2359 alle
1159 2333 1276 2358 mane
1305 2333 1384 2358 con
1415 2319 1552 2370 Dano,
1583 2327 1623 2359 et
1651 2319 1772 2358 final..

327 2384 462 2414 mente
494 2375 530 2414 el
560 2377 668 2414 vinse
690 2377 731 2414 in
757 2374 961 2429 batagliar,
994 2376 1032 2414 al
1061 2373 1157 2428 qual
1184 2375 1299 2413 vinto
1328 2372 1454 2426 taglib
1481 2373 1521 2412 la
1547 2380 1661 2416 testa.
1718 2374 1774 2414 Et

329 2430 415 2468 cosi
443 2430 659 2482 Dragulios
686 2444 818 2469 venne
845 2432 985 2483 signor
1012 2429 1079 2468 del
1109 2428 1259 2468 ducato
1287 2435 1468 2481 paterno.
1522 2429 1655 2468 Intesa
1680 2430 1772 2467 Mo-

329 2492 393 2522 rat
425 2484 464 2522 la
494 2491 627 2523 morte
671 2484 722 2523 de
750 2486 919 2533 Dauos,
949 2498 1027 2523 con
1056 2483 1239 2522 molestia
1284 2482 1324 2521 la
1351 2489 1594 2536 soportava,
1623 2483 1773 2535 perche

328 2538 455 2576 havea
487 2538 527 2576 in
558 2539 595 2577 le
623 2553 693 2578 sue
735 2554 854 2578 mane
890 2539 1021 2577 l‘altro
1062 2537 1220 2577 fratello
1249 2537 1299 2577 de
1336 2537 1504 2587 Danos3
1532 2544 1572 2576 et
1598 2537 1773 2576 volendo

248 2607 315 2640 203
330 2593 542 2631 constituir
570 2592 671 2632 duca
706 2593 745 2631 in
773 2595 862 2633 loco
891 2593 942 2631 (le
972 2607 1044 2632 suo
1073 2591 1230 2631 fratello
1257 2598 1393 2630 morto
1413 2621 1424 2641 ,
1455 2590 1604 2630 mande>
1634 2591 1774 2644 quello

329 2661 409 2686 con
436 2647 585 2700 grande
615 2649 796 2700 potentia
827 2650 868 2686 in
899 2647 1109 2687 Vulachia.
1166 2646 1411 2700 Draghulios
1439 2645 1772 2698 apparechiatose

331 2701 409 2741 alla
454 2702 652 2754 bataglia‚
706 2702 936 2740 virilmente
967 2709 1111 2741 contra
1140 2701 1290 2740 inimici
1323 2699 1589 2754 repugnando
1608 2729 1619 2750 ‚
1649 2714 1771 2739 vense

331 2763 371 2797 et
403 2756 540 2797 amazb
568 2757 604 2796 el
632 2756 791 2796 fratello
820 2757 870 2796 de
899 2757 1056 2809 Dauos,
1088 2763 1129 2796 et
1157 2769 1272 2796 senza
1299 2754 1405 2795 altro
1433 2761 1636 2795 conti-asto
1663 2754 1767 2795 teni-
