1916 3210
639 139 712 179 AD
753 137 871 181 CAP.
897 140 949 179 v.
977 136 1174 180 NOTAE.
1523 118 1634 187 543

173 253 286 289 Ἄθω·
310 238 519 293 Byzantio
556 239 779 281 discederet
793 270 806 292 ‚
853 243 896 282 in
917 240 1122 296 palatium
1152 237 1429 279 iterumabiie'
1451 238 1635 294 impera..

171 297 264 343 trini
279 295 595 345 *valedicumcu
641 311 744 350 quae
782 310 872 336 eum
916 298 1078 336 hortata
1128 295 1262 349 ipsum
1288 295 1441 346 suisset
1486 304 1530 334 ut
1563 295 1635 335 Io·

166 351 305 398 Ioanni
350 351 587 406 impetatori
635 351 879 391 adolescenti
914 350 1064 407 filiam
1099 364 1211 389 suam
1253 348 1539 404 desponderet,
1589 352 1639 391 id

151 407 307 460 facere
335 415 432 462 post
465 405 633 447 reditum
669 420 783 447 suum
823 421 880 446 ex
908 407 1111 448 occidente
1142 403 1325 455 distulit,
1354 405 1541 446 dissentit
1567 419 1634 446 er·-

169 475 278 516 gnia
305 460 592 505 Cantacuzeno
632 461 769 501 Ducas
798 470 963 513 noster,
993 465 1062 516 qui
1096 475 1192 502 eum
1221 459 1409 501 ambiisse
1436 474 1631 515 generum

167 515 249 558 sibi
277 517 573 571 imperatorem
601 516 820 557 adsciscere
846 525 1008 568 nan-at,
1041 529 1218 571 eumque
1250 517 1439 570 repulsae
1465 516 1761 570 impiati-1121,

167 571 584 673 gssaeoem,i¹¹V5di²¹‘lue
611 586 833 626 procerum
866 587 909 614 se
937 574 1022 631 peti
1035 571 1442 614 ⁴‘animadvertentem
1470 570 1632 627 Cpolim

168 671 172 674 ,
240 641 407 672 emisse·

187 722 192 729 ,
278 681 334 724 P.
353 697 422 735 20,
448 684 508 726 15.
536 676 857 735 ἕξἈλαμανῶ’ν
870 677 938 738 ἧν]
967 683 1102 723 Ducas
1118 698 1209 724 eam
1225 698 1271 724 ex
1282 682 1499 723 Alemania
1510 682 1632 724 fuisse

168 736 299 790 dicit3
335 739 452 793 quod
482 739 652 779 fortasse
671 739 899 779 Sabaudiae
928 741 1100 779 comites
1135 739 1306 794 imperio
1334 738 1519 779 subditos
1545 754 1632 780 esse

164 793 358 846 sciverim
387 795 452 835 vel
492 794 608 849 quod
651 795 795 834 eadem
823 795 988 848 regione
1014 802 1146 835 ortam
1174 810 1222 835 ac
1250 795 1563 848 imperatricem«
1583 810 1631 836 ex

166 849 703 894 ducumBrunsvicensium
735 851 946 904 prosapia,
980 851 1146 890 Annam
1187 849 1413 891 Andronici
1457 851 1629 891 senioris

166 918 366 956 uxorem,
392 906 626 950 crediderit.
654 921 800 946 verum
840 908 1146 947 Cantacuzenus
1172 906 1303 960 ipsam
1329 919 1375 945 ex
1404 905 1632 948 sabaudiae

165 960 393 1003 comitibus
422 969 557 1002 ortam
586 963 741 1002 asserit.
773 962 885 1016 quod
915 961 1128 1002 confirmat
1157 961 1396 1002 Lambertus
1428 962 1631 1002 Vauder·

165 1015 369 1067 Burchius
411 1018 454 1058 in
497 1017 781 1058 Sabandorum
809 1017 961 1057 ducum
987 1019 1304 1072 principumque
1332 1016 1506 1056 historia
1531 1032 1631 1072 gen-

164 1070 299 1112 tilitia.
343 1072 415 1114 sed
452 1071 568 1113 illam
615 1081 737 1114 vocat
772 1073 1010 1113 lohannam.
1049 1074 1109 1114 sic
1147 1075 1289 1128 itaque
1318 1070 1409 1112 ilie:
1440 1073 1631 1115 [ohanna

163 1141 274 1168 aanor
284 1128 517 1172 Andronici
542 1130 786 1183 Palaeologi
816 1129 1070 1183 imperatoris
1100 1129 1326 1181 Byzantini
1337 1159 1350 1178 ‚
1377 1128 1554 1169 Amedei
1571 1130 1629 1170 lv

164 1181 402 1226 Sabaudiae
429 1186 583 1225 comitis
612 1186 708 1226 VIII
741 1194 782 1225 et
810 1184 1019 1224 Iohannae
1046 1185 1328 1225 Brabantinae
1342 1183 1462 1239 filia.
1522 1186 1630 1225 Gre-

163 1252 286 1291 goras
314 1237 441 1281 lih..8
471 1254 506 1281 e.
553 1239 709 1295 penult.
740 1240 986 1296 appellatam
1029 1239 1152 1282 fuisse
1179 1244 1341 1281 Annam
1369 1245 1528 1280 mutato
1555 1255 1630 1281 no-

163 1293 440 1338 minetradit.

276 1349 329 1391 P.
345 1365 414 1402 21,
430 1365 471 1406 7.
484 1348 568 1404 πρὸ
589 1346 781 1392 θανάτου
796 1347 872 1404 τήν
891 1347 1117 1406 σκότωσιν]
1145 1350 1486 1392 Excaecationem
1506 1359 1549 1392 ut
1567 1352 1631 1392 vi·-

165 1408 446 1448 tet’monent:
477 1406 712 1448 verosimile
730 1405 841 1448 enim
861 1414 919 1447 est
952 1408 1086 1461 ipsum
1114 1407 1412 1449 excaecandum
1435 1407 1573 1459 fuisse,
1597 1408 1632 1448 si

165 1467 268 1505 tunc
295 1470 439 1517 captus
466 1462 610 1503 fuisset
626 1492 639 1514 ‚
667 1469 718 1502 ut
757 1462 928 1517 imperio
966 1465 1128 1518 ineptus
1163 1462 1437 1513 redderetur3
1466 1463 1633 1517 ipseque

165 1516 470 1560 Cantacuzenus
487 1517 559 1558 lib.
573 1517 600 1571 4
625 1518 702 1559 sub
720 1518 846 1558 finem
865 1531 1019 1573 genero
1038 1533 1113 1560 suo
1144 1518 1322 1558 Iohanni
1349 1520 1495 1573 gratias
1521 1519 1604 1573 agit
1617 1550 1628 1567 ‚

165 1571 286 1626 quod
311 1574 568 1615 Matthaeum
597 1574 928 1614 Cantacuzenum
958 1574 1089 1615 filium
1125 1587 1209 1613 non
1237 1575 1532 1615 excaecaverit:
1564 1574 1633 1615 hic

164 1627 283 1671 enim.
303 1629 523 1684 imperim
548 1629 779 1677 affectabat,
803 1637 843 1670 et
869 1638 1067 1683 regnante
1095 1637 1213 1684 patre
1241 1629 1531 1671 Cantacuzeno
1561 1630 1636 1670 de·

162 1690 280 1737 spota
307 1684 544 1739 designatus
568 1686 716 1726 fuerat.
770 1685 1106 1741 Theophylaetus
1126 1685 1350 1726 Simocatta
1385 1685 1483 1730 hist.
1514 1689 1634 1726 Mau-

162 1740 353 1781 ticianae
367 1740 440 1784 lib.
471 1740 512 1793 4
537 1755 624 1793 cap.
654 1741 682 1781 6
713 1741 765 1781 de
792 1749 1005 1782 excaecato
1036 1741 1262 1781 Hormisda
1290 1741 1510 1782 Persarum
1539 1756 1634 1794 rege

162 1807 188 1837 a
212 1794 386 1836 subditis
411 1797 495 1836 suis
518 1796 648 1837 verba
677 1796 867 1836 faciendo
900 1797 1012 1837 hisce
1042 1798 1212 1850 exponit
1230 1825 1243 1846 .,
1273 1794 1402 1837 νύκτα
1431 1796 1521 1838 κατ’
1552 1795 1631 1837 αὖ·

161 1849 241 1890 τοῦ
267 1847 316 1890 τὸ
354 1848 503 1892 λοιπὸν
531 1848 604 1891 διὰ
642 1848 798 1898 παντὸς
841 1849 1104 1906 ἐψηφίζοντο
1121 1881 1133 1901 ,
1174 1859 1291 1893 nocte
1315 1861 1512 1907 perpetua
1541 1866 1633 1892 eum

161 1904 442 1957 damnarunt,
471 1921 523 1947 ne
548 1913 595 1946 ut
623 1906 805 1948 Cabades
835 1907 933 1947 olim
962 1907 1176 1962 aufugeret
1204 1914 1248 1948 et
1276 1906 1548 1949 contumelias
1576 1908 1632 1948 si—

161 1960 206 2001 bi
234 1959 368 2003 illatas
395 1962 675 2004 ulcisceretur.

274 2018 327 2063 Ρ.
343 2031 468 2074 ²¹²9·
499 2016 538 2060 οἱ
566 2017 614 2057 δὲ
628 2017 700 2070 τῆς
716 2014 877 2065 πόλεως
903 2011 1032 2058 ἄλλον
1055 2017 1141 2058 ἄντ’
1171 2015 1323 2071 αὐτοῦ]
1355 2019 1399 2057 In
1421 2018 1628 2058 Cantacu-

162 2087 325 2125 aenum,
342 2074 441 2114 dum
455 2073 572 2128 Cpoli
587 2074 701 2113 abest
716 2074 963 2127 reipublicae
983 2088 1116 2125 causa,
1133 2073 1285 2113 invidia
1306 2080 1346 2112 et
1362 2074 1459 2114 odio
1472 2076 1627 2114 accensi

193 2130 405 2171 atriarcha
421 2135 463 2170 et
475 2129 747 2184 Apocauchus
767 2130 1005 2178 coniurant,
1039 2136 1079 2169 et
1108 2137 1153 2168 ut
1169 2129 1326 2169 hostem
1346 2130 1627 2182 proscribunt,

125 2224 129 2227 ,
161 2143 311 2240 liicque
338 2183 570 2240 praefectus
600 2184 695 2224 urbi
724 2193 887 2225 creatus
914 2192 986 2228 est.
1045 2186 1351 2225 Cantacuzcuus
1380 2185 1452 2228 lib.
1483 2187 1505 2226 5
1536 2200 1626 2238 cap.

163 2254 246 2282 22:
272 2239 551 2294 Ἀηόκαυχον
581 2239 627 2281 δὲ
654 2236 728 2280 τὸν
755 2238 1135 2293 παρακοιμώμενον
1168 2234 1358 2290 ἄρχοντα
1382 2240 1626 2290 Βυζαντίου

161 2289 458 2346 &monzun-sc
500 2296 691 2337 ἐκέλευον
735 2293 806 2335 τὸν
834 2292 1014 2346 πόλεμον
1043 2299 1169 2334 κινεῖν
1200 2291 1301 2334 ὅθεν
1329 2289 1382 2335 ἂν
1410 2295 1526 2351 αὐτῷ
1555 2296 1626 2336 (50-

160 2351 253 2404 κοιἠ
284 2352 477 2404 Baistor..
535 2353 830 2407 Apocauclzum
858 2366 955 2391 vero
985 2352 1245 2391 accubitor-em
1276 2351 1476 2404 Byzantii
1496 2366 1626 2407 prae-

141 2408 305 2459 ficiam
343 2417 551 2457 crearunt,
597 2410 869 2461 iusseruntque
916 2408 960 2446 in
988 2421 1261 2462 quascumque
1291 2416 1436 2462 partes
1452 2437 1464 2458 ‚
1497 2416 1623 2463 prout

159 2463 243 2516 ipsi
268 2478 289 2502 e
332 2464 539 2518 republica
578 2466 715 2504 visum
756 2464 835 2501 erit
851 2493 861 2509 ‚
903 2462 1049 2501 bellum
1078 2471 1250 2504 movere.
1280 2464 1467 2517 quisnam
1499 2463 1622 2503 suerit
1635 2473 1675 2508 V,
1699 2486 1755 2520 ¹7¹

161 2519 235 2558 iste
277 2519 581 2572 Apocauchus,
630 2525 670 2557 et
703 2518 810 2557 unde
855 2524 996 2567 ortus,
1036 2518 1228 2558 discimus
1277 2533 1300 2558 a
1341 2519 1621 2559 Cantacuzeno

160 2571 231 2618 lib.
265 2574 318 2614 5:
350 2566 471 2620 οὗτος
498 2572 580 2627 γὰρ
612 2571 662 2627 δὴ
693 2571 715 2612 ὁ
747 2571 1126 2626 παρακοιμώμενος
1158 2573 1204 2613 ὲκ
1238 2573 1449 2621 Βιθυνίας
1475 2572 1621 2627 ὥρμη-

159 2627 284 2679 μένος
321 2626 395 2670 καί
424 2623 585 2682 ἄσημος
614 2628 660 2669 ἐκ
689 2625 865 2683 φαύλων
903 2625 1015 2681 φύς,
1043 2624 1094 2668 τὰ
1124 2628 1271 2681 πρῶτα
1301 2628 1380 2680 μὲν
1399 2627 1624 2681 &nervoqu-

160 2681 346 2733 μάτευσε
387 2686 554 2731 πολλοῖς
599 2684 682 2724 τῶν
730 2681 781 2722 τὰ
823 2680 1007 2736 δημόσια
1046 2680 1253 2735 χρήματα
1291 2683 1623 2736 εἰσπραττόντων

159 2735 302 2793 ὀλίγου
331 2736 461 2781 ἕνεκα.
490 2739 666 2792 μισθοῦ.
717 2740 783 2781 hic
814 2739 1019 2780 accubitor
1050 2738 1358 2796 [Apocauchus]
1390 2754 1447 2781 ex
1477 2742 1621 2792 Bithy-
