1916 3210
400 213 610 257 rrAucE
650 211 984 257 nmssnpne'rn
1021 211 1274 257 mmmm.
1449 197 1517 272 37
1538 218 1552 251 ι

116 317 255 359 focem
281 315 377 375 quel
403 315 628 356 medesimo
666 315 720 356 ad
747 315 984 358 Andronico
1022 315 1098 357 che
1129 328 1219 356 esso
1245 315 1376 358 havea
1405 317 1513 358 facto
1541 332 1567 358 a

114 372 353 426 cundwin,
379 371 410 412 li
446 370 630 412 moveria
666 385 814 426 guerra
853 380 895 412 et
917 370 1081 414 *tra'lor
1107 373 1188 411 mai
1219 372 1294 426 pin
1319 373 1422 413 seria
1448 387 1565 427 paxe.

112 428 247 470 Aleta
262 428 433 469 Zuanne
459 425 706 481 impet-ador,
737 441 763 467 o
789 428 891 468 ch’el
919 443 961 469 se
983 440 1242 483 cognoscesse
1268 427 1311 467 in
1346 427 1461 468 l'arte
1490 430 1569 468 mi-

114 482 451 525 litare-invalido
493 489 535 522 et
573 484 727 536 impare
770 483 822 523 ad
858 484 1046 534 Morato,
1076 496 1102 522 o
1146 482 1222 522 che
1249 483 1488 537 procedesse
1515 484 1569 524 da

246 538 479 587 intellecto,
509 551 625 578 come
655 540 698 577 in
725 539 817 578 altri
847 542 904 578 soi
923 540 1018 579 facti
1048 538 1180 578 havea
1209 537 1457 580 demostrato
1492 539 1570 580 che

113 552 247 635 Eam
274 597 385 650 *poca
417 592 659 651 pru'dentia,
704 601 744 633 et
782 594 833 633 de
871 594 974 634 altro
1003 608 1088 634 non
1116 593 1268 634 havere
1295 595 1569 649 intelligentia

114 648 195 690 che
222 648 275 690 de
311 662 409 690 -cose
439 648 649 689 lasciviose
691 657 732 689 et
758 650 839 689 vile
855 679 865 698 ‚
894 651 943 689 ne
970 650 1045 704 pin
1072 662 1221 689 curare
1248 650 1287 690 le
1311 652 1466 706 grande
1496 651 1572 691 che

114 703 155 745 le
175 704 338 760 'piceoie
361 717 453 745 cose
469 734 480 753 ,
513 711 552 744 et
591 710 701 744 tutte
729 719 803 758 per
830 705 867 744 el
892 718 966 745 suo
997 705 1242 745 andamento
1258 734 1271 756 ,
1305 721 1425 747 come
1452 721 1571 746 acca-

55 795 59 801 .
116 759 244 812 dono,
274 773 392 800 senza
416 761 560 799 alcuna
584 774 686 800 cura
711 760 839 800 135531·
863 759 1004 812 fluere,
1035 761 1118 800 fece
1142 759 1276 809 anche
1302 762 1359 803 lui
1390 777 1516 802 cavar
1542 762 1571 802 li

114 814 213 855 oehi‘
235 814 288 855 ed
300 814 552 859 Andronico.
582 822 622 854 et
649 829 731 855 non
752 817 974 856 solamente
993 823 1136 870 questa
1163 814 1338 857 stultitia
1362 817 1572 870 commise,

115 881 185 910 ma
219 869 351 911 anche
374 871 550 911 un’altra
591 885 730 910 mazor
768 871 948 922 insania,
997 872 1074 911 che
1102 871 1187 912 fece
1215 885 1342 912 cavar
1369 872 1398 912 li
1425 872 1519 913 ochi
1549 887 1574 912 a

114 923 276 966 Zuanni
303 940 378 967 suo
409 933 578 980 nepote,
607 925 756 980 figliolo
788 927 840 966 de
865 927 1105 966 Andronico
1125 956 1137 977 ‚
1164 927 1336 968 essendo
1367 935 1483 982 putto
1509 930 1577 968 in-'

116 979 230 1021 &nte
257 995 366 1036 puro
397 989 438 1022 et
462 983 692 1025 innocente.
748 983 804 1022 Et
834 982 876 1021 in
908 982 998 1022 loco
1026 983 1076 1022 de
1103 981 1342 1022 Andronico
1371 983 1467 1023 ereb
1496 983 1577 1024 im-

147 1035 564 1077 eradoreEmanuele
591 1051 665 1076 suo
692 1037 870 1077 secundo
901 1037 1022 1089 fiolo;
1053 1045 1094 1077 et
1111 1037 1357 1089 Theodoro,
1387 1037 1425 1078 el
1455 1039 1577 1093 quale

115 1049 163 1132 ᾗ
192 1092 235 1134 el
259 1098 397 1144 terzo,
447 1093 534 1133 fece
563 1092 731 1146 dispoto
781 1093 832 1132 de
860 1093 1209 1135 Lachiedemonia.
1268 1093 1512 1134 Andronico
1536 1102 1579 1135 et

117 1147 287 1189 Zuanne
314 1162 390 1188 suo
414 1147 528 1200 fiolo,
563 1148 750 1188 ambedoi
771 1147 915 1197 ciechi,
947 1163 1023 1187 con
1051 1149 1090 1187 la
1114 1148 1274 1188 infelice
1303 1150 1499 1204 mogliera
1526 1150 1579 1190 de

117 1200 360 1243 Andronico
378 1233 390 1253 ,
431 1204 519 1244 fece
557 1202 708 1243 fen-mar
741 1205 782 1242 in
824 1202 863 1242 la
892 1203 997 1243 forte
1023 1218 1204 1257 prexone
1233 1203 1284 1243 de
1314 1204 1353 1245 la
1381 1212 1499 1245 torre
1528 1205 1580 1245 de
1598 1211 1642 1254 45

116 1257 339 1310 Annema3
378 1260 421 1299 in
450 1258 490 1299 13
536 1259 657 1313 quale
695 1258 899 1312 passando
935 1259 1006 1297 doi
1049 1260 1172 1308 anni,
1203 1257 1235 1297 li
1273 1259 1474 1312 Zenoesi,
1503 1261 1581 1301 che

117 1311 368 1355 habitaveno
397 1315 448 1366 in¹
470 1314 615 1354 Galata
633 1343 647 1364 ‚
679 1314 708 1353 li
751 1314 1033 1367 scapularonO.
1089 1314 1172 1353 Per
1202 1313 1241 1352 la
1272 1315 1372 1367 qual
1417 1330 1510 1355 cosa
1567 1318 1581 1355 i

46 1387 51 1394 ‘
116 1368 258 1410 Latini
285 1367 489 1420 Galatani,
519 1377 625 1409 sotto
652 1383 805 1409 caxone
834 1369 886 1408 de
921 1368 1184 1420 Andronico,
1215 1383 1511 1410 comenzarono
1541 1370 1582 1411 la

120 1437 272 1519 ἔπειτα
299 1437 376 1464 con
404 1423 444 1464 la
472 1425 572 1464 citt&
599 1425 822 1478 imperiale.
881 1425 936 1464 Et
962 1424 1078 1463 molti
1108 1425 1219 1464 zorni
1240 1426 1513 1466 combatendo
1542 1426 1581 1466 el

146 1479 228 1535 glio
255 1477 321 1520 col
347 1487 464 1533 patre
491 1479 540 1519 e'l
569 1486 688 1534 patre
716 1479 780 1519 col
811 1479 945 1533 figlio,
975 1480 1058 1519 0051
1085 1481 1374 1533 permcttendo
1404 1482 1446 1520 la
1474 1482 1580 1521 divi-

119 1548 174 1575 na
199 1536 357 1575 iustitia
382 1548 458 1588 per
485 1534 515 1575 li
542 1534 702 1590 periuri
730 1542 771 1574 et
806 1536 973 1589 impiet&
1003 1535 1044 1574 (11
1076 1536 1220 1586 Greci,
1249 1549 1332 1589 pur
1359 1536 1479 1576 aliine
1493 1537 1582 1576 An-

120 1589 298 1631 dronico
332 1589 553 1631 victorioso
589 1590 699 1630 intrb
741 1590 784 1630 in
821 1591 859 1629 la
900 1591 1003 1640 cite,
1039 1598 1079 1629 et
1109 1591 1161 1629 da
1188 1593 1284 1629 tutti
1313 1592 1357 1630 fo
1388 1592 1430 1631 di
1459 1592 1583 1632 Greci

118 1645 322 1686 chiamato
349 1645 624 1699 imperadore.
685 1646 856 1686 Zuanne
883 1659 958 1685 suo
985 1653 1125 1699 patre,
1155 1646 1356 1686 Emanuel
1385 1655 1426 1687 et
1448 1648 1583 1687 Theo·

119 1701 227 1742 doro
252 1700 315 1742 soi
353 1699 504 1741 fratelli
541 1701 689 1741 forono
727 1702 839 1756 presi
887 1708 927 1740 et
959 1701 1000 1740 in
1045 1700 1182 1755 quella
1207 1702 1435 1742 medexima
1465 1709 1584 1743 torre

119 1757 378 1811 inprexonati
401 1785 414 1808 ,
446 1757 488 1795 in
527 1756 567 1796 la
595 1756 715 1812 quale
745 1757 983 1796 Andronico
1012 1770 1080 1795 era
1106 1764 1226 1797 stato.
1287 1758 1443 1808 Questa
1470 1764 1584 1799 torre

121 1810 384 1866 l'imperador
423 1812 594 1852 Zuanne
632 1826 757 1852 usava
782 1826 898 1852 come
937 1813 1089 1865 Iupiter
1137 1813 1173 1851 el
1216 1818 1394 1852 tartareo
1422 1813 1584 1854 inferno

122 1879 198 1920 per
224 1874 342 1908 tener
368 1868 411 1906 in
441 1881 597 1920 prexon
625 1869 805 1908 Saturno
838 1882 910 1907 suo
938 1875 1074 1920 patre,
1108 1867 1303 1920 Neptuno
1333 1875 1376 1908 et
1404 1868 1584 1908 Plutone

123 1921 188 1962 soi
215 1922 378 1963 fratelli.
443 1923 512 1961 Ma
547 1923 715 1976 compiti
753 1922 823 1961 doi
853 1923 978 1970 anni,
1023 1923 1195 1961 Zuanne
1226 1923 1319 1962 dala
1358 1937 1511 1977 prezon
1543 1925 1584 1963 fo

123 1978 333 2032 scapulato
369 1977 421 2017 da
451 1977 496 2017 lu
523 1980 635 2017 aiuto
668 1978 720 2017 de
749 1991 832 2016 uno
860 1977 1064 2016 Demonio
1094 1991 1193 2017 over
1221 1978 1388 2025 Anzelo,
1414 1992 1440 2017 o
1469 1978 1584 2017 vole-

68 2037 72 2040 ”
127 2047 196 2072 mo
215 2062 228 2084 ‚
260 2033 326 2074 dir
357 2032 408 2072 de
437 2032 544 2073 tutti>
568 2032 658 2080 doi3
694 2033 847 2086 perche
875 2032 1012 2086 quello
1040 2046 1118 2084 per
1146 2032 1185 2071 13
1213 2035 1278 2071 cui
1307 2046 1433 2086 opera
1463 2033 1502 2072 fo
1530 2033 1583 2073 li..

122 2088 287 2140 beram,
316 2101 360 2130 se
391 2088 552 2129 chiamb
583 2088 767 2143 Dyavolo
797 2087 964 2129 Anzelo.
1020 2088 1062 2127 Si
1091 2087 1165 2126 che
1192 2100 1217 2125 0
1246 2101 1325 2141 per
1345 2087 1526 2142 angelica
1555 2103 1582 2128 ο

125 2143 339 2198 dyabolica
366 2150 455 2184 arte
487 2145 528 2184 so
554 2144 725 2184 liberato
749 2145 918 2183 Zuanne
940 2142 1160 2196 Paleologo
1189 2142 1241 2182 da
1268 2142 1309 2182 13
1334 2156 1515 2196 prexone
1543 2151 1585 2183 et

125 2199 169 2238 in
197 2199 322 2240 barca
346 2200 550 2240 conducto
582 2200 621 2239 al
651 2200 740 2239 loco
767 2199 969 2239 chiamato
988 2198 1190 2240 Scutario.
1249 2199 1310 2237 Lo
1339 2198 1583 2252 imperador

127 2253 386 2304 Andronico,
419 2255 550 2296 intesa
579 2255 619 2295 la
647 2255 745 2309 fuga
771 2253 836 2294 del
866 2261 986 2308 patre
1011 2262 1051 2294 et
1080 2253 1237 2307 srategli
1266 2254 1351 2306 soi,
1380 2268 1463 2293 non
1493 2255 1583 2294 vol-

126 2323 171 2350 se
198 2310 269 2364 pin
298 2311 407 2352 oltra
444 2311 658 2366 proseguir
693 2312 731 2349 la
770 2311 934 2350 fortuna
984 2309 1025 2348 di
1054 2310 1199 2358 Greci,
1253 2324 1319 2349 ma
1357 2316 1464 2349 sotto
1493 2309 1585 2349 fede

158 2365 296 2406 ublica
344 2374 385 2407 et
424 2366 660 2407 inviolabile
695 2374 949 2405 sacramento
987 2365 1072 2404 fece
1099 2372 1240 2404 tornat·
1282 2364 1318 2404 el
1347 2373 1463 2418 patre
1489 2373 1529 2404 et
1555 2366 1584 2404 li

127 2378 292 2473 ilatelm
319 2420 348 2461 li
377 2421 486 2477 quali
507 2424 549 2461 in
568 2422 607 2461 la
635 2422 712 2461 cith
736 2423 915 2461 rezevuti
934 2434 1009 2460 con
1039 2421 1147 2473 pieth
1174 2426 1215 2460 et
1229 2420 1451 2460 riverentia
1481 2420 1584 2459 filia-

129 2474 195 2527 le,
242 2476 330 2516 fece
355 2478 569 2517 ascendere
599 2478 635 2517 el
665 2484 784 2530 patre
824 2485 864 2517 et
895 2476 1037 2515 sedere
1067 2476 1108 2514 in
1137 2477 1175 2515 la
1205 2475 1317 2515 sedia
1347 2475 1581 2530 imperiale3

129 2537 171 2570 et
197 2531 256 2571 lui
283 2533 352 2586 poi
380 2546 459 2573 con
482 2533 611 2572 multa
639 2533 825 2572 humilith
875 2531 1089 2585 procidivo
1119 2531 1170 2570 ali
1201 2533 1258 2570 501
1289 2531 1382 2585 pedi
1413 2531 1582 2571 doman·
1595 2543 1642 2588 46

129 2584 186 2625 db
214 2588 499 2641 perdonanza‚
528 2588 567 2628 la
598 2589 720 2643 quale
748 2603 823 2627 con
854 2583 1011 2641 grarde
1038 2588 1313 2640 compassione
1341 2594 1380 2625 et
1409 2586 1584 2640 cordog-

131 2639 188 2681 110
213 2643 281 2682 dal
294 2643 459 2684 dolente
475 2651 592 2698 patre
611 2644 800 2698 impetro.
832 2642 1070 2682 Andronico
1088 2642 1139 2681 de
1170 2657 1251 2681 uno
1271 2642 1388 2682 oehio
1405 2657 1485 2682 non
1513 2656 1585 2682 era

131 2695 175 2735 in
198 2702 305 2738 tutto
338 2699 429 2738 dela
455 2698 544 2740 luce
572 2701 711 2754 privo,
741 2706 780 2738 et
803 2699 970 2738 Zuanne
999 2713 1074 2738 suo
1102 2697 1196 2737 fiolo
1226 2713 1296 2738 era
1325 2697 1430 2736 facto
1457 2698 1587 2748 lusco,

131 2765 199 2790 ma
244 2767 327 2793 non
355 2754 499 2794 orbato
529 2755 581 2794 de
611 2755 649 2794 la
677 2755 798 2794 vista.
852 2755 1062 2795 Pentitose
1096 2754 1287 2808 adunque
1325 2751 1587 2805 l'imperador

130 2805 182 2845 de
211 2805 238 2846 li
267 2809 325 2849 soi
346 2812 554 2851 commessi
576 2811 712 2861 errati,
741 2817 779 2850 et
803 2809 891 2850 l'ira
909 2823 979 2851 sua
1007 2809 1060 2849 ad
1080 2808 1352 2850 misericordia
1376 2822 1588 2857 conversa,
