1916 3210
333 129 447 203 474
806 148 989 192 DUCAE
1011 147 1281 189 nis'roam

332 247 428 288 dani
471 250 579 290 muri
621 257 659 290 et
688 249 783 290 (13111
811 249 1003 290 stecchati
1043 264 1116 289 con
1147 251 1344 304 vei-ettoni
1371 251 1552 292 saiettine
1576 257 1623 292 ct
1645 250 1765 292 bom-

334 303 492 351 barde,
527 305 677 358 perche
702 304 779 344 alla
810 304 888 344 cita
930 318 1064 343 mazor
1089 303 1259 358 perdeta
1288 312 1330 345 et
1357 320 1495 345 mazor
1521 306 1670 348 damno
1696 321 1765 347 era

254 355 370 401 26713
401 366 531 398 morte
567 359 618 399 de
654 373 737 398 uno
754 360 904 399 Romeo
932 360 1142 410 oLatin0‚
1183 359 1259 399 che
1296 361 1335 400 al
1371 361 1507 414 signor-
1533 360 1698 402 'nn-cho
1725 360 1765 401 la

335 421 466 452 morte
503 414 553 453 de
591 421 709 453 cento
745 413 786 452 di
828 412 890 452 soi
917 414 1082 453 subditi.
1153 413 1340 455 Cresceva
1378 414 1420 455 lu
1451 415 1623 456 exet-cito
1653 416 1765 455 'rur-

331 467 503 507 cbescho
532 468 581 508 da
607 482 730 508 zorno
755 469 796 506 in
818 481 940 507 zorno
969 469 1020 508 de
1048 467 1201 508 homini
1228 469 1303 509 che
1329 469 1380 510 de
1404 484 1477 510 sue
1503 470 1670 510 volunta
1688 476 1765 511 ved

333 522 498 566 nivano.
553 523 693 562 Erano
721 523 762 561 in
789 536 933 576 campo
958 529 1106 562 contra
1134 523 1172 563 la
1201 525 1296 572 cita,
1326 525 1501 565 secondo
1528 526 1564 565 el
1593 536 1767 565 comune

332 576 515 623 arbitrio,
542 577 696 616 homini
725 576 796 629 pin
825 578 876 617 de
905 577 983 627 400
1009 578 1133 617 milia.
1164 578 1212 617 Li
1241 579 1409 620 Zenuesi
1426 580 1477 619 de
1506 579 1675 628 Galata,
1706 593 1765 619 es·

331 632 457 670 sendo
493 631 956 677 anchoraMechemeth
1000 633 1040 672 in
1073 632 1342 687 Andrinopoli
1369 641 1410 674 et
1438 649 1511 689 pei·
1537 635 1652 675 venir
1681 632 1766 675 allo

330 686 482 725 assedio
524 686 573 724 de
612 686 987 740 Constantinopoli,
1036 687 1065 726 11
1094 687 1229 728 hanno
1255 689 1444 730 mandato
1473 688 1732 729 ambaxiatori
1749 718 1763 737 ‚

330 741 682 780 commemorando
720 741 758 780 la
787 742 1028 781 inmaculata
1067 741 1130 781 101·
1159 743 1332 783 amicitia
1360 757 1478 784 verso
1510 744 1559 784 de
1587 745 1671 786 hii.-
1711 744 1767 784 Et

330 810 417 834 esso
446 795 767 836 siniulatamente
796 797 1080 850 respondendo
1116 798 1253 837 diceva
1283 812 1394 839 esser
1421 797 1510 839 loro
1538 813 1643 839 vero
1664 798 1766 837 ami-

330 864 412 900 0ος
453 857 493 889 et
518 851 592 890 che
620 850 839 891 dal’amore
869 866 987 892 verso
1016 852 1068 892 de
1094 852 1189 891 loro
1216 853 1358 892 nisuno
1385 853 1423 893 el
1450 854 1570 907 putria
1594 855 1674 893 mai
1701 867 1768 894 se-

330 918 502 958 parare,
533 920 610 959 pur
639 906 713 945 che
746 919 826 946 non
855 907 1039 960 dagheno
1067 907 1268 946 adiutorio
1301 907 1362 947 ala
1391 907 1539 948 citade.
1595 908 1650 948 Et
1679 908 1766 948 cos‘i

329 959 358 998 li
388 959 524 999 hanno
556 974 778 1013 promesso.
835 963 901 1000 Ma
930 975 1044 1000 come
1071 961 1108 1000 el
1139 963 1218 1001 fine
1245 961 1297 1001 ha
1322 963 1568 1002 demostrato
1585 991 1599 1014 ‚
1627 962 1666 1002 le
1694 976 1766 1016 pe·-

327 1028 423 1052 core
448 1015 591 1054 soi-ono
631 1017 818 1068 inganate
844 1015 910 1054 dal
948 1016 1060 1069 lopo,
1093 1016 1242 1069 perche
1269 1017 1393 1069 quelli
1420 1017 1470 1056 de
1498 1017 1638 1057 Galata
1662 1024 1768 1070 pen-

275 1113 278 1116 ,
327 1083 423 1107 sava
452 1070 528 1109 che
571 1069 611 1108 13
639 1070 804 1109 fortuna
849 1070 965 1110 dela
1004 1071 1082 1109 cita
1121 1071 1284 1111 andasse
1311 1084 1385 1124 pei·
1425 1071 1520 1126 qne}
1547 1071 1768 1111 medesimo

327 1137 446 1162 corso
486 1125 560 1163 che
590 1138 658 1164 en
684 1126 830 1164 andata
866 1139 938 1178 per
966 1126 1100 1164 avanti
1127 1125 1193 1164 nel
1220 1133 1357 1179 tempo
1385 1125 1425 1165 di
1454 1125 1674 1180 precessori
1699 1125 1768 1166 del

328 1178 461 1217 ducha
489 1179 774 1226 Mechemeth,
818 1179 846 1218 li
881 1179 990 1232 quali
1031 1181 1214 1220 havendo
1252 1180 1445 1221 assediata
1476 1180 1516 1221 la
1542 1181 1700 1231 cicade,
1729 1180 1781 1221 at.

331 1234 410 1275 fine
447 1248 501 1272 se>
527 1235 742 1286 parth-ono
793 1249 909 1274 senza
952 1235 1127 1275 victoria
1165 1243 1205 1275 et
1242 1250 1356 1275 senza
1398 1236 1565 1277 honore.
1620 1235 1674 1276 Et
1703 1236 1768 1275 nel

329 1295 470 1341 tempo
518 1287 626 1327 della
670 1289 879 1329 obsidione
917 1290 1116 1329 Galatiani
1161 1298 1364 1330 mostrava
1399 1291 1575 1331 amicitia
1617 1304 1691 1330 con
1737 1291 1768 1330 11

330 1343 587 1385 Ommanide.
663 1343 717 1383 Et
750 1344 954 1383 daxevano
980 1346 1155 1384 aiutorio
1195 1344 1274 1385 alla
1302 1345 1448 1388 citade.
1506 1344 1600 1385 Cos'n
1631 1359 1769 1408 spera-

331 1411 436 1437 11300
466 1398 527 1436 fai·
567 1412 643 1437 con
692 1407 833 1451 questo
867 1399 1076 1451 dracone,
1113 1400 1259 1439 finzere
1294 1400 1470 1440 amicitia
1501 1414 1576 1440 con
1605 1398 1664 1438 1111
1683 1429 1694 1447 ,
1725 1407 1768 1439 ct

328 1460 599 1492 ascosomente
624 1454 781 1492 aiutare
811 1453 839 1492 li
869 1453 1026 1493 Romei.
1083 1454 1152 1493 Ma
1181 1455 1220 1494 lo
1251 1461 1427 1508 tyranno
1460 1455 1637 1508 maligno
1663 1468 1768 1508 pen-

329 1507 455 1545 sando
484 1514 549 1546 tra
576 1522 617 1547 se
647 1508 729 1547 cos}
756 1507 928 1548 diceva:
962 1507 1002 1547 io
1029 1507 1183 1549 lassare)
1212 1509 1399 1549 dormire
1426 1508 1463 1549 01
1491 1515 1678 1562 serpente
1701 1511 1768 1548 in-

330 1561 409 1600 tine
433 1561 535 1601 ch’io
582 1563 766 1602 amazaro
793 1561 830 1603 el
859 1562 1075 1614 dracone3
1120 1564 1186 1616 poi
1214 1578 1291 1603 con
1321 1578 1404 1604 uno
1433 1563 1591 1618 flagello
1621 1563 1770 1603 leziero

251 1616 622 1668 268pe1cotendolo
650 1619 740 1657 insu
767 1618 804 1656 la
833 1624 934 1657 testa
953 1648 964 1666 ‚
994 1617 1164 1658 stomirb
1192 1618 1228 1657 el
1258 1625 1456 1672 serpente.
1514 1619 1569 1658 Et
1595 1619 1677 1658 cos}
1705 1619 1767 1659 fe·

330 1685 387 1710 ce.
456 1671 694 1711 coadunata
735 1672 927 1726 adunque
963 1672 1147 1712 l'armata
1173 1672 1435 1713 Turchescha
1479 1679 1522 1712 et
1546 1687 1768 1726 appresen-

327 1725 489 1766 tandosc
536 1727 627 1765 dala
671 1735 782 1780 parte
825 1727 890 1766 del
916 1741 1029 1767 mare
1057 1726 1160 1780 galie
1207 1728 1311 1767 suste
1343 1735 1382 1767 et
1402 1728 1635 1782 pal-antarie
1663 1727 1768 1768 finea

328 1782 428 1830 500,
464 1782 503 1821 10
531 1789 659 1834 porto
686 1781 791 1821 della
818 1781 915 1821 citta
944 1782 984 1821 fo
1011 1789 1166 1821 serrato
1191 1797 1269 1821 con
1291 1783 1458 1822 cathene
1489 1782 1540 1822 da
1572 1787 1692 1835 parte
1716 1782 1767 1822 de

327 1836 366 1874 13
393 1843 516 1888 porta
544 1836 635 1875 dela
665 1836 743 1876 cita
770 1837 969 1877 chiamata
1000 1836 1126 1876 borea
1160 1837 1283 1876 influe
1313 1837 1389 1876 alla
1417 1843 1536 1891 parte
1564 1837 1614 1876 de
1646 1837 1769 1877 Gala-

327 1898 381 1932 ta.
414 1891 467 1930 Et
491 1890 520 1930 li
550 1890 687 1931 navilii
715 1898 883 1933 stevano
912 1892 990 1933 3113
1016 1891 1081 1931 fila
1107 1892 1280 1937 dentro‚
1311 1892 1544 1946 guardando
1577 1891 1614 1931 el
1642 1899 1764 1945 porto

327 1952 367 1984 et
392 1944 433 1984 13
461 1945 646 1986 cathena.
702 1946 758 1987 Et
785 1948 824 1987 10
850 1961 952 1987 113νο
980 1947 1126 2000 cinque
1157 1948 1354 2000 predicte,
1385 1961 1467 1986 una
1491 1945 1606 1986 ‘dello
1634 1947 1767 1999 impe-

329 2000 501 2052 radore,
545 2001 586 2040 la
617 2002 734 2055 quale
762 2016 829 2042 era
861 2009 1011 2042 venuta
1055 2003 1107 2042 da
1137 2002 1396 2055 Peloponeso
1425 2002 1572 2041 carcha
1598 1999 1651 2040 (10
1675 2001 1766 2041 fru-

327 2063 488 2107 mento,
517 2063 557 2095 et
592 2056 632 2095 le
659 2056 762 2096 altre
797 2065 947 2111 quatro
982 2058 1019 2097 le
1051 2057 1170 2110 quale
1202 2058 1416 2110 partirono
1443 2056 1493 2095 (13
1521 2057 1662 2095 zenua
1689 2069 1766 2109 per

327 2112 464 2150 venire
483 2113 525 2150 in
549 2111 721 2151 aiutorio
740 2112 789 2151 de
810 2112 1172 2164 Constantinopoli,
1201 2118 1305 2151 tutte
1336 2113 1548 2151 arivarono
1578 2109 1630 2149 ad
1650 2109 1767 2152 Chio.

328 2179 408 2204 ove
437 2179 511 2218 per
539 2173 731 2206 metterse
763 2168 909 2222 meglio
941 2167 980 2205 in
1002 2167 1149 2206 ordine
1179 2166 1283 2205 delle
1313 2180 1405 2206 cose
1433 2164 1764 2205 necessarie-alla

327 2233 486 2272 guerra,
514 2220 778 2261 demorarono
797 2222 936 2262 tutto’l
962 2236 1067 2261 mese
1083 2222 1134 2260 de
1144 2223 1294 2260 Max-zo.
1317 2221 1510 2260 Intrando
1531 2218 1568 2259 el
1588 2233 1695 2258 mese
1710 2219 1763 2259 de

326 2274 486 2326 Aprile,
516 2283 554 2315 et
573 2277 799 2330 navigando
817 2277 854 2317 le
875 2291 977 2317 nave
989 2291 1062 2330 per
1082 2276 1300 2316 inboccare
1317 2278 1351 2314 el
1372 2275 1509 2314 canale
1527 2274 1576 2321 de
1591 2273 1763 2326 Galipo-

326 2327 372 2377 li,
393 2330 590 2369 obstando
605 2332 726 2383 Bora,
748 2333 888 2372 forono
903 2332 1090 2384 impedite
1107 2331 1239 2370 alcuni
1257 2330 1382 2373 zon-ni.
1407 2332 1451 2369 Iu
1466 2335 1604 2383 questo
1621 2335 1760 2381 tempo

327 2383 608 2436 l'imperadore
625 2388 844 2439 spectando
868 2402 935 2427 era
956 2387 997 2426 in
1014 2386 1164 2439 grande
1186 2385 1363 2424 affanno.
1381 2383 1633 2424 Finalmente
1650 2397 1760 2421 cam-

325 2436 521 2479 biandose
542 2440 570 2478 li
599 2436 724 2493 venti,
757 2444 794 2482 le
823 2456 924 2481 nave
952 2444 1096 2482 veniva
1124 2454 1203 2480 con
1234 2442 1270 2480 le
1297 2441 1382 2479 vele
1418 2440 1535 2493 piene
1575 2451 1696 2476 verso
1724 2438 1763 2476 13

324 2493 421 2531 cita.
453 2494 684 2546 Spectando
725 2497 753 2536 li
789 2496 954 2536 citadini
983 2496 1087 2535 dalle
1126 2510 1244 2534 mura
1286 2509 1362 2534 con
1398 2494 1547 2548 grande
1583 2492 1682 2531 festa
1721 2499 1763 2531 et

326 2548 507 2598 alegreza
527 2550 761 2591 salutavano
785 2553 823 2591 10
852 2566 966 2593 nave.
990 2551 1041 2589 El
1066 2558 1243 2604 tyranno
1260 2579 1271 2597 ,
1306 2547 1540 2602 apparendo
1561 2546 1600 2586 le
1627 2561 1730 2585 nave
1747 2575 1761 2597 ,

325 2602 490 2643 suhbito
518 2617 630 2643 come
653 2607 824 2646 dracone
839 2606 1039 2645 indomito
1059 2620 1171 2645 corse
1189 2605 1266 2644 alle
1281 2619 1352 2643 sue
1371 2603 1484 2656 galie,
1516 2601 1763 2640 comandan-

255 2674 259 2679 ⁴
327 2657 380 2697 do
395 2656 461 2696 alli
478 2659 709 2709 pat1·oniche
729 2676 752 2700 0
772 2662 985 2715 prendesse
1003 2661 1041 2700 le
1060 2675 1162 2699 nave
1180 2689 1191 2708 ‚
1217 2675 1240 2698 0
1264 2664 1529 2698 contrastasse
1548 2670 1623 2708 pei·
1644 2655 1763 2694 modo

328 2713 403 2754 che
427 2727 508 2752 non
535 2712 756 2755 intrasseno
795 2719 836 2756 in
862 2723 996 2770 porto-
1055 2714 1208 2755 Alhora
1234 2714 1378 2754 usscite
1405 2711 1441 2752 le
1483 2710 1585 2765 galie
1622 2716 1764 2750 contra
