1890 3204
320 143 438 200 606
896 158 1183 203 nuummx

319 263 425 303 taff·
446 257 549 304 ὅλου
577 262 621 305 τὸ
650 259 917 304 δακτυλᾶῖιον
943 259 1051 316 πρὸς
1081 259 1179 311 τούς
1204 262 1424 311 ποιοῦντας
1450 262 1710 318 ἐξουσιάζων
1734 261 1766 322 ἢ

314 315 556 370 βασιλεύειν
595 314 708 359 οὕτω
746 317 932 371 κρίνεται
950 329 962 341 ·
1036 314 1135 369 τούς
1176 316 1224 357 δὲ
1258 315 1318 371 μὴ
1349 318 1596 371 ποιοῦντας,
1620 319 1765 376 χαρὰν

313 373 389 413 καί
418 371 561 414 τέκνον
587 370 696 425 μετὰ
728 368 922 425 γυναικὸς
950 368 1164 424 σημαίνει.
1192 373 1432 426 generaliter
1456 376 1627 416 annulus
1646 405 1662 428 ,
1679 390 1762 419 ιο..

312 441 405 467 rum
446 439 625 484 respecta
661 429 730 483 qui
771 442 833 466 res
876 436 1020 479 gerunt
1066 436 1104 467 et
1128 427 1413 468 administrant
1429 459 1441 476 ‚
1543 432 1706 472 evm‘axzmv
1724 424 1772 473 εἰ

312 497 474 536 regnum
502 484 664 523 indicat.
691 484 890 536 privatae
914 496 1009 522 vero
1035 482 1277 522 condicionis
1304 483 1460 523 homini
1482 499 1535 524 uc-
1552 486 1763 539 gaudium,

312 538 463 578 liberos
490 548 528 577 et
555 552 723 577 uxorem
745 539 1025 592 praenuntiat.
1049 533 1258 590 σφενδόνη
1285 545 1345 578 est
1365 539 1536 593 proprie
1567 539 1662 594 pah
1691 548 1766 582 ani·

315 593 430 641 nuli,
459 593 526 631 sed
562 607 633 645 pro
667 593 753 645 ipso
782 591 934 631 annulo
960 591 1027 632 hic
1056 593 1266 645 accipitur.
1388 640 1391 643 .

429 647 478 690 P.
508 647 684 697 250,15.
715 640 805 686 εἶτα
834 643 973 698 εὑρών
999 644 1182 698 παιδίον]
1229 647 1499 690 Leunclavius
1528 649 1604 691 lib.
1625 651 1673 703 14
1687 652 1766 692 snb

312 701 432 741 finem
452 731 465 752 ,
498 702 608 740 hunc
638 714 812 756 puerum
838 701 1278 756 Cutzug-Achmetem
1305 702 1505 755 appellat,
1529 719 1607 746 nee
1631 721 1661 746 a
1681 706 1764 747 fm-

310 764 373 795 tre
402 771 475 795 suo
501 764 691 797 necatum
718 757 870 806 tradit3
904 758 985 796 imo
1013 771 1060 796 ex
1090 757 1260 796 Moratis
1289 757 1326 796 11
1355 757 1492 799 liberis
1516 759 1646 802 solum
1674 761 1765 801 Me-

311 811 515 851 hemetem
546 812 803 867 superstitem
851 812 988 852 fuisse.
1018 811 1129 865 quod
1158 812 1278 852 etiam
1310 811 1468 853 disertis
1493 815 1637 858 verbis
1659 816 1764 856 scri-

310 866 393 918 psit
429 866 636 907 Phranzes
677 865 749 910 lib.
781 868 803 906 3
836 881 874 906 c.
896 881 935 910 2.
976 873 1020 906 at
1048 867 1246 906 Laonicus
1274 866 1383 906 hunc
1408 882 1584 922 puerum
1611 871 1764 926 spiritu

311 935 417 974 aqua
445 923 481 960 ei
510 922 733 962 intercluso
765 929 952 962 necatum
983 922 1103 960 fuisse
1125 922 1258 961 docet.
1288 921 1354 961 hic
1373 936 1419 962 ex
1435 923 1666 977 Spendiaris
1690 940 1765 966 seu

309 975 542 1017 lsfendiaris
575 975 659 1017 filia
686 983 805 1016 natus
833 985 923 1017 erat
939 976 1186 1016 Leunclavio
1207 983 1308 1017 teste
1323 977 1414 1017 loco
1428 979 1576 1031 citat03
1599 987 1642 1021 et
1669 994 1765 1023 ver-

310 1031 363 1071 ba
399 1032 570 1083 Ducue,
609 1033 680 1086 qui
708 1032 976 1072 Mehemetem
1017 1031 1165 1072 ancilla
1201 1039 1344 1071 natum
1374 1033 1522 1084 tradit,
1551 1035 1765 1076 confutant

309 1087 572 1126 Reineccium
602 1096 642 1127 et
670 1086 910 1140 Philippum
927 1087 1188 1137 Lonicerum‚
1219 1086 1293 1141 qui
1323 1088 1520 1141 scripsere
1552 1097 1689 1131 ortum
1717 1105 1763 1130 ex

311 1142 443 1181 Maria
486 1144 649 1196 Georgii
691 1156 817 1182 uxore
857 1142 940 1182 filia
955 1171 968 1191 ‚
995 1141 1199 1196 religionis
1227 1142 1480 1183 Christianae
1507 1142 1766 1198 dogmatibus

312 1196 365 1235 ab
403 1211 450 1236 ea
494 1198 709 1237 imbutum.
749 1196 894 1251 quodsi
935 1211 1001 1236 res
1027 1197 1082 1237 ita
1120 1211 1163 1236 se
1190 1197 1399 1238 habuisset
1417 1226 1430 1250 ‚
1458 1199 1655 1241 credibile
1680 1214 1765 1241 non

311 1259 372 1291 est
399 1250 510 1291 illam
539 1255 700 1292 Morate
729 1259 895 1292 mortuo
924 1251 976 1291 ad
1004 1260 1160 1318 patrem
1199 1252 1407 1291 remissam
1435 1251 1571 1294 fuisse.

419 1308 474 1347 P.
507 1308 604 1358 230,
637 1321 704 1349 2¹.
759 1308 1130 1359 πρωτοοστιαριος]
1188 1307 1363 1348 Turcice
1393 1308 1710 1363 Capigi-bachi.

424 1361 477 1401 Ρ.
512 1363 610 1414 23ι,
646 1377 683 1402 ι.
738 1362 798 1417 τῷ
830 1357 971 1402 Ἰσαὰκ
1001 1361 1060 1409 εἰς
1087 1358 1223 1414 γάμον
1256 1358 1502 1415 ἡρμόσατο]
1563 1364 1765 1406 Laonicus

312 1416 386 1455 lib.
418 1431 439 1470 7
474 1417 579 1456 idem
609 1416 739 1456 tradit
778 1417 829 1455 de
857 1417 1074 1469 Spentiaris
1102 1417 1182 1455 filia
1215 1417 1541 1459 Isaaco-Bassae
1567 1427 1696 1475 nupta
1721 1427 1767 1461 et

312 1471 363 1511 de
392 1471 560 1525 Georgii
588 1471 779 1525 despotae
812 1469 895 1509 filia
923 1470 976 1509 ad
1004 1472 1137 1523 ipsum
1168 1473 1350 1510 remissa.

423 1528 477 1565 P.
509 1527 607 1578 232,
642 1541 678 1566 ι.
736 1522 895 1575 ὁμοίως
921 1522 995 1564 καί
1024 1522 1063 1564 οἱ
1094 1525 1140 1565 ὲν
1163 1525 1622 1579 Κωνσταντινουπόλει]
1651 1528 1762 1569 Lao-

314 1582 429 1620 nicus
473 1581 547 1621 lib.
578 1595 602 1634 7
641 1595 785 1634 pacem
815 1594 840 1620 a
868 1580 1032 1619 Graecis
1059 1582 1199 1619 initam
1228 1588 1267 1620 et
1293 1580 1463 1621 foedera
1487 1581 1640 1622 sancita
1668 1597 1764 1624 cum

314 1634 543 1676 Mehomete
567 1637 703 1676 tradit.

424 1690 477 1730 P.
509 1691 606 1742 235,
640 1705 674 1731 ι.
728 1688 804 1730 τοῦ
837 1687 991 1741 Ὀρχὰν
1023 1688 1101 1728 τοῦ
1129 1689 1446 1742 προλεχθὲντος]
1503 1690 1581 1730 Hie
1601 1691 1774 1738 Oroba·-¹

314 1759 416 1794 nes,
449 1745 672 1787 secundum
711 1745 897 1795 Turcos,
942 1745 1097 1782 Dusme
1133 1757 1202 1782 seu
1246 1745 1520 1798 supposititius
1549 1745 1650 1787 fuit:
1679 1749 1762 1788 Or-

314 1800 455 1839 chanis
482 1801 586 1840 filius
617 1800 826 1840 ferebatur
843 1829 855 1850 ‚
882 1798 1150 1848 Suleimanis‚
1185 1799 1255 1852 qui
1285 1800 1423 1839 Ducae
1452 1800 1761 1853 Musulmanns‚

314 1870 441 1909 nepos
458 1885 470 1904 ‚
501 1863 540 1894 et
568 1855 755 1895 Baiazitis
783 1855 801 1893 1
830 1868 1042 1908 pronepos·
1076 1853 1127 1893 de
1157 1868 1241 1907 quo
1271 1854 1464 1895 Orchane
1487 1855 1547 1895 sic
1576 1855 1768 1910 loquitur*

313 1911 585 1950 Leunclavius
613 1910 686 1950 lib.
725 1923 791 1950 11.
848 1909 969 1948 Emit·
985 1908 1189 1948 Saleiman
1218 1909 1329 1948 rebus
1356 1912 1540 1950 humanis
1566 1912 1763 1952 excedens

183 1972 219 2006 P.
234 1971 299 2006 263
321 1965 552 2006 ΠνεΙιαηεηι
565 1965 712 2020 filium
738 1965 988 2019 superstitem
1008 1977 1096 2003 cum
1109 1964 1212 2017 filia
1239 1964 1421 2019 quadam
1447 1966 1566 2004 unica
1591 1966 1760 2019 mliquie.

313 2021 430 2060 ambo
459 2022 586 2060 simul
624 2029 812 2074 arrepta,
859 2019 1004 2058 Musae
1030 2020 1175 2073 patrui
1213 2028 1340 2069 metu,
1362 2021 1481 2072 suga
1523 2021 1678 2074 Cpolim
1717 2035 1761 2061 se

312 2085 556 2130 receperunt.
602 2076 708 2115 infra
750 2089 836 2128 cap.
867 2075 920 2123 4ο
959 2075 1001 2112 in
1043 2074 1159 2112 urhis
1198 2076 1493 2128 expugnatione
1521 2075 1759 2127 Orchanes,

315 2131 366 2170 de
394 2145 475 2183 quo
504 2132 581 2169 hoc
611 2131 705 2170 loco
736 2130 782 2169 fit
811 2131 987 2175 mentio,
1021 2130 1178 2180 agnitus
1207 2131 1363 2168 occisus
1390 2136 1463 2168 est.

420 2186 464 2224 P.
497 2186 604 2235 253,
636 2185 676 2224 5.
734 2180 920 2235 Ῥόδιοι]
992 2184 1052 2222 Ex
1094 2183 1226 2222 Iacobi
1261 2185 1365 2223 Bosii
1408 2184 1562 2223 Histor.
1594 2182 1762 2224 militiae

316 2240 706 2295 Hierosolymitanae
740 2239 813 2278 lib.
844 2239 871 2278 6
910 2238 1099 2278 discimus
1134 2252 1323 2291 magnum
1358 2238 1490 2278 Rhodi
1520 2241 1761 2292 magistrum

314 2295 506 2334 Fratrem
550 2295 770 2335 Iohannem
800 2294 1002 2332 Lasticum
1040 2293 1216 2346 legatum
1258 2293 1309 2332 ad
1339 2293 1607 2333 Mehemetem
1636 2294 1761 2334 desti-

316 2364 431 2389 nasse
474 2351 647 2390 Petrum
685 2351 918 2396 Zinottum,
973 2348 1040 2400 qui
1089 2362 1231 2400 pacem
1259 2363 1351 2387 cum
1396 2348 1623 2388 Mehemete
1650 2363 1760 2388 anno

315 2405 457 2443 mundi
486 2405 621 2459 6959,
653 2404 745 2444 Ind.
778 2404 881 2453 XV,
909 2402 1062 2442 Christi
1099 2401 1222 2454 1450,
1252 2403 1441 2443 Decemb.
1472 2403 1554 2455 25,
1587 2403 1759 2457 Hegirae

317 2474 419 2499 vero
448 2459 552 2510 855,
584 2460 759 2499 firmavit

430 2515 517 2552 Hoc
545 2514 638 2554 loco
669 2514 896 2554 notabimus
924 2511 1170 2551 discordiam
1204 2520 1415 2552 auctorum
1444 2513 1485 2551 in
1517 2512 1757 2566 assignando

317 2583 424 2608 anno
453 2569 601 2608 Christi
628 2584 709 2622 quo
737 2569 838 2608 obiit
864 2568 1055 2607 Sultanus
1084 2568 1259 2606 Morates
1287 2569 1338 2608 11.
1369 2569 1432 2607 hic
1449 2567 1587 2607 Rosius
1616 2575 1657 2607 et
1685 2581 1760 2607 no-

315 2631 400 2663 ster
428 2624 561 2663 Ducas
587 2638 694 2662 anno
729 2623 829 2675 1450
858 2622 1073 2675 contigisse
1102 2630 1309 2662 asserunt:
1341 2637 1480 2661 verum
1507 2622 1769 2676 refragantur

319 2679 524 2718 Phranzes
554 2678 625 2722 lib.
645 2680 668 2718 3
689 2693 775 2731 cap.
795 2693 832 2729 2,
859 2677 930 2730 qui
959 2677 1097 2716 asserit
1124 2684 1329 2716 mortuum
1357 2692 1465 2717 anno
1492 2677 1632 2716 mundi
1647 2677 1759 2731 6959

322 2747 459 2773 mense
486 2734 734 2786 Februario,
765 2740 807 2773 et
837 2732 1108 2772 Leunclavius
1127 2762 1138 2784 ,
1168 2732 1237 2786 qui
1266 2734 1336 2777 lib.
1374 2731 1420 2784 14
1450 2739 1490 2772 et
1517 2732 1559 2771 in
1586 2731 1759 2772 Annali-
