1890 3204
573 173 648 215 Λι)
684 171 803 216 CAP.
843 169 979 213 xxv:
1007 165 1211 211 NOTAE.
1511 141 1622 217 587

161 296 214 334 ac
240 282 342 337 sere
379 280 620 332 eitius-tm,
658 294 747 320 cum
790 277 1025 320 inc-redibat
1060 275 1282 318 multorum
1309 272 1539 333 [beneficiffi
1579 275 1628 315 in

152 340 272 388 usum
313 346 506 393 tanquam
531 335 790 392 'postliminio
830 335 1046 375 reduxerit
1059 363 1071 383 ‚
1115 333 1262 386 dignus
1295 331 1482 386 profecto
1510 331 1628 372 cuius

150 392 301 434 nomen
329 393 386 433 ab
423 392 536 434 omni
575 392 741 432 interitu
768 391 1009 431 vindicemr.
1048 389 1128 429 hoc
1155 387 1264 428 idem
1295 386 1508 427 adnotavit
1535 386 1626 427 Au·
1638 391 1676 427 P.
1692 391 1764 438 249

165 444 353 506 gustinu's
385 447 634 489 Iustinianus
661 445 734 486 lib.
767 446 791 488 5
833 446 991 489 Chron.
1019 443 1317 486 Genuensium.

273 501 327 548 P.
361 502 453 555 161,
493 516 557 543 12.
617 501 663 543 ἐν
687 504 780 549 ταῖς
807 500 988 556 ἡμέραις
1012 499 1059 541 δὲ
1084 498 1162 541 τοῦ
1187 496 1396 550 βασιλέως
1417 495 1627 552 Μιχαήλ]

153 558 425 613 -Nicephorus
468 557 675 612 Gregoras
716 557 789 597 lib.
823 572 866 598 ιι
898 571 990 610 cap.
1031 569 1044 595 ι
1101 555 1153 596 de
1199 554 1394 617 Phocaea
1439 552 1630 619 Cataneis

156 626 354 655 vconcessa
381 614 437 654 sic
478 613 701 668 loquitur:
740 612 892 665 κλῆρος
939 611 987 652 δὲ
1032 609 1151 665 αύτῷ
1187 609 1427 661 nemsi-&mv
1459 621 1514 661 ην
1540 605 1626 647 ἀπὸ

161 665 381 722 προγόνων
407 665 451 723 ἧ
483 663 692 719 Φώκαια,
737 665 845 722 πρὸς
877 668 956 708 τοῦ
988 666 1198 717 βασιλέως
1241 661 1317 704 καὶ
1344 658 1520 704 mimum
1549 663 1631 703 τοῦ

152 722 373 776 ;βασ”ιλέως
405 723 534 778 σφίσι
571 723 746 764 δοθεῖσα
796 722 1023 775 ἐπιτροπῆς
1052 721 1172 762 ἕνεκα
1203 718 1277 760 καί
1297 714 1538 785 ιχρημαιίπυν
1565 733 1631 758 τι-

163 775 237 827 νὸς
263 780 492 834 πορισμοῦ.
525 777 593 820 διὸ
623 779 697 819 καί
722 776 828 818 κατὰ
854 775 1036 830 χρόνους
1060 771 1239 822 τακτούς
1271 787 1310 815 οι
1339 771 1500 826 ταύτης
1525 772 1631 868 §gm-

151 832 260 888 ρίαν
290 829 589 887 διαδεχόμενοι
613 832 839 887 γράμμασι
875 835 1113 885 βασιλικοῖς
1143 828 1414 876 ἅνανεοῦντες
1444 828 1516 869 ἀεὶ
1569 842 1633 868 ,νε-

0 919 5 938 ,
151 885 404 943 releva-*nh
433 886 553 931 δόσιν
573 890 654 930 τοῦ
686 887 842 942 κλήρου
863 919 876 940 ,
905 885 966 941 μή
997 885 1111 943 λάθῃ
1137 884 1527 941 παρακρουσαμένη
1553 882 1632 938 τήν

159 940 388 998 βασιλικήν
429 943 680 985 δεσποτείαν
706 940 731 998 ἦ
760 941 920 995 μεταξὺ
945 943 1020 983 τοῦ
1043 938 1205 994 χρόνου
1246 936 1395 992 ’μακροὶ
1423 939 1633 992 περίοδος.

154 1000 356 1040 *Phocaea
382 1000 470 1040 iure
501 1001 751 1041 hereditario
782 1001 822 1039 ei
860 999 1098 1053 [Cataneae]
1129 997 1324 1051 obtigerat
1349 1011 1377 1035 a
1404 997 1633 1037 maioribus

160 1059 348 1110 accepta,
376 1055 516 1112 quibus
547 1057 600 1095 ab
631 1057 888 1111 imperatoris
913 1069 996 1095 avo
1026 1067 1149 1109 eoque
1176 1054 1440 1108 imperatore,
1468 1060 1513 1092 ιιι
1540 1067 1632 1093 eam

159 1118 366 1164 regerent,
394 1111 581 1165 vectigal
601 1120 641 1151 et
659 1111 896 1166 pensionem
926 1123 972 1149 eo
1002 1110 1160 1150 nomine
1187 1109 1268 1165 ipsi
1292 1109 1503 1158 solverent,
1531 1122 1633 1149 con-

156 1177 279 1206 cessa
302 1174 409 1206 erat.
437 1166 594 1207 idcirco
631 1165 806 1222 definito
836 1167 1031 1219 temporis
1068 1165 1292 1205 inter-vallo
1307 1193 1319 1214 ‚
1356 1166 1429 1220 qui
1451 1165 1633 1217 regimen.

158 1219 276 1261 illius
301 1230 517 1276 capessunt
533 1251 544 1271 ‚
577 1222 697 1262 bulla
723 1221 988 1277 imperatoria
1019 1221 1286 1261 donationem
1312 1220 1545 1259 hereditatis.
1569 1222 1632 1260 si..

160 1274 205 1315 bi
243 1277 439 1317 renovari
469 1278 703 1333 postulant,
742 1292 794 1317 ne
812 1277 1020 1330 *temporis
1059 1277 1185 1330 lapsu
1223 1283 1374 1315 contra
1404 1275 1633 1316 dominium

151 1330 295 1387 ‚iusque
323 1333 636 1387 imperatorium
658 1333 960 1388 praescribant.
1029 1332 1208 1372 Catanea
1239 1330 1339 1380 iste,
1375 1329 1427 1370 de
1455 1344 1538 1385 quo
1569 1330 1633 1371 lo-

159 1388 306 1441 quitur
346 1387 550 1442 Gregoras
569 1417 582 1440 ‚
621 1387 864 1443 Mitylenem
898 1388 1061 1438 invasit,
1101 1394 1149 1426 ut
1177 1386 1298 1426 etiam
1329 1400 1377 1425 ex
1407 1386 1629 1427 Cantacuz.

157 1440 258 1482 hist.
287 1441 358 1482 lib.
390 1456 415 1482 α
444 1457 482 1482 c.
514 1457 568 1499 29
597 1442 820 1494 discimus,
849 1449 889 1483 et
918 1442 1213 1497 imperatorem
1244 1441 1535 1481 Andronicum
1563 1443 1632 1482 iu-

158 1497 324 1538 niorem
368 1497 527 1539 viribus
563 1498 827 1538 imminutum
865 1500 1048 1553 sprevit3
1093 1498 1161 1538 cui
1203 1505 1341 1538 tamen
1390 1499 1657 1538 Genuenses-

111 1580 113 1582 -
149 1552 394 1600 ‚Phocaeam
439 1560 480 1595 et
506 1554 748 1609 Mitylenem
774 1561 918 1609 postea
944 1554 1214 1594 dediderunt.
1244 1566 1292 1592 ex
1321 1552 1398 1593 illis
1421 1554 1633 1607 Gregorae

155 1609 295 1649 verbis
321 1615 482 1649 constat
503 1609 735 1650 Phocaeam
759 1616 959 1664 tanquam
986 1610 1152 1650 feudum
1175 1609 1367 1649 Cataneis
1395 1623 1631 1650 concessam

155 1663 307 1715 fuisse3
338 1671 410 1704 aut
436 1665 573 1718 potius
590 1673 803 1705 contractu
831 1666 1136 1720 emphyteutico
1162 1665 1216 1704 ab
1242 1665 1490 1718 imperatore
1518 1664 1630 1705 loca·

158 1726 245 1759 tam
272 1720 479 1774 pensionis
509 1735 582 1760 seu
606 1720 817 1775 vectigalis
845 1722 973 1761 annui
1002 1719 1230 1774 accipiendi
1261 1734 1400 1759 causa.
1433 1735 1530 1759 cum
1557 1735 1630 1761 ve-

151 1787 212 1814 ro
240 1773 292 1814 de
333 1774 593 1829 imperatoris
621 1776 849 1816 Andronici
890 1777 1060 1816 iunioris
1091 1789 1170 1815 avo
1198 1774 1268 1814 hic
1298 1776 1494 1828 loquatur
1524 1777 1630 1816 Gre-

146 1843 304 1884 goras,
347 1829 400 1869 de
441 1830 600 1871 seniore
642 1831 951 1884 intelligendum
985 1838 1088 1871 esset
1117 1830 1384 1881 Andronico,
1415 1845 1538 1884 quem
1564 1833 1630 1871 iu-

148 1885 258 1925 ›nior
283 1886 453 1939 excepit.
499 1892 541 1925 at
583 1886 711 1926 verba
759 1886 862 1939 illa,
907 1883 991 1926 ἀπὸ
1032 1885 1116 1927 τῶν
1145 1883 1386 1940 προγόνων,
1409 1886 1631 1927 ostendunt

150 1940 387 1980 Cataneam
414 1940 531 1980 illum
556 1955 639 1980 non
670 1957 693 1981 a
723 1950 838 1996 patre
866 1949 938 1982 aut
971 1956 1072 1992 avo,
1103 1955 1170 1982 sec
1199 1943 1332 1982 abavo
1358 1940 1504 1982 saltem
1534 1956 1630 1983 suc-

156 1995 353 2036 cessionis
382 1997 472 2035 iure
499 1999 727 2050 accepissc;
759 2005 971 2052 propterea
996 2005 1235 2051 temporum
1255 1998 1438 2051 exigente
1466 1999 1630 2039 ratione

150 2051 404 2093 ..Michaele‘m
431 2051 721 2106 Palaeologum
751 2054 794 2104 1,
835 2055 907 2107 qui
934 2060 1039 2093 teste
1068 2054 1210 2092 Bizaro
1239 2053 1313 2092 lib.
1347 2052 1376 2101 4
1402 2052 1511 2093 Hist.
1544 2055 1629 2093 Ge-

160 2121 306 2148 nuens.
332 2109 557 2162 Smyrnam
585 2116 626 2147 et
650 2109 796 2148 Chium
831 2109 1117 2150 Genuensibus
1144 2123 1254 2148 anno
1289 2106 1390 2148 1261
1426 2108 1626 2158 donavit,

157 2176 250 2202 eam
291 2163 547 2203 concessisse.
590 2163 648 2203 ita
691 2171 737 2203 ut
764 2164 900 2204 Ducas
930 2178 1019 2204 rem
1052 2172 1244 2204 accurate
1271 2163 1519 2216 tradiderit3
1556 2167 1630 2220 qui

158 2226 283 2271 prout
309 2225 419 2272 gesta
449 2226 536 2259 crat
563 2219 696 2272 probe
725 2233 841 2259 nosse
868 2220 1032 2273 potuit,
1082 2227 1227 2274 utpote
1258 2221 1331 2274 qui
1363 2219 1484 2260 Lesbi
1511 2223 1629 2275 priu-

148 2274 261 2329 *cipis
290 2274 454 2329 negotia
486 2276 722 2328 procuravit
750 2282 791 2315 et
819 2275 1032 2315 Phocaeae
1062 2275 1235 2315 domum
1263 2275 1458 2328 possedit.

269 2329 321 2369 P.
359 2330 451 2382 163,
486 2329 546 2381 14.
605 2329 650 2370 ἐν
678 2329 729 2384 τῇ
765 2328 932 2385 Ἀμισῷ
949 2361 960 2382 ,
990 2330 1035 2370 ἐν
1066 2329 1119 2394 τῇ
1139 2325 1421 2383 Diuum-offic,
1454 2329 1500 2370 ἐν
1529 2329 1628 2370 Κα-

157 2381 267 2439 φᾷῘ
302 2386 463 2426 Amisus
489 2399 560 2425 seu
588 2385 780 2425 Aminsus
811 2385 994 2426 Galatiae
1020 2386 1238 2440 oppidum,
1273 2385 1418 2426 Turcis
1455 2386 1625 2427 Hemid.

150 2441 354 2481 -Amastris
385 2441 602 2494 Bithyniae
630 2441 870 2494 metropolis
900 2441 1002 2481 olim
1023 2472 1035 2493 ,
1065 2441 1282 2483 Samastro
1310 2441 1452 2496 vulgo,
1482 2442 1626 2498 Capha

148 2495 258 2535 olim
281 2495 514 2536 Theodosia
536 2497 738 2536 Tauricae
773 2497 1029 2537 Chersonesi.

265 2551 321 2590 P.
359 2551 451 2602 166,
488 2565 547 2605 ¹7·
606 2547 686 2591 σύν
714 2555 801 2599 τοῖς
823 2548 1052 2605 Φράγκοις]
1111 2551 1158 2591 Id
1185 2558 1259 2603 est,
1294 2565 1391 2592 cum
1422 2553 1621 2594 Adurno.

146 2604 446 2647 ‘Occidentalcs
487 2621 665 2660 namque
716 2621 882 2659 omnes,
925 2607 1150 2657 Germani,
1184 2608 1306 2658 Itali,
1336 2609 1489 2663 quique
1516 2612 1626 2649 occi-

157 2659 407 2702 dentaliores
435 2662 517 2702 illis
546 2670 661 2712 sunt,
696 2662 848 2702 Franci
878 2663 930 2702 ab
963 2663 1234 2702 orientalibus
1261 2664 1538 2718 appellantur.

269 2716 320 2758 P.
359 2717 450 2773 ¹67,
487 2731 551 2757 ια.
620 2713 728 2757 ἀλλὰ
758 2714 936 2771 πονηρὸς
964 2712 1052 2772 ὧν]
1111 2718 1287 2759 Cineites
1316 2720 1469 2773 ubique
1498 2720 1625 2774 perfi-

158 2767 246 2812 dus.
277 2779 425 2827 sponte
452 2772 644 2828 equidem
674 2773 919 2829 Mustaphae
961 2781 1102 2828 partes
1129 2781 1290 2815 secutus
1320 2776 1484 2826 suerat,
1515 2776 1623 2814 eius-
