1916 3210
336 134 444 189 362
813 154 996 196 nucis
1035 154 1292 196 ffls'romA

276 261 321 295 28
334 259 446 293 terra
472 267 516 294 so
543 255 700 294 conferi
726 252 765 293 31
795 251 1094 304 Didimothico‚
1128 254 1336 306 pensando
1366 254 1407 294 in
1438 257 1532 310 quel
1559 259 1655 299 loco
1684 265 1775 300 tro⁶

333 322 406 347 var
417 309 556 349 Zuane
578 308 865 358 Cathacusino‚
886 308 923 347 el
944 307 1065 361 quale
1080 309 1366 361 grandemente
1385 311 1630 366 desyderava
1649 313 1777 357 veder

331 369 373 402 et
397 365 677 404 confederarse
719 378 794 403 con
830 362 890 402 lui
922 376 998 401 con
1026 362 1193 404 vinculo
1222 365 1273 405 de
1298 374 1550 408 sacramento
1578 366 1775 423 stipulati)

330 425 373 458 et
398 419 487 459 fede
517 419 611 459 data
638 427 703 458 tra
734 418 822 457 loro
853 419 992 457 essersi
1022 417 1134 458 l'uno
1165 418 1323 461 al'altro
1352 421 1503 462 fautori
1530 436 1609 476 per
1634 423 1775 465 tutto’l

328 479 467 527 tempo
498 474 547 513 de
580 475 617 513 le
646 474 731 514 vite
759 474 863 514 loro.
902 474 973 512 Ma
1002 472 1070 512 dal
1095 488 1169 514 suo
1200 475 1384 528 pensiero
1413 491 1455 517 se
1480 478 1600 518 trovo
1629 477 1776 533 ingan-

327 536 451 579 nato,
480 529 635 582 perche
661 527 931 568 Cathacusino
961 541 1065 581 poco
1105 535 1242 583 tempo
1283 531 1419 572 avanti
1449 533 1696 586 portendose
1722 533 1776 575 da

325 582 663 637 Andriatiopoli,
707 583 872 622 fuzente
899 582 940 622 la
981 583 1046 622 ira
1090 583 1197 624 della
1238 585 1496 639 imperatrice
1536 594 1576 628 et
1603 587 1776 629 l’insidie

325 638 393 678 del
421 638 646 692 conseglio,
691 652 768 677 con
804 638 844 677 la
871 638 1071 692 mogliera
1111 646 1151 678 et
1182 637 1354 693 figliol'i‚
1384 656 1463 682 con
1491 642 1774 685 loro‘arzento

325 700 367 733 et
397 693 533 733 tutto'l
559 708 634 734 suo
661 692 815 732 havere
846 707 889 732 se
919 708 991 733 era
1028 695 1260 735 transferito
1287 696 1326 735 al
1353 697 1658 752 Didimothico,
1697 713 1777 740 ove

323 748 449 801 pochi
480 748 595 788 zorni
623 748 872 799 demorante,
899 747 1048 789 lassata
1078 764 1102 788 a
1130 764 1203 789 sua
1231 750 1425 805 mogliera
1457 752 1498 792 la
1526 755 1624 793 cura
1653 753 1704 794 de
1734 753 1776 794 la

323 803 512 856 fameglia
558 812 596 843 et
622 802 713 843 dele
753 818 848 843 cose
889 803 1171 855 domestiche,
1208 805 1247 844 13
1279 820 1353 845 sua
1394 821 1567 860 persona
1595 808 1703 848 ando
1735 808 1774 848 al

324 858 450 897 Cralli
479 859 529 898 de
545 859 688 899 Servia
717 873 794 913 per
825 859 899 898 dar
927 859 1181 913 expeditione
1209 860 1273 899 ala
1301 873 1374 901 sua
1401 862 1669 903 incominzata
1697 863 1775 902 im-

321 926 455 965 presa.
510 916 558 954 In
583 921 727 969 questo
755 921 892 968 tempo
921 915 1186 955 Cathacusini
1217 915 1417 970 mogliera
1447 917 1498 957 de
1525 919 1665 958 Zuane
1696 918 1774 958 Ca-

321 968 536 1009 thacusino
554 999 566 1021 ‚
607 969 715 1009 dona
757 970 885 1009 molto
916 971 1029 1010 savia
1061 977 1104 1009 et
1135 970 1357 1015 volorosa‚
1391 980 1546 1012 assueta
1575 971 1654 1013 alle
1683 987 1776 1014 cose

322 1025 504 1076 grande,
537 1025 701 1078 accepto
721 1025 883 1064 Homur
902 1040 982 1065 con
1011 1026 1119 1065 circa
1141 1027 1409 1079 cinquecento
1436 1027 1595 1067 Turchi
1623 1027 1676 1067 da
1706 1042 1776 1067 ca·

319 1079 430 1118 vallo
460 1087 500 1119 et
541 1079 644 1119 altre
672 1080 778 1119 tanti
807 1080 858 1120 da
892 1081 996 1134 pede
1016 1110 1028 1132 ,
1069 1081 1366 1134 provedendoli
1397 1082 1695 1135 copiosamente
1725 1082 1777 1122 de

318 1140 425 1173 tutte
466 1149 562 1174 cose
607 1134 840 1175 necessarie.
912 1136 966 1176 El
1013 1144 1123 1176 resto
1169 1136 1259 1176 dele
1301 1143 1418 1177 zente
1452 1152 1575 1178 erano
1603 1144 1778 1177 remaste

317 1203 446 1242 sopra
474 1189 512 1229 le
541 1189 671 1242 galie3
702 1190 739 1230 le
768 1190 889 1245 quale
917 1191 1135 1231 andavano
1175 1191 1416 1232 desfazendo
1445 1199 1551 1232 tutte
1582 1193 1621 1233 le
1651 1192 1777 1232 rivie-

318 1259 366 1284 re
394 1244 446 1283 da
475 1245 655 1298 Galijpoli
703 1246 782 1285 fine
825 1262 848 1284 a
877 1246 1092 1298 Siliveria,
1139 1247 1382 1286 mostrando
1427 1247 1530 1287 farlo
1557 1262 1632 1302 per
1660 1247 1777 1287 favor

318 1299 369 1339 de
399 1299 685 1344 Cathacusino,
719 1308 986 1355 quantunque
1015 1303 1054 1340 la
1088 1301 1241 1340 avidi&
1271 1301 1337 1341 del
1365 1302 1546 1342 robbare
1571 1310 1612 1343 et
1639 1303 1777 1356 spiare

317 1353 347 1393 li
376 1354 487 1393 lochi
515 1354 566 1394 dc
586 1356 728 1395 Tratia
759 1356 864 1396 fosse
893 1354 933 1394 la
961 1357 1169 1410 potissima
1189 1361 1355 1396 cfixone.
1413 1357 1518 1397 Esso
1541 1353 1776 1398 veramente

320 1410 454 1449 Omur
495 1409 603 1449 dalla
644 1417 763 1464 parte
794 1411 844 1451 de
873 1407 984 1450 terrzi
1022 1425 1097 1451 con
1132 1412 1172 1450 la
1201 1426 1273 1451 sua
1298 1412 1541 1465 compagnia
1573 1412 1626 1452 da
1655 1411 1723 1465 pie
1751 1426 1775 1451 e

318 1464 371 1504 da
399 1464 557 1504 cavallo
588 1466 747 1506 andava
775 1466 998 1520 guastando
1028 1466 1170 1506 tutto'l
1199 1480 1314 1519 paese
1342 1463 1484 1506 vicino
1514 1466 1552 1506 31
1573 1467 1774 1508 Dodimo-

318 1522 400 1560 tico
430 1521 512 1559 fine
541 1535 565 1559 a
595 1521 789 1562 Rodestu.
846 1522 890 1559 In
926 1527 1070 1574 questo
1103 1521 1311 1571 exercitio,
1339 1522 1567 1574 spectando
1598 1521 1675 1561 che
1691 1522 1773 1562 Ca-

317 1574 535 1615 thacusino
573 1581 755 1615 tornasse
796 1576 848 1615 da
874 1575 1018 1616 Servia
1037 1605 1048 1627 ‚
1076 1576 1193 1629 passi)
1222 1578 1327 1614 circa
1357 1576 1458 1616 mesi
1491 1578 1567 1616 tre.
1623 1577 1679 1624 Et
1707 1591 1774 1616 es-

317 1630 446 1670 sendo
492 1629 536 1668 in
585 1631 665 1669 tale
692 1632 970 1683 spectatione,
1002 1637 1114 1670 tutto
1148 1630 1288 1670 dedito
1318 1630 1397 1670 alle
1425 1646 1518 1671 cose
1549 1631 1591 1671 di
1621 1631 1773 1682 Greci,

317 1698 503 1725 vennero
530 1685 666 1723 nuntii
694 1685 804 1725 dalla
834 1686 968 1733 Ionia,
998 1685 1073 1724 che
1097 1685 1126 1725 li
1158 1686 1302 1725 fei-reri
1331 1685 1383 1725 de
1412 1685 1550 1726 Rhodi
1587 1686 1775 1726 haveano

319 1740 428 1780 sacta
457 1747 636 1789 armata,
668 1754 746 1780 eon
778 1740 818 1779 la
843 1739 964 1794 quale
993 1755 1117 1780 erano
1147 1742 1287 1780 venuti
1316 1741 1383 1780 nel
1414 1748 1540 1794 porto
1568 1740 1620 1780 de
1647 1741 1776 1780 Smir·

320 1810 373 1835 ne
399 1795 573 1844 Vechie‚
609 1801 650 1834 et
673 1795 855 1835 haveano
886 1795 1156 1835 incominzato
1199 1811 1222 1835 a
1259 1795 1464 1835 fabricare
1494 1810 1578 1836 uno
1607 1794 1775 1836 revelli-

321 1866 377 1891 no
411 1865 487 1904 per
514 1850 579 1889 far
616 1865 700 1890 uno
729 1849 896 1890 castello
935 1851 971 1889 al
1000 1865 1123 1890 nome
1151 1850 1203 1890 de
1229 1851 1314 1890 sau
1345 1850 1491 1901 Piero,
1524 1865 1600 1904 per
1626 1850 1777 1890 confu-

321 1908 389 1960 gio
422 1906 464 1945 ‹li
493 1905 646 1945 schiavi
669 1935 680 1953 ‚
712 1906 825 1960 quali
855 1905 1231 1960 quotidianamente
1267 1920 1490 1959 scampano
1517 1906 1568 1945 de
1597 1905 1698 1945 Asia
1725 1905 1778 1945 de

322 1976 417 2000 man
446 1962 496 2001 de
523 1960 692 2004 Turchi.
750 1963 807 2000 La
841 1961 938 2014 qual
962 1975 1072 2001 nova
1100 1962 1232 2001 intesa
1250 1991 1261 2009 ‚
1295 1961 1486 2011 Homur,
1511 1975 1648 2001 mosso
1678 1959 1776 2000 dalo

321 2017 458 2062 carith,
493 2015 581 2056 dele
608 2031 701 2056 cose
728 2017 812 2055 alui
839 2017 909 2068 piu
937 2016 1198 2071 propinque,
1243 2015 1429 2055 delibero>
1475 2030 1551 2055 con
1591 2016 1776 2055 l'armata

323 2078 463 2112 tornai·
486 2071 553 2111 nel
580 2086 655 2110 suo
679 2086 805 2125 paese.
840 2072 896 2110 Et
918 2071 1231 2111 conducendose
1260 2070 1323 2111 ale
1348 2070 1452 2124 galie
1476 2072 1516 2110 13
1543 2070 1671 2125 preda
1699 2070 1778 2110 che

321 2126 452 2166 havea
488 2126 664 2166 robbata
706 2140 781 2180 per
807 2126 844 2165 le
893 2132 1001 2166 terre
1029 2127 1071 2166 di
1102 2127 1222 2166 Greci
1247 2139 1366 2166 verso
1396 2125 1435 2164 le
1461 2132 1580 2178 parte
1608 2125 1660 2165 de
1687 2125 1775 2163 Po-

266 2189 466 2235 29nente‚
501 2182 789 2221 Cathacusiani
822 2181 1015 2235 mogiiera
1058 2182 1108 2221 de
1142 2180 1449 2229 Cathaeusfflo,
1481 2181 1615 2219 donna
1641 2178 1775 2218 molto

320 2236 533 2290 splendida
562 2244 604 2276 et
630 2236 810 2287 liberale,
841 2236 991 2276 mando
1016 2237 1066 2276 ad
1090 2237 1250 2276 Homur
1264 2235 1408 2288 grandi
1426 2235 1603 2288 presenti
1629 2234 1680 2273 de
1709 2232 1774 2272 di-

321 2306 439 2331 verse
465 2298 578 2331 sorte
601 2299 643 2332 et
671 2293 770 2331 doni
801 2291 927 2331 molto
957 2292 1080 2331 ricchi
1110 2298 1151 2330 et
1175 2290 1357 2344 pretiosi.
1416 2290 1586 2329 Arivato
1613 2289 1776 2328 Homur

323 2346 401 2386 alle
430 2348 617 2394 Smirne‚
649 2347 772 2387 trovb
801 2346 837 2386 el
863 2347 987 2386 castel
1015 2347 1161 2385 desan
1191 2346 1314 2385 Piero
1346 2346 1530 2397 compito
1565 2350 1606 2384 et
1637 2343 1773 2383 muni-

324 2409 367 2443 to
397 2402 494 2440 dalli
523 2402 665 2441 ferreri
692 2403 742 2441 de
771 2401 920 2441 Rhodo
952 2401 1001 2440 de
1029 2403 1123 2454 ogni
1153 2407 1263 2440 sorta
1290 2398 1521 2439 munitione
1549 2404 1590 2439 et
1617 2398 1668 2437 de
1693 2399 1773 2437 ho-

323 2457 426 2496 mini
459 2457 553 2496 belli
580 2458 663 2497 cosi
697 2456 847 2497 assueti
878 2463 917 2496 et
959 2458 1114 2509 experti
1146 2457 1185 2494 in
1215 2456 1254 2495 le
1281 2468 1404 2495 arme.
1464 2455 1522 2493 La
1550 2453 1646 2508 qual
1678 2467 1774 2492 cosa

324 2513 366 2552 so
396 2519 512 2551 tanto
543 2512 735 2552 dolorosa
764 2520 805 2552 et
832 2512 1001 2551 molesta
1030 2511 1080 2550 ad
1109 2512 1272 2550 Homur
1302 2515 1458 2564 quanto
1490 2510 1528 2548 la
1556 2523 1629 2548 sua
1657 2522 1776 2547 mor-

322 2575 380 2607 te.
453 2566 572 2606 Oude
613 2569 678 2607 nel
714 2583 790 2607 suo
831 2569 965 2606 animo
1012 2566 1277 2605 fermamente
1308 2578 1483 2618 propose
1531 2578 1555 2603 o
1598 2562 1775 2615 prender

325 2621 460 2677 quello
494 2622 684 2672 castello,
716 2637 739 2662 o
770 2623 942 2676 perdere
983 2621 1143 2661 l'auima
1171 2636 1255 2663 sua.
1314 2621 1370 2659 Et
1399 2619 1532 2658 subito
1557 2618 1643 2658 fece
1673 2631 1774 2670 por-

324 2685 388 2717 tar
424 2676 575 2729 grande
616 2678 735 2727 copia
773 2679 824 2717 de
851 2677 1083 2716 ferramenti
1112 2682 1152 2715 et
1182 2676 1368 2728 legname
1394 2674 1579 2712 machine
1608 2679 1649 2712 et
1674 2671 1774 2710 arti-

324 2732 465 2788 gliaric
494 2738 535 2770 et
566 2731 689 2786 dogni
719 2733 822 2772 facta
853 2732 989 2772 bellici
1021 2731 1282 2771 instrumenti
1315 2729 1365 2768 ad
1394 2742 1584 2783 rompere
1614 2726 1652 2767 le
1683 2739 1776 2767 rnu-
