1890 3204
359 164 471 234 546
814 197 842 206 1-
927 181 1231 226 numum·

357 294 416 328 est
444 287 616 328 Michael
646 272 871 341 imper-‘ator
899 285 1089 336 Ba’silino)
1114 287 1341 339 purpureos,
1364 285 1534 337 calceos,
1564 283 1788 326 et‘indue'ioe

349 344 578 398 praecepit,
607 358 765 397 eumque
808 345 1099 395 imperatorem·
1119 340 1361 394 appellavit.
1418 341 1453 379 N
1459 342 1592 381 icetas.
1607 339 1788 381 Chonna-
1853 351 1856 357 ’

356 405 416 436 tcs
443 397 484 436 in
515 398 738 436 Annalibus
786 397 942 434 dnobus
972 393 1096 444 locis,
1132 398 1268 447 primo
1302 409 1395 434 cum
1422 393 1788 440 Alexius'Comne'-

301 459 303 461 ’
358 466 435 491 nus
482 453 707 491 Iohannem
745 451 870 489 filium
897 464 1016 488 suum
1051 462 1319 489 successorem
1359 449 1562 503 designat:
1601 447 1790 503 ἐρυθροῦ

355 505 400 546 τέ
429 502 467 545 οἱ
495 506 664 545 πεδίλου
695 501 982 554 μετεόεὸώκει,
1012 502 1084 542 καί
1107 503 1283 554 βασιλέα
1311 500 1506 543 ἐδεδώκει
1537 497 1789 556 ἀναγορεύε-

357 561 479 600 σθαι.
521 561 705 615 crepidas
744 572 968 613 purpureas
996 560 1036 596 ei
1059 559 1271 607 concessit,
1321 559 1677 624 imperatoremque
1709 569 1738 598 a

349 615 543 669 pellavit.
575 623 613 653 et
642 621 753 653 tomo
784 614 808 652 5
835 613 885 652 de
913 613 1132 651 Theodoro
1164 614 1346 652 Lascari:
1377 609 1423 652 τὸ
1455 612 1640 666 ἐρυθρον
1671 611 1725 652 nb
1752 626 1790 652 ι-

355 671 428 708 λον
455 665 680 711 ὑποδύεται
691 698 703 717 ,
743 666 815 707 καί
840 665 1039 718 βασιλεύς
1073 665 1292 716 Ῥωμαίων
1319 662 1394 721 ὑφ’
1424 662 1534 707 ὅλων
1558 665 1643 707 ταῖν
1673 660 1790 722 ἑῴων

356 721 666 775 ἀναγορεύεται.
700 724 851 762 calceos
873 737 1091 777 purpureos
1123 720 1276 770 induit,
1307 731 1345 761 et
1370 723 1638 762 Romanorum
1661 722 1792 776 impe-

355 788 468 817 rator·
492 777 542 816 a'b
573 777 842 816 Orientalibus
882 778 1063 816 omnibus
1087 777 1378 831 proclamatur.
1433 778 1639 832 Gregoras
1665 777 1791 816 etiam

354 831 460 872 libro
494 833 615 871 tertio
660 832 711 871 de
743 831 1081 884 Palaeologorum
1126 834 1284 884 generis
1312 831 1528 884 splendore
1563 832 1791 880 disserens,

355 893 395 926 et
423 887 474 927 de
515 893 725 927 contracta
754 886 947 925 affinitate
987 886 1039 925 ab
1068 885 1209 925 Alexio
1239 885 1397 938 Angelo
1425 888 1674 940 imperatore
1699 898 1793 925 cum

354 941 596 994 Palaeologo
637 941 800 987 Alexio,
842 942 906 980 cui
939 941 1100 980 Irenem
1125 941 1436 1007 primogenitam
1466 941 1590 980 filiam
1616 940 1794 993 despon-

356 995 432 1044 dit,
464 1011 631 1050 eamque
651 997 818 1049 imperio
846 996 1087 1035 destinavit:
1118 994 1163 1042 ὸς
1190 991 1332 1047 ἐπειδὴ
1359 996 1481 1048 γονῆς
1511 989 1686 1048 ἄρρενος
1709 986 1795 1033 αὖ-

354 1047 427 1097 τός
457 1050 531 1089 ουίς
552 1047 756 1104 ηὕμοίρει,
786 1046 938 1102 ταύτην
955 1049 1152 1103 ἐρυθροῖς
1169 1044 1448 1089 ὑποδεδέσθαι
1466 1053 1637 1103 κρηπῖσι
1663 1057 1794 1103 προσ-

356 1102 544 1156 ετετάχει
565 1136 577 1155 ‚
630 1105 698 1145 ἵνα
747 1102 812 1157 εἴη
856 1101 959 1157 αὐτή
990 1118 1035 1144 τε
1072 1104 1145 1144 καί
1171 1100 1193 1142 ὅ
1232 1100 1363 1159 ταύτῃ
1403 1099 1795 1157 συζευχθησόμενος

354 1160 426 1212 τῆς
452 1158 671 1211 βασιλείας
700 1155 911 1211 διάδοχος.
941 1161 1012 1215 qui
1031 1159 1218 1214 [Alexius
1238 1158 1431 1213 Angelus]
1455 1168 1673 1214 postquam
1693 1170 1798 1212 pro-

356 1215 432 1253 lem
461 1215 683 1254 masculam
708 1229 786 1254 ηοη
812 1218 1003 1269 suscepit,
1042 1214 1228 1269 crepidas
1250 1227 1478 1268 purpureas
1505 1213 1670 1253 induere
1692 1213 1796 1252 hanc

358 1270 536 1324 [irenem
565 1269 689 1309 filiam
715 1268 843 1321 suam]
864 1270 1094 1325 praecepit,
1116 1277 1156 1309 ut
1185 1270 1274 1324 ipsa
1293 1278 1331 1308 ec
1347 1269 1417 1325 qui
1446 1269 1487 1309 ei
1510 1270 1660 1309 iunctus
1685 1274 1792 1316 essee,

358 1326 399 1363 in
427 1325 594 1379 imperio
627 1325 667 1362 ei
691 1324 960 1365 succederent.

470 1379 518 1418 P.
538 1378 608 1428 25,
637 1379 698 1421 15.
724 1374 823 1423 τούς
851 1373 1215 1431 φρικωδεστάτους
1235 1369 1406 1431 ὅρκους]
1433 1376 1680 1417 Theodorus
1695 1376 1794 1415 Las-

360 1432 465 1472 caris
483 1434 538 1480 ll,
563 1432 754 1471 Iohannis
771 1429 955 1471 Batatiae
972 1446 1043 1470 seu
1061 1432 1249 1470 Vataciae
1275 1432 1397 1483 filius,
1420 1432 1645 1472 Iohannem
1666 1430 1796 1470 filium

359 1502 478 1527 suum
499 1486 700 1539 pupillum
720 1488 897 1526 moriens
925 1486 1106 1538 reliquit,
1127 1491 1366 1540 tutoresque
1394 1488 1431 1525 ei
1452 1486 1562 1526 dedit
1575 1485 1791 1525 Arse-nium

359 1542 635 1595 patriarcham
663 1548 702 1581 et
715 1540 983 1581 Muzalouem.
1011 1539 1266 1590 Theodorus,
1286 1540 1401 1594 quod
1420 1540 1609 1580 futurum
1625 1539 1795 1580 vereba-

360 1602 454 1644 tur,
498 1611 520 1634 a
548 1610 780 1635 successore
808 1610 881 1635 suo
912 1602 1096 1634 avertere
1128 1595 1284 1641 voluit,
1319 1595 1498 1650 ideoque
1524 1594 1648 1635 semel
1674 1594 1797 1647 at‘qu‘e

361 1652 509 1690 iterum
538 1651 589 1689 ab
616 1651 730 1690 aulae
759 1665 853 1689 suae
883 1649 1119 1703 proceribus
1141 1650 1371 1702 infimisque
1398 1649 1679 1690 iusiurandum
1706 1661 1796 1687 exe-

362 1706 440 1760 git,
473 1713 517 1744 ut
546 1705 627 1744 filio
661 1719 736 1744 suo
765 1705 900 1744 fideles
927 1705 1275 1757 obsequentesque
1297 1717 1345 1743 eo
1374 1704 1583 1745 constricti
1607 1718 1650 1744 se
1677 1717 1797 1757 prae-

360 1761 515 1799 herent.
546 1766 640 1812 post
689 1760 794 1799 illius
836 1760 959 1798 etiam
991 1759 1151 1799 obitum
1179 1759 1398 1811 repetitum
1425 1773 1471 1798 ac
1503 1760 1640 1799 statim
1668 1757 1798 1798 viola-

359 1822 449 1854 tum
478 1820 550 1853 est.
582 1814 662 1853 hoc
691 1814 742 1853 de
781 1815 940 1867 negotio
973 1813 1181 1853 adeundus
1210 1815 1417 1867 Gregoras
1442 1813 1512 1854 lib.
1542 1814 1568 1854 3
1596 1826 1684 1867 cap.
1704 1812 1733 1852 6
1758 1819 1799 1852 et

360 1869 565 1909 Phranzes
594 1868 663 1908 lib.
702 1882 714 1907 ι
745 1883 830 1922 cap.
863 1870 899 1908 3.
970 1868 1145 1908 Michael
1174 1868 1292 1907 etiam
1322 1869 1610 1923 palaeologus,
1642 1874 1682 1908 et
1705 1869 1800 1907 Mu-

361 1924 509 1963 zalonis
536 1923 669 1963 caedis
692 1926 782 1976 rei,
824 1923 1080 1964 anathemate
1120 1923 1302 1976 dirisque
1329 1923 1468 1963 devoti
1500 1930 1543 1964 et
1567 1935 1799 1964 excommu-

362 1981 485 2019 nicati
515 1985 620 2017 sunt.

227 2045 266 2080 V.
288 2058 349 2094 ¹72
470 2034 522 2075 P.
539 2033 605 2082 26,
630 2033 690 2075 15.
718 2028 961 2078 ἐνωτισθείς
989 2025 1064 2071 οὖν
1093 2032 1174 2072 τῶν
1193 2028 1391 2084 ῥημάτων
1409 2028 1487 2071 τοῦ
1498 2029 1797 2082 Καντακουζη.

361 2086 451 2141 νοῦ]
468 2088 696 2140 Stephanus
713 2088 876 2127 Serviae
890 2088 1024 2127 Crales
1035 2087 1314 2126 Cantacuzeno
1331 2086 1521 2125 auxilium
1534 2085 1693 2140 roganti
1708 2098 1798 2124 con-

364 2143 540 2182 ditiones
571 2143 676 2191 tulit,
706 2142 854 2195 quibus
878 2142 915 2181 ei
937 2157 1056 2195 opem
1070 2142 1178 2181 ferre
1208 2142 1430 2195 cogitabat:
1461 2148 1502 2180 at
1528 2141 1653 2180 duras
1679 2139 1799 2179 nimis

365 2199 467 2237 visas
494 2199 796 2236 Cantacuzenus
822 2197 933 2236 haud
965 2197 1136 2236 admisit.
1194 2197 1422 2250 Stephanus
1447 2202 1665 2249 propterea
1694 2196 1799 2234 Can-

361 2259 553 2292 tacuzeno
579 2252 809 2304 indignatus
840 2252 890 2291 de
918 2252 957 2291 vi
986 2251 1024 2291 ei
1050 2251 1257 2291 inferenda
1283 2252 1494 2291 consilium
1521 2250 1700 2303 agitavit,
1725 2263 1798 2288 ve-

366 2321 459 2346 rum
500 2321 574 2359 per
606 2298 773 2345 uxos-em
805 2306 1040 2346 Cralaenam
1076 2305 1358 2346 reconciliatus
1380 2307 1516 2345 statim
1542 2305 1635 2344 fuit.
1693 2304 1798 2342 Can-

363 2369 578 2401 tacuzenus
606 2361 674 2400 lib.
706 2362 728 2400 5
769 2375 883 2415 capp.
906 2362 957 2411 43
988 2369 1026 2400 et
1054 2360 1120 2413 44.
1160 2361 1387 2401 Monendus
1428 2359 1494 2399 hic
1535 2359 1662 2398 lector
1687 2357 1798 2397 hunc

363 2416 529 2456 Serviae
571 2416 781 2469 despotam
816 2431 886 2456 seu
916 2417 1075 2455 Cralem
1111 2416 1387 2468 Stephanum,
1415 2414 1467 2454 ad
1494 2409 1615 2467 q‘uem
1648 2413 1796 2452 Canta-

363 2485 536 2510 cuzenus
573 2472 778 2524 confugit,
823 2486 868 2510 ex
898 2472 1101 2524 Nemagna
1127 2477 1247 2523 gente
1274 2470 1397 2510 fuisse
1422 2476 1690 2522 vocatumque
1714 2467 1798 2512 >im-

362 2533 621 2578 peratorem,
665 2526 956 2579 Byzantinique
1001 2527 1157 2578 imperii
1192 2525 1428 2578 provincias
1472 2523 1797 2563 Thessalonicam

363 2594 491 2632 usquc
522 2580 790 2619 dominationi
812 2589 914 2620 'suae
954 2581 1223 2633 supposuisse.
1255 2594 1423 2634 regnare
1450 2579 1581 2631 coepit
1609 2578 1675 2616 hic
1707 2577 1798 2616 Ste-

362 2635 520 2687 phanus
556 2649 661 2672 anno
693 2637 819 2686 1331,
866 2649 948 2689 quo
990 2641 1150 2688 patrem
1180 2650 1296 2674 suum
1335 2636 1537 2674 Uroscum
1565 2631 1796 2671 aulicorum

364 2689 532 2728 consilio
562 2689 653 2740 gula
692 2690 814 2728 fracta
846 2690 1018 2729 interfici
1049 2691 1170 2729 iussit.
1202 2691 1383 2742 regnavit
1409 2689 1460 2728 ad
1486 2701 1638 2727 annum
1669 2699 1797 2739 usque

370 2743 494 2796 1354,
532 2758 625 2783 cum
655 2744 704 2784 ad
734 2744 1091 2798 Divolopotamum
1117 2745 1316 2784 Thraciae
1346 2744 1489 2783 urbem
1517 2743 1601 2783 fato
1629 2755 1795 2783 conces·
