1890 3204
567 151 643 193 An
685 151 804 198 CAR,
843 152 926 193 XL.
955 148 1166 199 ,NOTAE
1461 134 1569 190 621

115 254 296 307 gemine,
318 265 400 309 pro
438 252 569 309 ipsius
597 262 687 301 tam·
709 253 986 301 incolumitate
1004 282 1016 301 ‚
1035 265 1166 317 quam
1189 254 1468 307 prosperitate
1497 257 1581 294 ritu

117 308 274 361 veteri,
295 322 376 364 quo
405 308 530 350 Threi
552 309 631 349 suis
657 310 798 349 omnia
814 309 964 356 fausta
986 306 1242 363 prancipihus
1268 315 1406 363 optare
1434 310 1576 349 solent.

212 362 283 408 ,P.'
310 362 408 416 300,
445 378 477 409 1.
543 361 602 416 μὴ
637 361 803 418 φοβοῦ]
865 364 1064 404 Phranzoe
1092 361 1167 412 lib.
1200 361 1226 403 5
1254 376 1346 417 cap.
1382 365 1432 415 14
1464 365 1581 404 Hali-

119 420 203 471 lem
228 418 394 460 Bassam
420 418 637 460 consilium
676 419 916 461 Mehemetis
945 419 1187 475 patefecisse*
1209 417 1381 460 obsessis
1419 427 1461 460 et
1488 423 1579 462 aui-

118 488 234 527 mum
260 475 359 528 ipsis
387 473 588 519 addidisse
621 482 776 514 narrat.

184 534 188 538 '
232 529 294 575 P„
316 529 417 582 ὅσοι
443 529 484 581 4.
555 528 595 569 εἰ
619 527 644 568 ὅ
671 527 872 581 βασιλεύς
899 527 1095 584 ἀπέδρα]
1152 529 1359 574 Pht-,amos
1389 529 1459 570 lib.
1490 531 1516 571 3
1545 546 1581 572 c.

125 584 176 626 18
203 585 389 640 agnitum
426 586 719 638 imperatorem
762 600 809 626 ex
857 585 999 627 calceis
1029 586 1250 640 purpureis
1281 584 1508 640 aqui-lisque
1537 588 1580 626 in

118 641 176 682 eis
201 640 253 681 de
285 639 373 680 ictis
403 640 567 690 scribit,
602 640 791 695 qualibus
819 641 878 681 uti
905 642 1176 695 imperatores
1208 649 1522 685 consueverant.

233 654 286 741 IL).
316 695 416 748 306,
452 695 515 739 18.
539 695 620 736 ’τοῦ
649 690 972 751 Αὖγουστείου]
1030 696 1188 736 Forum
1217 698 1460 751 Augustium
1491 711 1580 737 non

119 748 245 806 longe
283 765 308 791 a
343 751 385 795 S.
415 750 568 805 Sophia
594 751 874 801 aedificatum,
924 759 964 792 et
996 751 1038 791 in
1068 766 1151 806 quo
1183 751 1378 792 columna
1405 766 1431 793 a
1460 753 1582 796 Iusti-

105 805 246 851 niano
287 813 421 849 erecta
450 807 552 856 fuit,
598 822 755 862 suaque
783 814 915 848 statua
949 809 1145 862 equestris
1173 808 1211 848 ei
1242 808 1446 862 imposita.
1474 808 1584 850 Pro-

117 861 265 917 copius
293 860 346 902 de
374 861 565 902 aedificiis
590 863 803 903 Iustiniani
833 877 1021 903 sermone
1055 876 1090 906 1.

162 960 165 961 ⁷
230 917 282 971 Ρ.
307 917 398 967 301,
424 931 490 960 20.
548 914 622 957 τὸν
650 917 696 965 δὲ
727 913 1008 972 ΙΠεγαδούκα]
1065 917 1322 966 Dissentiunt
1349 934 1373 957 a
1401 931 1444 958 se
1472 919 1580 959 invi-

121 985 211 1027 cem
237 972 376 1012 Ducas
411 980 452 1012 et
486 973 692 1013 Phranzes
731 975 771 1012 in
803 973 849 1012 iis
879 987 984 1028 quae
1009 972 1064 1013 ad
1095 975 1289 1036 Magnum
1322 973 1469 1014 ducem
1497 975 1582 1014 Lu·

121 1042 213 1068 cam
248 1027 448 1068 Notaram
495 1029 713 1080 pertinent.
745 1028 811 1069 hic
841 1029 1032 1084 equidem
1061 1029 1276 1070 iniuucum
1305 1035 1348 1070 et
1375 1029 1582 1070 infensum

122 1084 242 1132 nimis
269 1083 308 1128 ei
335 1098 378 1124 se
404 1084 636 1138 profitetur.
669 1084 876 1125 Laouicus
903 1085 955 1125 ad
983 1086 1110 1125 nostri
1129 1085 1275 1126 Ducae
1301 1099 1465 1128 sensum
1491 1099 1582 1127 ma-

150 1140 182 1179 is
211 1138 383 1183 accedit,

121 1153 147 1194 g
233 1193 286 1234 P.
314 1193 415 1242 306,
453 1207 516 1234 12.
565 1195 661 1249 Cap.
696 1193 762 1246 41.
830 1195 920 1235 Hoc
950 1195 1083 1248 capite
1110 1195 1244 1236 Ducas
1275 1195 1511 1237 monodiam
1541 1197 1584 1238 in

120 1247 284 1304 captam
303 1248 613 1306 ‚desolatamque
655 1249 822 1302 urbem,
863 1250 1047 1290 Nicetam
1078 1250 1374 1293 Acominatum
1402 1251 1584 1296 Chouia-

121 1312 204 1346 tem
232 1304 442 1357 imitatus,
471 1306 645 1359 scripsit.
1545 1352 1547 1354 ,

235 1361 286 1402 Ρ.
314 1361 408 1411 312,
437 1375 475 1416 9.
533 1362 631 1416 Cap,
659 1361 726 1412 42.
783 1356 946 1400 Σάκκον
975 1355 1291 1415 ἂρχιερατικόν]
1349 1361 1396 1402 Id
1426 1368 1489 1403 est
1511 1378 1585 1404 ve-

121 1422 223 1456 stem
268 1416 588 1468 sacerdotalem,
632 1430 737 1470 quae
766 1415 816 1455 ad
847 1415 1015 1457 modum
1045 1418 1148 1456 sacci
1177 1424 1352 1456 consuta.
1379 1426 1467 1467 est,
1499 1420 1585 1460 exi-

122 1479 292 1525 tumque
317 1473 439 1525 capiti
468 1479 508 1512 et
536 1472 726 1512 manibus
755 1470 943 1526 praebet,
978 1468 1149 1525 eam'que
1174 1472 1489 1525 superiniectam
1518 1476 1577 1514 in-

120 1526 266 1577 duunt.
306 1526 406 1581 solis
449 1527 693 1582 patriarchis
731 1540 874 1567 saccus
908 1529 1129 1581 competit,
1171 1541 1296 1581 quem
1325 1529 1459 1571 tribus
1488 1531 1638 1571 anniv.
1660 1546 1724 1581 ¹99

120 1581 292 1637 diebos,
323 1581 519 1624 paschate
546 1583 795 1624 Pentecoste
825 1589 865 1622 et
894 1583 1048 1633 Natali,
1079 1590 1251 1639 gestant.

237 1638 287 1678 P.
316 1637 413 1688 3¹2,
446 1652 506 1681 10.
563 1633 880 1692 ἑπιτραγήλιον]
938 1638 1278 1679 Patriarcharum
1308 1646 1349 1680 et
1377 1639 1585 1681 archidia-

125 1707 333 1734 conorum
361 1700 584 1748 gestamen.
612 1680 740 1746 ἆμνοῖ
764 1687 1087 1747 χρυσοῦφαντοι
1113 1701 1210 1734 sunt
1238 1696 1364 1748 panni
1382 1724 1395 1745 ‚
1424 1696 1463 1736 in
1490 1698 1586 1750 qui-

125 1748 203 1788 bus
244 1762 441 1803 agnorum
481 1749 613 1803 figura
656 1755 698 1788 et
727 1749 888 1801 imagO‚
923 1750 1144 1803 quaplesus
1171 1749 1357 1790 Christus
1393 1750 1586 1793 domiuus

125 1811 268 1844 noster
295 1817 393 1843 vere
420 1818 548 1857 agnus
579 1803 642 1844 dei
672 1803 944 1857 significatur,
973 1818 1051 1844 acu
1086 1804 1247 1858 depicta
1275 1812 1349 1844 est.

238 1858 287 1901 P.
318 1859 412 1908 515,
448 1859 509 1900 16.
537 1855 611 1901 καί
636 1855 823 1911 ἔπαρχον
851 1856 1139 1915 καταστήσας]
1169 1859 1445 1900 Leunclavius
1475 1860 1586 1901 hunc

124 1928 291 1971 quoque
331 1912 797 1968 Suleimanem—begum
836 1914 1044 1968 appellat,
1081 1922 1123 1955 et
1148 1915 1364 1956 Subassam
1389 1931 1414 1956 a
1442 1917 1587 1958 Mehe-

126 1976 236 2013 mete
264 1968 379 2024 Cpoli
410 1977 551 2025 captae
579 1971 856 2025 praepositum
884 1978 1039 2009 narrat.

238 2026 288 2068 P.
320 2025 415 2075 3¹3,
454 2040 513 2080 ¹7·
570 2022 643 2065 καὶ
671 2021 744 2064 τόν
769 2024 878 2077 μέγα
904 2023 1021 2080 ναόν]
1079 2025 1169 2066 Hoc
1198 2026 1351 2066 factum
1380 2026 1487 2067 Iunii
1518 2027 1587 2069 die

132 2095 147 2122 1
170 2111 184 2133 ,
213 2081 315 2122 feria
342 2080 398 2129 6,
442 2095 512 2121 seu
552 2081 619 2121 die
645 2080 842 2129 Veneris,
883 2088 929 2119 ut
957 2080 1008 2120 ad
1042 2095 1128 2135 cap.
1157 2080 1210 2134 40
1257 2097 1303 2122 ex
1334 2082 1585 2124 Leunclavio

125 2137 437 2186 adnotavimus,
475 2137 534 2176 ita
571 2143 618 2177 ut
651 2137 767 2189 prius
797 2136 837 2179 S.
874 2135 1072 2190 Sophiam
1102 2139 1141 2176 in
1174 2138 1414 2178 Meschitam
1445 2145 1585 2180 trans-

124 2198 324 2234 mutatam
350 2192 447 2232 ritui
474 2206 547 2232 suo
574 2190 878 2232 consecmverit
902 2206 1026 2246 quam
1058 2191 1242 2246 Galatam
1275 2194 1508 2235 intraverit.

163 2300 166 2302 ‚
240 2247 294 2288 P.
322 2246 427 2301 314,
466 2248 527 2287 13.
596 2244 875 2300 α’πελογίσατο
904 2239 980 2287 οὖν
1008 2247 1185 2302 πρῶτον]
1244 2250 1418 2293 Iacobus
1446 2250 1586 2292 Bosius

127 2302 237 2344 Hist.
268 2302 384 2346 milit,
425 2302 735 2357 Hierosolymit.
778 2301 854 2342 lib.
886 2317 908 2357 7
960 2310 1051 2356 post
1083 2311 1248 2358 captum
1273 2305 1445 2355 urbem,
1477 2321 1586 2353 anno

130 2357 249 2411 1453,
274 2358 394 2398 Chios
429 2358 594 2398 Lesbios
620 2359 784 2398 Servios
812 2357 1143 2412 Trapezuntinos
1177 2369 1217 2400 et
1248 2360 1467 2402 Caffatinos
1514 2376 1588 2410 ve,-

132 2414 299 2470 ctigales
331 2414 455 2454 factos
484 2428 568 2454 esse
596 2421 749 2454 narrat.

237 2469 287 2511 P.
314 2467 409 2520 514,
447 2469 508 2512 13.
564 2468 621 2524 τῷ
649 2468 824 2522 πρέσβει
851 2464 928 2522 τῆς
957 2466 1158 2525 Σερβίας]
1216 2470 1491 2512 Leunclavius
1522 2486 1587 2513 as·

126 2526 224 2565 serit
249 2523 322 2564 lib.
357 2525 403 2566 15
450 2525 591 2565 eadem
620 2532 770 2565 aestate
798 2538 878 2579 qua
922 2532 1043 2578 capta
1076 2532 1135 2566 est
1162 2524 1281 2575 urbs,
1311 2526 1587 2569 Mehemetem

127 2579 171 2620 in
198 2580 385 2621 Servium
425 2581 646 2621 exercitum
683 2579 866 2630 duxisse,
911 2585 955 2620 et
977 2595 1086 2622 anno
1116 2588 1310 2636 sequente
1335 2597 1470 2624 arcem
1501 2584 1585 2624 No.-

127 2636 356 2676 vabardem
385 2636 660 2690 occupavisse.

239 2691 399 2739 P.315‚
430 2690 488 2742 14.
548 2689 604 2738 ὥς
635 2687 658 2730 ὅ
687 2686 812 2737 τόπος
842 2684 890 2730 ὃν
919 2686 1156 2747 δεσπόζεις]
1210 2692 1352 2734 Nescio
1383 2694 1493 2749 quod
1522 2693 1711 2750 iusP.274

130 2747 173 2787 iu
201 2746 345 2789 Servia
373 2761 415 2788 se
431 2747 591 2798 ‚hebere
628 2745 809 2788 iactabat
837 2745 1087 2788 Mehemetes
1108 2777 1120 2800 ,
1151 2748 1221 2804 qui
1249 2757 1484 2792 maternum
1512 2764 1583 2805 ge-
