1890 3204
0 52 21 118 *04:222-

585 125 664 168 Ὰι)
706 125 825 168 mr.
864 125 961 168 xm
988 123 1199 169 ῑΝοΤΑΕ.
1417 84 1421 87 i
1511 108 1625 186 559

169 229 512 286 mu'adsignan't
529 233 553 280 ‚'
569 228 729 283 insigne
759 228 1084 270 Christianorum
1111 228 1244 282 strage
1275 239 1323 268 ac
1349 228 1496 271 caede:
1526 229 1626 272 duas

169 299 456 342 ergopuguas
480 284 767 336 confundunt,
814 291 858 326 et
887 284 964 325 sibi
993 297 1235 339 prosperam
1262 282 1306 323 in
1334 297 1489 326 annum
1523 287 1626 342 ¹39²

167 342 437 391 -transferunt,
466 346 514 380 ut
543 339 826 394 improsperae
853 341 1094 382 memoriam
1123 339 1353 380 obliterent.
1386 340 1448 380 his
1475 341 1627 382 adver..

169 405 314 440 santur
338 395 600 437 Froissardus
629 395 720 436 loco
749 396 877 437 citato
895 425 909 447 ‚
941 396 1013 451 qui
1039 394 1235 437 accidisse
1262 395 1320 435 a-it
1349 409 1460 436 anno
1496 397 1625 451 1596,

169 453 239 494 die
267 453 413 493 Lunae
454 465 527 492 seu
568 450 675 491 feria
705 466 728 492 2
761 459 858 492 ante
894 451 1046 492 festum
1088 452 1128 492 S.
1156 449 1399 502 Michaelis,
1437 453 1510 506 qui
1551 453 1630 494 suit

172 507 442 562 Septembris,
461 506 540 555 25,
578 508 772 561 quoniam
817 521 927 548 anno
959 507 1028 548 ino
1055 505 1220 546 fuerunt
1250 505 1407 546 litterae
1443 507 1628 548 domini..

167 564 277 605 calos
289 564 335 613 B,
356 564 410 606 A.
433 562 643 603 Bonfinius
668 563 808 606 decad..
831 564 856 603 3
891 561 963 603 lib.
989 577 1013 602 2
1043 561 1258 617 contigisse
1277 563 1334 602 ait
1351 561 1444 602 Kal.
1476 563 1627 604 octob.

169 632 279 660 anno
300 617 418 674 1396.
445 619 680 659 Brassoviae
707 633 782 659 seu
801 619 986 658 Coronae
1014 618 1056 658 in
1084 617 1402 672 Transsylvania
1426 620 1469 658 in
1498 620 1627 660 eccle·

167 676 252 717 siae
268 673 492 728 parietibus
511 674 567 714 ita
585 676 784 728 scriptum
806 673 971 728 legitur,
986 674 1103 714 Anno·
1126 673 1230 729 1596
1246 674 1532 715 SIGlSMUNDus
1561 690 1628 716 nv-

148 759 151 762 ‹
170 743 383 772 ηιιοιτιιι
403 743 567 770 rucmr
591 744 644 770 ΑΒ
666 744 891 771 mcoromm
918 743 1081 770 commu
1097 729 1329 769 Bmzmm
1348 730 1544 771 Sam-tm.
1561 731 1627 772 28.

168 787 227 826 ita
245 785 424 825 refertur
443 784 485 824 in
506 785 714 826 volumine
729 786 989 840 Scriptorum
1003 785 1100 825 hist.
1123 785 1395 840 Hungaricae.
1415 785 1482 827 his
1507 788 1628 827 Mau-

165 856 239 882 rus
267 840 452 881 Orbiuus
493 842 536 881 in
582 840 807 882 Slavorum
847 840 1021 881 historia
1060 844 1275 884 consentit.
1331 842 1558 905 Buntingus
1587 849 1631 883 et

167 897 268 938 Ubo
296 892 484 937 Emmius
524 896 568 936 in
612 896 879 951 chronologia
915 910 1026 936 anno
1054 896 1155 950 1395
1184 896 1398 951 contigisse
1421 898 1628 939 scribunt.

167 959 212 994 nt
249 952 483 1004 Phranzes,
521 966 643 1007 quem
678 953 878 992 haetenus
918 952 1066 992 Latine
1095 951 1227 991 solum
1265 952 1486 1004 habemus,
1515 953 1629 995 illam

167 1007 327 1049 cladem
353 1007 404 1048 ad
441 1022 596 1048 annum
627 1008 772 1048 mundi
800 1008 933 1062 6900,
971 1008 1012 1048 id
1039 1014 1101 1047 est
1134 1007 1285 1048 Christi
1316 1009 1418 1063 1592
1436 1038 1449 1059 ,
1476 1010 1625 1060 refert,

131 1094 136 1098 -
166 1071 218 1107 et,
237 1062 427 1105 Tui-eicis
453 1062 640 1118 congruit
671 1063 918 1104 Annalibus.
954 1064 1023 1104 ubi
1053 1062 1283 1103 notandum
1312 1065 1437 1103 etiam
1464 1065 1629 1105 Phran-

167 1134 257 1160 zem
279 1126 374 1173 post
412 1134 588 1174 pugnam
631 1117 744 1159 illam
772 1117 1129 1173 Nicopolitanam,
1173 1118 1418 1159 Christianis
1446 1127 1529 1161 tam
1559 1121 1625 1160 lu..

166 1175 364 1230 gubrem,
391 1176 591 1215 Manuelis
619 1174 661 1214 in
691 1175 848 1215 Italiam
877 1175 1097 1214 discessum
1116 1203 1128 1224 ‚
1158 1181 1205 1213 ut
1235 1180 1278 1214 et
1306 1175 1466 1215 Ducam
1496 1175 1625 1217 collo.-
1638 1188 1672 1222 P,
1689 1198 1760 1236 229

167 1246 275 1272 care.
304 1244 352 1271 ex
381 1230 473 1271 hist.
503 1231 661 1271 Veneta
689 1236 850 1270 constat
878 1244 989 1270 anno
1013 1229 1114 1284 1595
1135 1229 1372 1271 Manuelem
1397 1231 1518 1286 Cpoli
1546 1231 1627 1272 sol-

167 1287 274 1327 visse
318 1292 362 1326 et
389 1286 582 1327 Venetias
609 1286 842 1334 accessisse;
882 1285 994 1339 quod
1026 1286 1059 1325 si
1086 1285 1209 1326 huius
1236 1286 1438 1339 profectio
1470 1287 1630 1328 cladem

167 1343 221 1383 ad
245 1341 481 1397 Nicopolim
505 1350 643 1382 secuta
673 1349 755 1394 est,
787 1355 918 1381 annus
954 1340 1098 1395 praelii
1129 1339 1412 1395 Nicopolitani
1443 1348 1629 1384 anteces-

167 1399 222 1438 sit
245 1412 401 1439 annum
436 1398 552 1452 1395.
583 1397 794 1451 quomodo
820 1397 1029 1436 conciliari
1057 1395 1218 1449 possint
1246 1398 1349 1450 ista,
1379 1411 1466 1438 non
1485 1399 1627 1439 video:

166 1454 239 1494 sed
258 1453 420 1494 nostris
447 1453 686 1493 auctoribus
713 1453 919 1492 fidendum
946 1452 1083 1506 potius
1111 1453 1323 1504 existimo,
1354 1453 1428 1508 qui
1456 1467 1630 1498 accura-

165 1509 280 1558 tius,
326 1515 370 1550 ct
407 1508 490 1549 hoe
529 1507 624 1549 loco
655 1507 821 1548 meliori
854 1522 977 1562 quam
1004 1507 1136 1548 Turci
1161 1507 1242 1548 fide
1267 1515 1456 1564 tempora
1484 1510 1631 1550 obscr-

150 1589 152 1594 ·
165 1579 218 1607 VR
223 1572 334 1606 runt.

279 1620 332 1664 Ρ.
360 1619 431 1669 52,
463 1620 531 1664 23.
600 1616 740 1664 δόντες
787 1612 940 1670 ε’γγυὴν
981 1614 1055 1658 τὸν
1097 1616 1310 1673 αὐθέντην
1357 1617 1627 1674 Μιτυλήνης]

165 1676 282 1717 Idem
310 1676 451 1717 scribit
478 1675 748 1716 Froissardus
773 1673 824 1713 de
850 1674 1068 1726 sponsione
1097 1674 1204 1713 facta
1229 1689 1254 1713 a
1279 1674 1467 1729 principe
1497 1675 1628 1728 Mity-

166 1731 279 1772 lenes
296 1746 309 1772 ε
341 1746 487 1773 verum
515 1733 558 1770 in
587 1731 710 1770 rebus
740 1743 788 1768 ac
816 1728 1059 1782 geographia
1103 1730 1323 1783 regionum
1352 1730 1628 1771 Orientalium

149 1782 361 1843 ‘ignarum
391 1786 614 1827 admodum
642 1799 690 1824 ac
722 1784 956 1837 imperitum
995 1798 1035 1823 se
1062 1785 1215 1837 prodit.

279 1843 372 1883 Hoc
399 1850 535 1882 autem
584 1839 675 1880 loco
714 1854 801 1879 rem
848 1838 1068 1887 adnotare,
1106 1853 1214 1894 quae
1241 1839 1294 1880 ad
1323 1854 1484 1895 pugnae
1515 1840 1626 1882 illius

152 1897 483 1953 Nicopolitanae
508 1897 726 1937 historiam
762 1896 966 1948 pertinet,
1014 1894 1194 1935 alienum
1224 1909 1391 1949 prorsus
1420 1911 1502 1937 non
1531 1897 1626 1937 erit.

167 1954 277 1995 inter
314 1952 470 1994 Galliae
507 1953 715 2006 principes
752 1952 823 2004 qui
863 1951 900 1989 ei
942 1949 1239 2000 interfuerunt,
1288 1951 1510 2006 Philippus
1545 1953 1626 1992 Ar..

165 2011 291 2051 tesius
328 2009 462 2064 regiae
502 2007 718 2062 prosapiae
758 2005 973 2059 princeps,
1016 2020 1154 2046 comes
1196 2006 1248 2045 de
1271 2006 1339 2046 Eu
1383 2015 1424 2048 et
1450 2008 1626 2048 Franci-

166 2079 217 2106 ae
258 2063 641 2112 Conestabiliarius,
694 2067 958 2113 recensetur3
1006 2061 1123 2115 isque
1164 2075 1246 2100 una
1299 2076 1392 2102 cum
1441 2063 1627 2104 Iohanne

165 2121 480 2162 Nivernensium
531 2119 637 2159 duce
675 2124 819 2171 captus
865 2123 939 2156 est.
983 2116 1034 2155 de
1068 2117 1156 2156 eius
1196 2116 1331 2157 obitus
1363 2117 1432 2158 die
1465 2126 1507 2159 et
1556 2119 1625 2159 lo..

163 2190 239 2228 co,
290 2176 363 2216 ubi
417 2177 500 2216 fato
536 2174 734 2214 concessit
754 2203 765 2221 ‚
827 2171 1043 2212 historicos
1088 2178 1249 2212 nostros
1290 2179 1332 2213 et
1360 2182 1625 2215 monumenta

165 2247 272 2286 quae
301 2230 420 2287 Cpoli
445 2237 612 2278 extant,
647 2231 754 2268 inter
793 2242 835 2268 se
866 2227 1082 2268 dissentire
1109 2227 1406 2274 animadverto.
1465 2230 1624 2270 Claris-

165 2289 255 2328 simi
292 2289 371 2328 viri
404 2285 707 2328 sammarthani
749 2284 897 2323 fratres
928 2283 1200 2336 Genealogiae
1232 2284 1380 2325 domus
1423 2285 1626 2326 Franciae

165 2343 236 2384 lib.
268 2345 320 2383 30
359 2343 591 2396 Philippum
622 2341 824 2381 Artesium
864 2340 1049 2389 Prusae,
1087 2339 1210 2393 vulgo
1251 2341 1456 2393 Burusae,
1501 2341 1568 2382 die
1598 2343 1621 2382 3

162 2398 274 2439 lunii
301 2413 410 2440 anno
443 2401 541 2454 ¹597
571 2398 655 2437 fato
676 2397 859 2436 sunctum
887 2394 1009 2434 fuisse
1031 2394 1221 2445 tradunt,
1252 2395 1424 2451 eiusque
1449 2397 1624 2438 cadaver

166 2454 207 2494 in
239 2451 416 2495 Galliam
458 2454 732 2501 translatum,
775 2458 816 2491 et
856 2452 897 2490 in
933 2450 1059 2490 choro
1091 2451 1233 2505 templi
1266 2453 1509 2493 monasterii
1550 2467 1622 2493 seu

166 2510 356 2551 abbatiae
399 2511 438 2550 S.
466 2509 681 2550 Laurentii
720 2508 979 2557 Essuorum,
1023 2506 1148 2560 vulgo
1189 2507 1240 2547 de
1278 2507 1372 2558 Eu,
1406 2509 1622 2548 eonditum

165 2579 262 2606 esse.
291 2566 388 2606 dum
417 2580 518 2606 vero
550 2578 656 2604 anno
690 2561 788 2616 1647
820 2577 894 2616 per
920 2575 1078 2602 menses
1104 2562 1397 2616 Februarium,
1421 2564 1623 2604 Martium

165 2628 208 2661 et
237 2621 413 2674 Aprilem
445 2621 562 2674 Cpoli
607 2619 848 2674 agebamus,
891 2618 933 2657 in
960 2617 1195 2658 monasterii
1223 2619 1266 2659 S.
1297 2619 1505 2660 Francisci
1536 2621 1621 2659 Ga-

166 2677 332 2718 latensis
361 2678 509 2717 sacello
540 2690 624 2715 uno
646 2705 659 2724 ‚
687 2673 900 2728 peristylio
928 2687 999 2713 seu
1027 2674 1207 2713 claustro
1236 2676 1453 2728 contiguo,
1484 2675 1624 2728 sepul-

169 2732 317 2774 chrum
347 2734 452 2774 illius
480 2731 671 2787 principis
713 2744 986 2771 marmoreum
1011 2729 1213 2783 vidimus,
1239 2731 1307 2770 cui
1338 2744 1511 2785 sequens
1535 2733 1622 2786 epi-
