1904 3198
295 136 370 191 56
642 154 828 196 nuceas
859 155 1145 196 minumus
1182 156 1406 196 meroris

268 252 499 310 'Mavomjz
543 253 680 312 εἴρηκε
723 253 799 308 ,,τό
836 256 969 306 σῶζον
997 255 1136 306 σώζου
1172 253 1243 298 καὶ
1266 254 1328 310 μὴ
1354 256 1515 309 μελέτω
1538 269 1608 299 σοι
1633 257 1734 312 περὶ

282 323 540 374 βασιλειάς.”
594 319 730 363 ἐλθών
761 322 809 364 δὲ
836 321 881 362 ἐν
907 325 992 368 τοῖς
1017 321 1239 376 παραλίοις
1262 323 1339 363 τοῦ
1371 320 1731 376 Helenum-diffisis

282 385 359 442 τήν
387 387 609 428 δέσποιναν
637 386 718 429 σύν
743 391 830 434 τοῖς
855 386 1010 434 τέκνοις
1038 386 1147 428 ἐκεῖ·
1205 383 1295 440 εἶχε
1321 385 1400 442 γὰρ
1429 386 1505 428 τὸν
1527 382 1740 440 Ἰωάννῃ-

283 453 442 507 βρέφος
469 450 543 493 καί
567 449 641 492 τὸν
671 448 894 506 Θεόδωρον
921 449 1083 505 νήπιον.
1149 453 1408 504 καταλείψας
1436 452 1476 492 δ’
1501 448 1735 500 αὐτούς-ἒν

287 515 505 574 Μεθώνῃ,
546 516 620 558 καί
661 515 736 564 τὰς
775 514 958 569 τριήρεις
1001 509 1175 558 ὄπισθεν
1202 519 1395 569 πέμψας,
1425 514 1556 566 αὐτὸς
1583 517 1630 558 ἐν
1656 518 1771 572 μιᾷὅ

78 590 118 625 Δ.
135 589 172 622 C.
188 592 274 635 ¹395
287 583 369 624 τῶν
380 581 576 636 μεγάλων
590 585 699 637 νηῶν
718 579 919 623 εἰσελθών
935 580 1051 622 ἔπλει
1079 581 1140 630 εἰς
1149 583 1364 635 Βενετίαν,
1378 583 1439 631 εἷς
1458 577 1735 634 Mammam,

180 654 216 690 Ρ.
230 656 275 689 30
286 649 326 689 Γ
323 648 490 699 ενοῦαν,
507 647 812 701 Φλωρεντζιάν,
826 646 1053 701 Φεραρίαν,
1075 647 1148 688 καί
1170 641 1341 689 ἅπασαν
1355 647 1539 689 Ἰταλίαν
1553 642 1735 688 διελθών

286 710 369 755 ἀπὸ
397 703 669 768 Προβέντζας
709 709 872 766 ἐχώρει
898 712 958 760 εἰς
986 710 1225 766 Γερμανίαν
1254 706 1347 767 ἤτοι
1375 713 1607 767 Φραγγιῖιν·
1664 711 1737 754 καί

283 779 435 827 πάντες
463 777 501 820 οἱ
529 775 708 833 ῥηγάδες
735 778 809 818 καί
838 777 988 818 δοῦκαι
1006 778 1080 819 καί
1097 773 1284 827 κόντιδες
1315 779 1470 831 ἐτιζιιων
1497 773 1632 820 αὐτὸν
1659 774 1736 819 καί

285 843 342 893 ὥς
372 843 550 898 ἡμίθεον
576 842 728 898 δώροις
766 838 1004 898 ἠμείβοντο.
1068 840 1250 884 διελθών
1274 843 1321 885 δὲ
1348 845 1492 887 πᾶσαν,
1516 841 1736 898 Φραγγίαν
1753 854 1800 880 10

282 908 355 950 καί
393 910 453 957 εἰς
500 907 552 950 τὰ
587 909 669 950 τῶν
707 907 960 959 Ἀλαμανιὸν
996 902 1095 962 ὅρια
1128 907 1315 963 περάσας
1355 905 1482 949 πάλιν
1519 899 1652 963 ἦλθεν
1674 909 1737 957 εἰς

282 973 496 1017 Βενετίαν.
570 972 607 1015 οἱ
638 974 684 1015 δὲ
711 975 877 1016 Βένετοι
922 971 1159 1028 πρεπόντως
1191 969 1533 1028 φιλοξενήσαντες
1558 973 1633 1015 καί
1656 970 1738 1015 miv

281 1039 435 1095 δώροις
481 1038 692 1088 πλείστοις
734 1040 1083 1093 ἀποπέμψαντες,
1111 1039 1300 1094 ἐστράφη
1329 1039 1391 1087 εἷς
1416 1036 1634 1093 Μεθώνην
1659 1035 1743 1081 οὖν»

282 1111 377 1154 ταῖς
403 1105 540 1147 αὐτῶν
571 1103 788 1160 τριήρεσι,
829 1107 902 1147 καί
920 1102 1143 1158 συντυχών
1168 1106 1219 1160 τῇ
1245 1102 1437 1161 δεσποινῃ
1463 1105 1536 1146 καί
1561 1109 1648 1153 τοῖς
1671 1101 1739 1147 τέ·-

282 1186 394 1224 κνοις
430 1171 613 1226 ἐκάθητο
645 1171 894 1224 καραδοκῶν
921 1167 974 1212 τὰ
997 1171 1070 1223 τῆς
1098 1168 1258 1219 πόλεως
1283 1169 1548 1224 ἀτυχήματα,
1577 1171 1738 1223 μᾶλλον
1754 1167 1803 1209 15

243 1234 332 1283 Βτά
361 1237 437 1278 τοῦ
467 1234 621 1284 ἔθνους
649 1237 731 1276 τῶν
758 1235 978 1287 Ῥωμαίων
1009 1231 1330 1288 δυστυχήματα.

174 1313 272 1357 val,
400 1303 464 1344 15.
514 1300 562 1343 Ὁ
588 1301 636 1343 δὲ
664 1299 868 1354 βασιλεύς
904 1298 1105 1355 Ἰωάννης
1130 1297 1334 1342 εἰσελθών
1361 1301 1407 1342 ἒν
1436 1301 1491 1357 τῇ
1519 1300 1639 1342 πόλει
1665 1301 1741 1343 καί

243 1369 484 1423 carew-9⁸89
502 1365 705 1420 βασιλευς
726 1367 862 1421 εἰσῆξε
886 1367 1052 1419 πρῶτον
1081 1363 1185 1407 κατὰ
1216 1363 1262 1407 τὸ
1289 1363 1450 1420 αἴτημα
1479 1368 1558 1408 τοῦ
1569 1369 1735 1421 Παγια-

283 1431 361 1488 ζῆτ
378 1432 520 1488 κριτὴν
537 1434 736 1486 Τοῧρκον,
757 1429 801 1480 ὃς
818 1430 893 1480 τὰς
912 1432 1171 1486 ἀμφιβολίας
1197 1428 1273 1480 τοὶς
1300 1426 1535 1483 ἆναμεταξῦ
1552 1434 1737 1486 συμβαιε-

278 1498 432 1547 νούσοις
448 1495 675 1551 Ῥωμαίοις
690 1495 764 1538 καί
782 1495 983 1551 Τούρκοις
1005 1496 1134 1545 αὐτὸς
1158 1497 1337 1550 διέκρινε
1355 1494 1460 1538 κατὰ
1475 1494 1547 1539 τὸν
1563 1497 1738 1552 Ἀραβι-
1750 1511 1801 1539 20

280 1561 353 1607 κόν
379 1563 519 1616 νόμον.
573 1565 646 1606 καί
672 1561 805 1604 πάντα
827 1559 908 1604 ὅσα
936 1558 1051 1615 εἶχον
1074 1561 1275 1615 Ῥωμαῖοι
1306 1562 1433 1617 μέχρι
1448 1564 1734 1618 Σηλυμβρίας,

280 1628 355 1673 καὶ
388 1626 494 1686 αὕτη
515 1628 764 1686 Σηλυμβρία
793 1629 870 1672 τοῦ
887 1627 1115 1686 Παγιαζήτ
1148 1628 1352 1684 ἐγένοντο,
1385 1629 1460 1672 καί
1486 1627 1510 1669 ὅ
1539 1628 1737 1684 Ἰωάννης

197 375 207 403 N

282 1791 387 1842 quasi
423 1796 531 1830 rebus
568 1795 666 1829 illius
700 1798 882 1837 studeret,
918 1796 1006 1829 talia
1042 1795 1153 1828 dixit:
1190 1795 1301 1827 urbis'
1326 1794 1434 1827 saluti
1452 1794 1675 1829 consulendo
1698 1800 1736 1828 te

282 1844 360 1887 ipse
382 1843 490 1884 salva,
516 1854 606 1876 neve
637 1843 682 1875 de
709 1843 860 1889 imperio
883 1842 1072 1876 retinendo
1098 1843 1145 1874 sis
1169 1842 1356 1875 sollicitus.
1381 1841 1428 1874 ad
1450 1842 1575 1875 littora
1602 1841 1736 1876 deinde

281 1890 522 1934 Peloponnesi
555 1890 719 1930 delatus,
745 1890 1009 1936 imperatricem
1035 1895 1072 1922 et
1105 1889 1239 1921 liberos
1268 1899 1358 1934 quos
1384 1899 1428 1921 ex
1453 1899 1495 1921 ea
1518 1894 1736 1933 susceperam

282 1936 480 1969 Iohannem
507 1947 629 1969 recens
655 1942 778 1970 natum
804 1936 1111 1981 Theodorumque
1133 1936 1328 1976 infantem,
1352 1935 1548 1969 Methonae
1574 1935 1736 1980 reliquit,

282 1983 567 2027 triremibusque
608 1983 764 2016 remissis
789 1984 934 2017 navium
959 1994 1165 2027 magnarum
1198 1993 1304 2016 unam
1325 1982 1535 2016 conscendit
1558 1988 1595 2016 et
1616 1983 1736 2016 Vene-

284 2030 354 2062 tias
379 2030 538 2075 appulit,
574 2030 813 2075 lustravitque
851 2031 1021 2074 deinceps
1053 2029 1300 2063 Mediolanum
1325 2029 1487 2062 Genuam
1516 2029 1737 2063 Florentiam

285 2077 483 2109 Ferrariam
498 2102 507 2116 ‚
542 2082 729 2120 totamque
754 2078 898 2110 Italiam
939 2077 1160 2122 peragravit,
1186 2082 1223 2109 et
1247 2088 1291 2108 ex
1311 2075 1567 2122 (Narbonensi)
1591 2076 1736 2109 Provin-

285 2123 341 2155 cia
365 2123 403 2155 in
429 2124 615 2156 Franciam
644 2129 680 2156 et
705 2124 935 2157 Germaniam
960 2124 1141 2167 profectus
1167 2129 1230 2156 est.
1257 2123 1354 2155 hunc
1378 2133 1477 2166 reges
1497 2134 1639 2163 omnes,
1667 2122 1735 2154 du-

285 2180 343 2201 ces
370 2175 407 2201 et
431 2170 580 2202 comites
615 2171 767 2203 maximo
792 2170 929 2203 honore
956 2170 1178 2210 habuerunt,
1219 2174 1256 2202 et
1278 2170 1379 2203 velut
1405 2168 1603 2202 semideum
1629 2168 1735 2202 donis

284 2216 524 2249 cumularunt.
550 2216 613 2248 ubi
642 2228 723 2261 ergo
750 2223 859 2250 totam
884 2217 1037 2250 Galliam
1071 2217 1286 2261 peragravit,
1314 2216 1352 2247 in
1377 2215 1604 2249 Germaniam
1630 2215 1738 2256 abiit,v

283 2262 442 2306 indeque
466 2263 636 2296 venetias
662 2265 811 2308 repetit;
844 2275 951 2308 quem
975 2264 1122 2303 Veneti,
1149 2269 1190 2295 ut
1219 2261 1388 2303 decebat,
1418 2262 1530 2294 amice
1556 2267 1593 2294 et
1621 2261 1734 2295 hene-

282 2309 364 2343 vole
393 2314 614 2350 tractarunt,
645 2311 752 2355 eique
778 2312 891 2344 multa
917 2310 1011 2343 dona
1040 2309 1159 2353 largiti
1183 2315 1284 2350 sunt,
1310 2319 1506 2352 eorumque
1524 2308 1733 2342 triremibus

282 2361 405 2389 vectus
445 2355 654 2389 Methonem
695 2368 855 2390 reversus
882 2363 936 2390 est
959 2357 1006 2389 ad
1029 2357 1294 2401 imperatricem
1332 2360 1369 2388 et
1408 2355 1565 2396 liberos,
1592 2361 1629 2388 et
1652 2367 1734 2388 cum

284 2402 337 2435 eis
364 2401 461 2434 urbis
494 2403 624 2435 malam
664 2403 866 2445 fortunam,
898 2405 1007 2437 immo
1045 2405 1280 2436 Romaeorum
1313 2402 1428 2446 gentis
1461 2401 1600 2435 cladem
1623 2413 1733 2447 expe-

284 2455 405 2489 ctans,
430 2448 662 2494 tranquillam
687 2450 936 2495 privatamque
958 2451 1068 2483 vitam
1094 2450 1231 2494 agebat.

384 2497 433 2529 15.
493 2496 683 2540 Postquam
725 2497 918 2540 imperator
966 2496 1144 2530 Iohannes
1182 2495 1307 2529 urbem
1343 2495 1520 2540 ingressus
1564 2494 1732 2528 diadema

283 2542 434 2582 sumsit,
465 2547 548 2574 ante
573 2543 691 2574 omnia
715 2543 960 2577 conditionem
985 2555 1005 2576 a
1023 2543 1178 2576 Baiazite
1203 2543 1313 2576 latam
1337 2542 1547 2587 adimplens,
1574 2541 1731 2575 iudicem

283 2588 440 2621 Turcum
481 2588 518 2620 in
564 2588 653 2621 urbe
687 2590 895 2629 constituit,
933 2591 996 2636 qui
1032 2590 1076 2623 de
1118 2588 1244 2622 litibus
1288 2594 1324 2622 et
1361 2589 1611 2622 controversiis
1637 2589 1731 2620 inter

282 2634 439 2668 Graecos
465 2641 500 2667 et
524 2634 659 2667 Turcos
685 2637 772 2667 ortis
797 2643 1028 2678 cognosceret
1053 2648 1096 2669 ex
1120 2637 1198 2679 lege
1222 2636 1373 2669 Arabica
1399 2642 1436 2669 et
1462 2634 1637 2680 quicquid
1664 2634 1729 2666 ha-

281 2680 419 2714 bebant
443 2682 587 2714 Romaei
615 2682 659 2714 ad
686 2682 920 2724 Sclymbriam
947 2695 1079 2728 usque,
1105 2682 1254 2726 ipsaque
1269 2682 1467 2726 Selymbria
1492 2683 1529 2714 in
1554 2681 1729 2714 ditionem

280 2727 447 2762 Baiazitis
474 2734 675 2769 cesserunt,
700 2728 860 2763 Iohanne
885 2730 980 2767 intra
1006 2740 1124 2765 muros
1154 2729 1250 2763 urbis
1275 2735 1414 2763 tantum
1441 2730 1648 2776 imperante.
1674 2727 1730 2763 in-
