1916 3210
403 180 406 185 ·
437 174 656 220 rrAmcE
692 177 1030 220 imnpnmz
1067 175 1321 219 mamm.
1488 155 1602 212 363

149 299 205 335 rex
224 291 268 327 et
290 280 480 326 revellini
508 287 550 323 et
576 295 800 336 superrare
829 283 924 336 ogni
953 296 1098 337 reparo
1129 288 1170 322 et
1197 281 1256 322 lui
1286 293 1406 321 come
1432 285 1604 320 strenuo

147 339 346 398 guerrero
375 343 418 380 et
443 337 706 392 magnanimo
734 338 968 392 capitanio,
998 338 1041 378 d}
1070 344 1113 379 et
1141 343 1263 377 nocte
1289 349 1406 376 senza
1438 335 1606 390 quiete,

146 389 359 453 pet-'mille
402 393 469 435 vie
495 399 536 434 et
577 393 689 432 modi
715 393 956 434 astutissimi
1003 393 1055 434 da
1089 393 1185 446 ogni
1209 399 1326 447 parte
1356 405 1435 432 con
1465 391 1503 431 13
1533 404 1607 431 sue

146 451 259 493 zenti
286 450 494 492 strenziva
521 447 558 489 el
584 448 769 489 castello.
828 449 1026 490 Dal'altra
1051 455 1174 504 parte
1209 448 1239 488 11·
1267 446 1476 488 Rhodiani
1502 445 1609 486 bene

146 508 190 548 in
215 506 360 548 ordine
401 511 443 546 et
480 505 564 545 ben
587 503 762 559 disposti
791 521 867 560 per
894 505 933 546 le
962 501 1079 545 mure
1110 519 1188 545 con
1218 503 1369 558 grande
1398 503 1537 542 animo
1566 507 1612 542 et

145 561 224 604 nsu
253 561 304 603 de
327 559 504 615 bataglie
531 573 573 600 se
610 560 882 602 defendivano
926 576 1003 601 con
1037 560 1212 600 halestre
1238 566 1279 600 et
1305 557 1538 599 bombarde
1567 563 1612 597 et

149 617 248 673 ogni
275 618 542 672 generatione
569 615 620 656 de
648 631 758 655 arme
786 617 838 657 da
866 617 1085 657 defendere
1112 622 1153 656 et
1181 615 1392 656 offendere
1419 613 1472 653 da
1500 612 1611 653 lonzi

145 677 188 714 et
215 673 268 712 da
297 686 452 727 presso.
507 671 630 726 Dapo
665 672 794 712 molte
829 672 1074 727 sanguinose
1116 671 1295 726 bataglie
1329 677 1372 710 et
1399 675 1535 710 morte
1559 668 1612 709 de

146 727 258 769 l'uua
286 734 329 769 et
359 727 490 768 l’altra
518 735 664 782 parte,
692 729 858 767 Homur
879 759 891 777 ‚
926 743 1045 768 corne
1075 727 1364 767 unodracone
1393 725 1613 779 insangue-

146 787 276 834 nato,
310 797 393 824 con
432 783 539 823 alcui
577 783 620 822 di
647 783 710 822 soi
739 784 900 824 Turchi
939 782 1170 824 electissimi
1200 780 1384 836 passola
1410 781 1516 820 fossa
1544 779 1612 820 del

145 838 341 890 castello,
371 845 415 879 et
441 853 599 894 poseno
632 838 670 878 le
697 839 803 879 scale
835 840 897 879 ale
923 853 1040 879 mure
1058 868 1070 890 ‚
1102 845 1144 879 et
1164 853 1252 879 esso
1281 837 1420 892 primo
1449 834 1613 877 comin-

147 894 195 935 τὸ
225 911 250 935 3
271 900 438 935 montar
466 894 506 934 13
534 894 668 934 scala:
699 902 817 935 tanta
848 910 918 935 era
946 895 985 935 la
1010 895 1205 934 bramosa
1234 893 1373 948 voglia
1401 891 1493 932 dela
1521 905 1614 946 spe-

147 957 240 991 rata
268 949 463 992 victoria.
491 963 558 989 ma
584 949 827 992 altramente
851 966 920 991 era
950 950 1156 990 ordenato
1184 951 1227 990 in
1256 948 1374 991 cielo.
1433 946 1614 999 Quando

145 1005 409 1046 fo=montat0
438 1020 463 1045 a
482 1019 594 1045 meza
615 1006 739 1055 scala,
768 1007 1044 1047 discourendo
1066 1021 1121 1045 un
1141 1020 1247 1060 poco
1277 1005 1318 1044 la
1345 1004 1510 1044 vistiera
1537 1016 1614 1057 per

147 1061 272 1102 veder
301 1067 458 1116 quanto
489 1075 686 1101 mancava
714 1062 793 1102 fine
824 1064 876 1102 ali
903 1062 1051 1111 merli,
1095 1061 1146 1102 de
1178 1075 1298 1115 sopra
1327 1060 1369 1099 fo
1399 1060 1611 1099 deserrato
1629 1058 1676 1093 30

150 1131 235 1156 uno
276 1123 499 1164 veretone,
542 1117 579 1156 el
621 1118 742 1172 quale
768 1118 799 1158 li
844 1118 961 1172 passo
991 1132 1182 1172 permezo
1226 1117 1265 1156 13
1298 1115 1441 1169 ciglia3
1471 1129 1546 1168 per
1573 1113 1613 1154 la

181 1171 251 1212 ual
289 1170 410 1213 ferita
439 1171 606 1212 subbito
639 1173 689 1212 de
715 1188 761 1213 su
791 1173 834 1212 in
861 1187 959 1212 zuso
987 1180 1122 1212 morto
1158 1172 1320 1212 cadette
1350 1171 1391 1210 in
1419 1169 1458 1209 la
1487 1170 1612 1210 fossa.

144 1243 167 1267 3
213 1228 311 1282 qual
351 1234 628 1282 prestamente
659 1230 728 1281 poi
758 1230 801 1269 fo
842 1229 979 1268 levato
1009 1232 1061 1268 da
1091 1228 1104 1266 i
1143 1227 1202 1267 soi
1233 1227 1410 1266 zanizari
1439 1232 1481 1266 et
1507 1240 1613 1280 por-

143 1288 231 1323 tato
260 1284 304 1323 iu
333 1283 591 1337 Acropogli,
622 1284 774 1324 forteza
813 1284 864 1324 de
894 1285 933 1323 la
962 1283 1110 1323 vechia
1140 1290 1182 1323 et
1209 1283 1330 1322 ruina
1353 1280 1544 1333 Smirna,
1573 1281 1613 1320 la

205 1338 268 1378 ale
308 1352 381 1378 era
416 1344 534 1393 posta
577 1340 619 1377 in
662 1338 769 1379 eima
807 1339 858 1378 de
899 1340 938 1379 13
977 1346 1202 1392 montagna
1232 1345 1272 1378 et
1310 1338 1352 1377 so
1390 1351 1515 1391 presa
1559 1336 1614 1376 da

141 1351 292 1440 Rhis,
333 1400 454 1448 patre
499 1394 551 1434 de
591 1393 779 1446 Homur,
822 1394 1052 1448 imperante
1082 1393 1330 1434 Andronico
1372 1391 1613 1446 imperador

144 1447 354 1489 chiamato
383 1449 544 1489 vechio.
604 1450 762 1500 Questa
795 1450 990 1506 adunque
1016 1450 1060 1490 fo
1090 1450 1130 1490 la
1160 1451 1240 1489 fine
1267 1450 1319 1489 de
1348 1449 1525 1491 Homur.
1558 1447 1614 1487 El

142 1504 264 1559 quale
291 1511 452 1545 mentre
480 1519 523 1544 se
552 1505 782 1545 exercitava
810 1506 851 1545 in
878 1506 917 1545 le
942 1506 1105 1559 prefate
1134 1519 1255 1556 cose,
1286 1506 1426 1544 Zuane
1458 1503 1614 1543 Catha-

145 1558 294 1600 cnsino
324 1574 368 1600 se
396 1560 676 1614 accompagnb
722 1567 764 1600 et
806 1561 1026 1601 confederb
1068 1575 1111 1601 se
1141 1575 1219 1601 con
1249 1560 1419 1600 Stefano
1451 1559 1616 1614 dispote

145 1614 198 1654 dc
227 1615 374 1656 Servia
414 1629 438 1655 a
465 1615 749 1655 destructione
777 1616 827 1656 de
873 1618 912 1656 la
941 1617 1037 1656 cita.
1062 1631 1146 1671 pur
1180 1616 1350 1656 essendo
1379 1615 1454 1655 doi
1484 1613 1616 1670 primi

142 1671 320 1711 membri
352 1678 395 1711 et
427 1670 644 1726 principali
678 1671 828 1711 baroni
872 1672 923 1712 de
965 1670 1187 1726 l’imperio‚
1219 1686 1391 1726 preseno
1419 1672 1458 1711 13
1509 1670 1614 1711 armi

148 1731 296 1766 contra
323 1726 362 1766 la
402 1726 553 1780 patria,
586 1726 872 1778 discorrendo,
905 1723 1134 1782 guastando
1166 1734 1207 1767 et
1234 1727 1476 1781 populando
1504 1732 1615 1766 tutte

148 1780 188 1820 13
215 1781 348 1821 citade
378 1781 429 1821 de
446 1781 594 1821 Tracia
627 1783 706 1821 fine
736 1798 759 1821 a
778 1784 994 1835 Siliveria3
1031 1784 1117 1823 cosi
1144 1783 1404 1837 disponendo
1436 1783 1474 1822 la
1504 1783 1614 1822 mala

142 1836 310 1876 fortuna
340 1837 382 1876 di
412 1837 574 1888 Romei,
606 1837 683 1878 che
712 1838 831 1878 filava
859 1840 873 1878 i
901 1839 962 1878 soi
991 1839 1047 1877 fili
1079 1839 1143 1877 ala
1172 1853 1351 1878 reversa.
1408 1838 1611 1878 Vedendo

144 1891 336 1947 adonque
369 1892 495 1946 quelli
525 1893 631 1932 della
658 1894 736 1932 cita
756 1894 831 1934 che
864 1893 914 1933 de
930 1895 1025 1933 tutti
1054 1895 1083 1933 li
1111 1894 1208 1933 mali
1239 1893 1511 1933 Cathacusino
1542 1907 1615 1932 era

146 1960 326 1996 caxone,
360 1948 575 2001 pensando
598 1948 779 1987 anchora
813 1949 888 1988 che
917 1949 976 1988 lui
1005 1949 1173 1989 havesse
1198 1949 1300 1989 falto
1328 1948 1446 1988 venir
1473 1950 1614 1988 l'anno

144 2002 284 2042 avanti
322 2003 484 2042 Homur
511 2018 536 2043 a
569 2011 704 2043 vastat·
729 2005 769 2043 la
799 2004 975 2056 Grecia,
1028 2002 1300 2059 quantunque
1340 2004 1505 2044 Homur
1543 2017 1614 2043 era

144 2065 299 2098 venuto
341 2058 415 2111 pin
457 2073 528 2112 per
569 2058 783 2113 desyderio
831 2060 907 2099 che
935 2060 992 2099 lui
1024 2059 1152 2100 havea
1179 2060 1230 2099 de
1260 2074 1409 2113 zappai·
1436 2060 1474 2099 la
1499 2066 1613 2100 terra
1625 2061 1666 2097 31

146 2127 282 2166 grassa
313 2114 356 2153 di
387 2115 511 2154 Greci
539 2129 612 2168 per
641 2128 716 2154 suo
752 2115 948 2155 beneficio
981 2115 1054 2155 che
1082 2130 1158 2168 per
1187 2116 1299 2154 aiuto
1325 2115 1376 2154 de
1407 2115 1613 2155 Cathacu-

144 2167 248 2208 sino.
304 2170 374 2209 Ma
414 2184 439 2210 o
481 2171 532 2210 dc
562 2185 634 2209 sua
666 2171 837 2211 volunta
880 2186 904 2211 o
944 2171 1150 2211 chiamato
1198 2170 1249 2209 da
1287 2170 1400 2219 altri,
1434 2171 1474 2210 la
1502 2171 1612 2212 mala

144 2224 316 2264 fortuna
345 2226 459 2265 volse
497 2226 571 2265 che
609 2226 767 2266 venisse
808 2241 883 2280 per
914 2226 927 2264 i
956 2226 1118 2280 peccati
1161 2226 1202 2265 di
1241 2226 1402 2268 Romei,
1458 2227 1523 2267 Da
1548 2226 1610 2266 ira

147 2279 342 2335 adunque
360 2288 398 2320 et
414 2281 618 2335 desdegno
642 2283 778 2332 mossi,
805 2282 974 2322 essendo
994 2282 1080 2321 l'ira
1102 2281 1153 2320 de
1173 2281 1240 2321 dio
1265 2288 1408 2322 cazuta
1427 2296 1550 2336 sopra
1571 2283 1611 2322 13

144 2349 216 2374 sua
239 2342 344 2376 testa
362 2351 439 2390 per
465 2338 494 2376 li
523 2338 619 2377 loro
650 2352 734 2377 non
751 2340 913 2377 remessi
933 2337 1107 2391 ·peccatI‚
1135 2344 1251 2376 tanto
1276 2351 1513 2391 operarono
1533 2338 1610 2380 che

145 2389 404 2432 inclinarono
419 2391 542 2432 Anna
567 2393 843 2446 imperatrice,
862 2401 994 2434 matre
1016 2394 1066 2432 de
1085 2393 1245 2432 Zuanni
1263 2393 1504 2446 Palleologo
1528 2395 1609 2433 exi-

143 2452 274 2486 stente
317 2462 467 2488 ancora
507 2456 648 2502 putto,
699 2449 750 2488 ad
788 2449 981 2488 mandare
1027 2448 1303 2489 ambaxadore
1344 2449 1397 2488 ad
1442 2445 1607 2489 Horcan

142 2501 333 2556 principo
357 2503 400 2542 di
425 2505 594 2558 Bythin,
612 2504 653 2542 di
666 2505 832 2558 Phrigia
862 2510 903 2544 ct
934 2503 1244 2558 Pamplagonia‚
1276 2510 1429 2558 nepote
1458 2505 1509 2545 dc
1525 2506 1607 2545 Ot-

144 2562 305 2608 toman,
335 2573 453 2598 come
482 2562 517 2600 la
547 2568 685 2600 nostra
716 2560 905 2600 oratione
932 2560 1112 2599 d'avanti
1140 2574 1163 2599 a
1190 2561 1442 2600 demostrato
1458 2590 1474 2608 ,
1505 2561 1607 2600 ado-

142 2613 315 2652 mandax·
355 2615 469 2654 aiuto
514 2623 656 2655 contra
687 2615 963 2655 Cathacusino
1005 2615 1162 2655 rebello
1190 2617 1240 2656 de
1268 2614 1502 2670 l'imperio‘,
1535 2617 1608 2655 da—

145 2667 279 2707 vando
324 2669 470 2710 liberta
511 2685 532 2710 a
570 2672 595 2710 li
637 2671 899 2710 ambaxadori
946 2671 1021 2710 chc
1070 2671 1243 2724 podesse
1265 2679 1526 2725 promectere
1555 2672 1606 2711 ad

144 2696 309 2762 ‘flou-can
352 2726 486 2779 quella
519 2727 672 2780 grande
699 2727 884 2781 quantita
915 2727 965 2765 de
993 2741 1068 2767 oro
1102 2726 1177 2766 che
1227 2727 1253 2767 li
1278 2723 1426 2780 ⁴pareva
1450 2741 1605 2767 conve.-

145 2777 282 2818 niente
310 2794 387 2835 per
415 2796 490 2822 suo
520 2781 743 2836 stipendio.
801 2783 857 2822 Et
895 2782 968 2823 che
1005 2784 1017 2822 i
1045 2782 1221 2832 Turchi,
1255 2783 1365 2837 quali
1398 2797 1604 2824 venerano

0 788 9 828 ww
2 769 9 775 f,
0 343 17 750 νς-,ωτῳμηγνωσ-υκιςπνι·
11 306 14 311 .
15 209 18 211 ,

39 167 41 169 -
23 147 25 150 ’
27 92 41 130 ῗ·*
36 33 52 75 mi.

52 53 58 63 -»
54 35 62 42 ι
