1916 3210
339 185 453 258 398
635 208 639 213 ⁴
809 199 993 242 DUCAE
1025 196 1290 241 >ms‘r0R1A

338 306 605 348 conveniente
630 302 875 346 salut-atione
898 314 941 340 se
965 298 1222 355 colligat-ono
1251 306 1293 341 et
1322 299 1648 342 consederamno·
1669 295 1780 345 lusd-

337 377 404 402 me
431 376 511 402 con
541 362 708 402 vinculo
738 355 1029 399 sacramentale
1073 355 1125 396 de
1152 369 1412 397 conservat-se
1431 354 1713 398 *runo-Panto
1734 357 1779 397 iu

338 430 438 474 pace
478 425 519 458 et
555 416 734 456 amicitia
769 420 923 452 eterna.
989 416 1031 449 et
1073 410 1155 450 cos]
1181 411 1514 452 sollemnemente
1541 411 1712 451 fennatn
1739 409 1781 451 la

293 495 295 498 ⁴
340 472 522 512 amicitia
567 479 635 511 tra
675 470 790 516 loro,
822 466 864 505 lo
896 465 1156 519 imperadore
1185 466 1303 506 meno
1332 467 1637 506 Meehemeto'a
1663 466 1781 507 Gou-

339 526 600 580 stantinopoli
628 539 705 565 con
741 520 878 562 tutto'l
914 534 988 560 suo
1018 522 1220 573 exercito,
1247 521 1415 561 facendo
1444 521 1547 561 festa
1571 521 1644 561 tre
1663 519 1779 560 zor-ni

339 595 416 635 per
444 582 480 620 la
511 596 582 621 sua
609 580 772 619 intrata.
828 575 881 614 El
910 581 1056 629 quarto
1083 589 1208 615 zon-no
1240 576 1560 616 ussiMachemet
1588 574 1694 615 della
1722 575 1782 615 ei-

341 634 386 676 ta
414 650 493 676 con
525 633 664 675 tutto’l
700 647 776 673 suo
817 629 995 670 exercito
1035 636 1076 669 et
1106 643 1184 669 con
1223 631 1347 684 pochi
1375 630 1532 671 homini
1561 630 1711 670 d'arme
1739 629 1784 669 di

341 693 480 730 Greci.
526 696 679 730 venuto
709 687 748 726 al
779 685 975 726 conflicto
1003 698 1083 724 con
1112 687 1248 725 Moses
1277 687 1320 725 su
1350 693 1540 740 superato
1567 686 1610 726 in
1640 684 1680 725 la
1704 684 1783 724 ba-

342 746 487 798 taglia‚
521 751 561 785 et
587 746 726 785 vincto
758 740 916 795 scampb
945 741 998 786 inv
1016 737 1413 794 Constantinopoli-¹
1449 742 1511 781 Lo
1541 739 1784 794 imperador

344 800 476 839 molto
502 799 545 838 lu
583 798 827 839 confortava
868 809 947 834 con
976 796 1083 834 savie
1122 795 1294 848 parole,
1321 796 1576 835 excitandolo
1606 795 1681 834 che
1701 803 1785 834 'con

286 865 331 907 95
345 855 454 894 forte
498 856 630 894 anime
659 867 701 893 se
733 849 1047 906 apparechiasse
1072 863 1149 889 con
1178 848 1349 903 meglior
1380 850 1547 890 fortuna
1568 854 1617 890 'et
1643 863 1786 889 mazol-

346 910 462 949 favor
495 909 558 949 ala
590 908 763 949 secunda
797 905 990 960 bataglia.
1058 905 1175 944 Mose
1201 912 1431 945 veramente
1454 905 1536 945 uss}
1565 903 1662 944 delli
1685 917 1788 944 con-

345 965 416 1003 fini
453 964 503 1004 de
533 962 889 1016 Constantinopoli
907 990 919 1012 ‚
963 959 1167 999 menando
1191 973 1270 999 con
1298 959 1355 1000 lui
1397 966 1509 1000 tutto
1539 960 1584 999 lu
1609 958 1786 999 exercito

345 1020 397 1059 de
438 1020 477 1059 la
507 1018 738 1066 Romania·,
775 1015 1025 1056 mettendose
1062 1015 1104 1054 in
1153 1015 1298 1054 ordine
1336 1014 1414 1054 alla
1439 1013 1619 1068 bataglia
1645 1020 1787 1056 contro

346 1075 603 1114 Machemeth
632 1081 674 1114 et
701 1079 849 1112 contra
877 1072 916 1110 la
944 1070 1042 1113 cita.
1113 1070 1168 1109 Et
1197 1068 1450 1110 Mechemeth
1479 1068 1654 1109 ussendo
1681 1069 1789 1120 sora,

344 1137 389 1169 et
417 1129 604 1169 venendo
652 1129 729 1168 alle
757 1141 876 1166 mane
915 1125 955 1165 la
980 1124 1158 1165 secunda
1184 1126 1300 1165 volta
1337 1139 1416 1165 con
1448 1125 1606 1175 Moses,
1635 1137 1790 1164 ancora

347 1185 390 1224 fo
419 1191 562 1235 rotto,
596 1190 638 1223 et
667 1181 840 1223 fuzendo
868 1180 1030 1234 scampb
1056 1181 1096 1219 in
1129 1180 1169 1219 la
1199 1180 1307 1226 cita,
1337 1186 1379 1220 et
1406 1179 1458 1219 da
1483 1178 1524 1219 lo
1549 1177 1786 1232 impet-ado-

347 1254 394 1279 re
419 1239 730 1293 benign-amente
746 1238 788 1276 fo
805 1243 1016 1278 rezevuto.
1045 1234 1196 1274 Alhora
1214 1234 1473 1275 Machemeth
1501 1233 1791 1288 grandemente

347 1296 586 1348 perturbato
623 1298 662 1332 et
707 1294 878 1342 afflicto,
920 1289 1148 1330 vedendose
1186 1289 1226 1328 la
1251 1290 1417 1329 fortuna
1442 1296 1558 1329 tanto
1588 1288 1788 1335 molesta,

347 1345 450 1389 disse
479 1364 501 1388 a
529 1348 571 1387 lo
601 1347 863 1400 imperador:
892 1352 931 1384 et
957 1352 1029 1395 tu,
1055 1351 1173 1398 patre
1202 1351 1354 1393 sancto,
1382 1343 1561 1383 tenando
1592 1343 1632 1382 la
1659 1341 1790 1382 bilan-

349 1419 394 1443 za
420 1411 461 1443 et
498 1403 684 1443 mirando
730 1402 1063 1441 timorosamente
1091 1399 1129 1438 la
1154 1398 1360 1452 lenguetta
1391 1398 1468 1439 che
1494 1412 1580 1438 non
1609 1411 1724 1451 passe
1749 1403 1792 1437 et

352 1458 391 1497 la
418 1458 595 1498 seudella
625 1457 699 1496 che
723 1470 809 1495 non
838 1455 1079 1504 traboccha,
1109 1466 1190 1492 non
1217 1456 1274 1493 mi
1302 1454 1402 1493 lasse
1430 1453 1726 1506 experimentar
1750 1452 1792 1491 la

353 1514 550 1562 fortuna,
587 1512 692 1552 ch’io
731 1510 890 1564 prenda
938 1510 973 1548 el
996 1508 1080 1548 mio
1124 1507 1282 1547 nemico
1324 1522 1350 1548 o
1387 1514 1622 1547 veramente
1664 1506 1705 1547 io
1732 1506 1792 1546 sia

350 1582 474 1621 preso
519 1568 570 1606 da
609 1567 683 1606 lui.
741 1567 812 1605 Ma
837 1566 878 1603 in
915 1564 1047 1603 verita
1072 1570 1112 1602 te
1147 1562 1240 1602 dico
1276 1563 1351 1601 che
1378 1578 1401 1601 a
1429 1562 1700 1602 ciascheduno
1725 1562 1792 1601 col

349 1624 447 1662 deto
496 1623 546 1661 de
573 1622 644 1661 dio
691 1622 713 1659 ὲ
741 1620 893 1672 scripto
927 1619 966 1657 in
996 1618 1036 1657 la
1072 1618 1206 1657 fronte
1233 1617 1369 1671 quello
1398 1616 1430 1656 li
1455 1617 1522 1657 die
1547 1616 1794 1656 inti-avenne

351 1677 721 1724 inmutabssmente,
757 1689 873 1714 senza
900 1673 1020 1713 alcun
1047 1672 1242 1716 remedio.
1299 1673 1573 1712 Comandame
1601 1672 1794 1726 adunque

353 1733 428 1772 che
457 1733 498 1771 io
544 1746 624 1772 con
648 1731 677 1770 li
721 1730 815 1768 miei
855 1742 1043 1768 comenze
1077 1742 1100 1766 a
1126 1729 1305 1767 caminar
1344 1741 1424 1781 per
1450 1727 1489 1766 la
1513 1728 1595 1766 mia
1625 1725 1692 1766 via
1711 1755 1724 1777 ,
1754 1727 1793 1766 la

346 1787 454 1841 ‘qual
494 1801 559 1826 me
596 1791 718 1840 porte
758 1798 878 1824 verso
907 1783 1194 1836 Andrinopoli.
1263 1782 1320 1821 Et
1358 1783 1582 1822 solamente
1620 1795 1690 1821 ora
1716 1795 1795 1835 per

354 1857 434 1892 me,
463 1855 579 1881 come
604 1848 723 1894 patre
754 1853 829 1892 per
855 1839 892 1878 el
918 1838 1049 1892 figho,
1079 1852 1194 1877 come
1222 1850 1338 1879 sono.
1393 1837 1450 1877 Et
1476 1836 1581 1876 delle
1610 1849 1701 1876 cose
1729 1831 1795 1876 fu-

355 1904 446 1937 ture
486 1897 557 1936 dio
587 1895 710 1935 habia
750 1895 789 1933 la
831 1907 942 1932 cura·
1011 1892 1163 1932 Alhora
1204 1890 1519 1945 l’irnperadore,
1557 1890 1729 1931 aldendo
1756 1890 1796 1930 le

356 1951 502 2004 parole
548 1951 623 1991 che
663 1962 892 1989 nascevano
941 1947 1226 1988 dal’inflamato
1262 1961 1383 1995 core,
1429 1946 1727 1986 abbraeciando
1754 1953 1796 1985 et

355 2007 552 2047 basiando
593 2005 729 2060 quello
752 2034 763 2052 ‚
808 2002 1010 2042 comandb
1053 2016 1095 2041 se
1125 2002 1429 2056 appareehiasse
1480 2015 1562 2040 una
1605 2000 1797 2041 sollemne

356 2075 481 2113 cena,
535 2063 703 2114 copiosa
730 2059 782 2098 de
809 2059 934 2097 molte
974 2056 1146 2096 delicate
1176 2071 1287 2105 cose;
1313 2064 1356 2097 et
1377 2056 1597 2096 jubilando
1625 2062 1666 2096 et
1695 2069 1796 2095 con..

355 2117 569 2169 gaudendo
607 2128 831 2170 passarono
859 2114 966 2152 bona
992 2119 1107 2165 parte
1131 2112 1180 2151 de
1210 2113 1248 2151 la
1276 2119 1412 2155 nocte.
1440 2111 1535 2151 dato
1565 2112 1635 2164 poi
1663 2110 1797 2164 riposo

352 2172 412 2210 -ειΙί
442 2171 533 2211 ochi
557 2201 568 2219 ‚
609 2178 650 2211 et
688 2176 843 2210 venuto
871 2169 908 2207 el
936 2181 1091 2215 zorno,
1134 2167 1385 2206 Mechemeth
1424 2166 1504 2206 uss¹1
1534 2165 1622 2205 dela
1650 2165 1796 2208 citade.

359 2228 415 2266 Et
444 2225 632 2266 havendo
661 2224 814 2279 partito
851 2225 888 2262 el
913 2237 986 2262 suo
1015 2223 1186 2262 exercito
1215 2222 1254 2260 in
1287 2222 1356 2261 doi
1384 2228 1500 2275 parte
1518 2250 1531 2270 ,
1573 2234 1654 2259 una
1681 2225 1798 2274 parte

361 2282 510 2320 mando
536 2295 655 2320 verso
699 2279 735 2319 el
763 2285 895 2332 ponto
921 2277 1075 2317 Eusino
1094 2306 1106 2329 ‚
1149 2276 1282 2316 l’altra
1310 2291 1387 2330 per
1415 2275 1455 2314 la
1475 2275 1542 2315 via
1569 2274 1620 2314 de
1648 2274 1796 2314 Andri·

363 2335 523 2389 nopoli.
597 2337 728 2375 Moses
772 2333 959 2373 havendo
1005 2333 1131 2372 inteso
1158 2345 1272 2371 come
1294 2346 1362 2370 era
1391 2330 1519 2370 diviso
1546 2328 1588 2368 lu
1619 2329 1798 2368 exercito

303 2387 500 2439 96in'doi
531 2397 676 2443 parte,
716 2389 848 2429 caceio
891 2387 1026 2441 quella
1074 2387 1148 2426 che
1185 2400 1255 2426 era
1284 2386 1431 2425 andata
1470 2399 1586 2425 verso
1613 2384 1652 2423 la
1680 2391 1798 2438 parte

362 2446 427 2484 del
455 2452 587 2498 ponto
606 2444 773 2485 Eusino.
828 2443 884 2482 Et
912 2442 1195 2481 scontrandosi
1219 2441 1246 2481 li
1275 2441 1344 2480 doi
1366 2440 1545 2490 exerciti,
1574 2438 1714 2492 quello
1746 2439 1798 2478 de

361 2497 621 2540 Mechemeth
660 2500 704 2538 fu
734 2498 960 2552 superiore.
1017 2496 1151 2547 Quelli
1181 2496 1231 2535 de
1263 2498 1394 2535 Moses
1420 2493 1651 2535 vedendose
1678 2507 1797 2546 supe-

362 2555 466 2604 rati,
491 2561 610 2607 parte
635 2555 686 2593 de
714 2554 805 2593 loro
837 2552 1136 2592 tranfuzzirono
1165 2551 1243 2590 alla
1267 2558 1387 2603 parte
1414 2550 1466 2588 de
1492 2548 1796 2597 Menchemeth3

361 2609 399 2648 cl
442 2609 561 2663 quale
597 2608 818 2649 volentiera
861 2608 889 2646 li
941 2608 1149 2647 rizevette.
1214 2607 1344 2645 Moses
1383 2603 1570 2643 havendo
1612 2603 1717 2642 visto
1758 2602 1797 2641 la

365 2666 529 2704 fortuna
576 2671 716 2702 contra
754 2663 804 2702 de
836 2663 890 2701 lui
918 2668 1034 2700 tanto
1060 2663 1419 2714 impetuosamente
1445 2658 1585 2698 esscrsi
1616 2655 1795 2705 rivolta,

366 2719 546 2758 cominzb
578 2733 600 2756 a
627 2732 859 2771 scampare,
891 2724 930 2755 et
958 2716 1295 2755 incidentemente
1324 2720 1475 2753 cazette
1502 2713 1542 2751 in
1573 2727 1655 2751 una
1679 2712 1797 2766 palu-

367 2775 432 2813 de.
489 2774 546 2813 Et
582 2772 750 2812 essendo
787 2773 964 2811 cacciato
998 2771 1049 2810 da
1084 2785 1165 2811 uno
1197 2770 1237 2809 di
1263 2768 1414 2822 satrapi
1442 2767 1492 2807 de
1519 2765 1791 2813 Mechemeth,
