1884 3216
338 227 356 264 1
369 207 439 265 30
670 212 853 268 DUCAE
889 219 1172 264 menaeus
1203 219 1424 263 NEPo‘ms

327 332 524 383 μηγορεῖν
551 329 597 369 ἐκ
629 326 748 375 ποίας
775 326 834 374 εἰς
861 323 984 365 ποίαν
1014 336 1142 376 τυχην
1169 319 1400 377 ὖψώθημεν
1419 320 1764 372 συνευδοκοὸηος

328 393 433 436 θεοῦ
461 392 531 434 διὰ
565 389 860 446 παρακλήσεως
897 390 972 430 τοῦ
1001 386 1240 443 “προφη’του.
1307 385 1447 428 οἴδατε
1473 384 1555 442 γὰρ
1583 382 1765 441 ακριβοῖς

327 474 367 501 οι
394 460 472 512 μὲν
491 454 660 535 ⁶51&me
682 455 721 497 οῖ
749 456 795 495 δὲ
821 451 935 508 παρὰ
976 453 1059 495 τῶν
1086 452 1236 505 γονέων
1265 453 1582 506 ἐνωτισθέντες,
1603 450 1661 502 ὥς
1689 447 1767 494 οὐκ

326 522 441 566 ἔστιν
469 539 582 565 ουπω
622 518 841 572 ὲξακοστὸν
887 515 915 572 ἢ
941 519 1062 559 πλέον
1089 532 1131 558 τι
1160 517 1235 573 αφ’
1269 510 1319 558 οὗ
1347 515 1421 560 τὸν
1452 515 1647 572 πορθμὸν
1674 518 1767 560 δια-

284 591 476 643 Ββάντες
503 587 540 630 οἱ
569 589 642 630 τοῦ
665 583 830 638 Ὀθμάν
858 582 947 632 ἔτος
975 580 1052 638 τήν
1079 581 1246 639 Θράκην
1270 584 1410 626 πᾶσαν
1437 579 1670 639 ἐκράτησαν
1697 579 1805 626 καὶὸ

325 653 402 710 τήν
439 654 655 708 βασιλείαν
676 651 896 702 Ῥωμαίων
932 647 1001 690 καὶ
1038 650 1206 703 Σέρβιον
1246 647 1426 704 ὖποτελῆ
1460 646 1531 691 καί
1555 647 1768 704 ὕπὸφορον

328 718 501 772 ἔδειξαν,
523 715 630 759 ἀλλὰ
656 714 729 757 καί
740 714 939 767 Βλάχους
962 713 1067 768 ὑπὲρ
1096 711 1168 755 τὸν
1180 711 1392 768 Δάνουβιν
1407 713 1480 756 καί
1495 710 1679 762 Οἱῖννους
1697 712 1770 755 καί

326 782 615 840 μυριάριθμον
642 782 756 835 γένος
780 777 1010 833 Ἀλβανοὺς
1037 778 1110 820 καί
1134 777 1401 834 Βουλγάρους
1429 783 1590 830 πάντας
1614 777 1770 834 σχεδὸν

326 851 459 891 εἰπεῖν
503 848 698 890 τοσοῦτον
737 847 798 894 εἰς
824 847 941 894 τέλος
970 844 1346 898 αἰχμαλωτίζοντες
1373 846 1680 897 ἐταπείνωσαν,
1712 841 1771 894 ὥς

325 916 400 956 καί
425 911 478 956 τοὶ
521 912 704 967 δημόσια
732 911 873 952 αὐτῶν
898 911 992 965 τέλη
1023 907 1081 964 μή
1125 908 1336 964 ἐξισχύειν
1362 911 1457 960 τούς
1487 909 1647 966 φόρους
1672 908 1772 959 τούς
1790 928 1836 955 ιο

327 977 520 1034 ἐτησίους
557 975 655 1026 τοὺς
693 977 936 1027 διδομένους
975 975 1077 1029 ἡμῖν
1113 976 1328 1030 ἐξαρκεῖν,
1358 973 1463 1018 α’λλοὶ
1491 978 1564 1018 καί
1587 973 1665 1026 τὰς
1690 978 1772 1018 θν-

326 1045 502 1099 γατέρας
530 1044 602 1084 καί
630 1040 728 1090 τούς
756 1039 876 1090 υὶοὺς
903 1042 1042 1083 αὐτῶν
1077 1041 1386 1091 ἐξαποστέλλειν
1414 1041 1519 1096 πρὸς
1543 1039 1643 1091 τοΰς
1670 1041 1773 1096 ἥμε-

221 1116 256 1149 Ρ.
272 1115 315 1161 73
328 1111 474 1165 τέρους
517 1106 726 1164 ἀρχηγοὺς
764 1108 1080 1162 δουλοπρεπῶς,
1125 1105 1239 1148 ἔλεον
1267 1107 1484 1161 ζητοῦντες
1510 1106 1584 1150 καὶ
1611 1103 1769 1158 οἶκτος-ἵ,

329 1170 552 1228 οἷνακωχῆν
593 1174 740 1215 δεινῶν
775 1171 848 1214 καί
883 1169 1051 1227 εἰρήνην
1089 1174 1194 1227 noeq'-
1229 1169 1362 1227 ἡμῶν.
1420 1171 1529 1215 ἀλλὰ
1576 1175 1651 1216 καί
1673 1171 1774 1216 Ιὅσον

217 1246 258 1281 V.
273 1247 317 1282 58
329 1240 522 1294 ἐγκρατὲς
565 1237 638 1280 καί
683 1240 781 1294 περὶ
815 1236 891 1293 τήν
920 1235 1143 1292 ἡγεμονίαν
1186 1239 1344 1294 ταύτην
1364 1237 1775 1294 οἴξιωματικιιὶτερον,4
1791 1241 1839 1284 15

330 1307 474 1360 σοφῶς
501 1305 575 1346 καί
610 1302 893 1357 ἐπιστημόνως
932 1304 1204 1354 συλλέξαντες
1246 1304 1292 1345 ἐκ
1319 1307 1464 1346 πασῶν
1491 1306 1576 1347 τῶν
1599 1307 1772 1359 γενεῶνς

330 1372 404 1412 καὶ
429 1372 563 1412 ταῦτα
600 1366 647 1410 τὸ
684 1370 808 1410 πλέον
848 1371 1074 1422 κακοτυχὲς
1111 1369 1184 1411 καί
1223 1368 1443 1423 α’γροτικὸν
1473 1371 1546 1412 καί
1570 1368 1674 1412 θεὸν
1699 1373 1773 1412 ἕνα

330 1434 391 1491 μή
421 1437 613 1488 σέβοντες
640 1433 713 1475 τὸν
741 1433 788 1476 ὃν
815 1433 836 1476 ὅ
862 1432 1074 1490 προφήτης
1101 1433 1298 1489 ἐκήρυξεν
1314 1466 1327 1488 ,
1370 1436 1443 1477 καί
1467 1437 1678 1488 θεοσεβεῖς
1702 1437 1778 1477 και

333 1501 528 1554 ευτυχεῖς
556 1498 858 1554 ἆξιωιιατικούς
886 1514 931 1541 τε
963 1516 1032 1541 και
1061 1498 1279 1556 λαμπροὺς
1305 1499 1507 1555 ἢγεμόνας
1535 1500 1769 1551 απέδειξαν·

332 1567 377 1616 ἔξ
405 1582 464 1608 ων
501 1564 612 1620 κάγώ
659 1565 732 1607 καί
767 1554 813 1607 τὸ
852 1569 1043 1606 πλεῖστον
1070 1567 1196 1619 μέρος
1238 1582 1322 1607 των
1349 1561 1584 1607 ἀκουόντων
1612 1583 1640 1607 α
1668 1569 1774 1620 λέγω
1787 1574 1842 1602 20

332 1630 603 1686 τυγχάνομεν.
659 1633 730 1672 δεῖ
752 1633 892 1672 τοίνυν
921 1628 980 1684 μὴ
1012 1629 1217 1685 ραθυμεῖν
1243 1631 1350 1685 μηδὲ
1377 1628 1534 1680 ὄκνεῖν,
1565 1625 1674 1673 ἀλλὰ
1701 1629 1775 1684 νή-

334 1712 430 1752 φειν
457 1696 531 1738 καί
571 1697 833 1751 ἑγρηγορεΐν,
885 1697 958 1738 καί
999 1695 1056 1744 ὥς
1081 1692 1174 1744 υἱὸς
1208 1697 1374 1750 γνήσιος
1412 1696 1488 1738 τοῦ
1511 1694 1672 1750 Ὀθμιέν
1699 1691 1774 1752 ἀφ’

429 1809 482 1844 13.
509 1806 628 1855 ἔλεον]
653 1810 750 1851 πῶς;
774 1807 882 1843 ἔλεον
906 1807 940 1841 P.

335 1897 583 1931 intercedente
598 1923 607 1938 ‚
648 1898 760 1931 evecti
788 1898 908 1930 simus.
932 1897 1096 1942 plerique
1121 1897 1227 1931 rebus
1253 1897 1338 1942 ipsis
1363 1897 1598 1939 interfuistis,
1623 1898 1733 1932 ceteri
1757 1910 1777 1932 a

335 1945 548 1989 parentibus
582 1944 710 1977 vestris
747 1944 936 1978 audivistis
969 1944 1130 1977 nondum
1166 1945 1362 1988 sexaginta
1371 1955 1482 1978 annos
1510 1946 1650 1990 elapsos
1679 1956 1778 1985 esse,

337 2003 382 2024 ex
406 2002 477 2036 quo
502 1991 546 2023 ab
572 1991 752 2024 Othmano
778 2002 887 2036 genus
916 1991 1087 2024 ducentes
1111 1991 1290 2036 principes
1314 1992 1464 2024 traiecto
1485 1991 1578 2025 freto
1589 1991 1778 2025 Thraciam

337 2038 539 2071 universam
575 2037 681 2071 armis
720 2037 792 2071 suis
818 2037 1055 2082 subegerunt,
1088 2039 1394 2083 Romaeorumque
1420 2038 1613 2083 imperium
1633 2048 1674 2072 ac
1696 2038 1779 2071 Ser-

338 2085 415 2117 vios
439 2084 576 2116 tributa
600 2084 669 2117 sibi
694 2085 852 2128 pendere
882 2090 1093 2128 coegerunt,
1118 2084 1257 2131 hosque
1282 2096 1354 2117 non
1380 2085 1493 2125 solos,
1522 2095 1643 2118 verum
1671 2085 1778 2118 etiam

340 2130 516 2163 Valachos
542 2131 635 2163 ultra
672 2131 900 2171 Danubium,
938 2131 1407 2186 H1112n0s‚p01)1ilosasque
1432 2132 1596 2164 nationes
1620 2131 1778 2164 Albanos

341 2183 379 2209 et
405 2178 585 2220 Bulgaros.
625 2189 769 2219 omnes,
801 2184 843 2211 ut
873 2177 982 2211 verbo
1021 2177 1160 2218 dicam,
1185 2179 1224 2211 in
1249 2178 1455 2211 servitutem
1481 2177 1643 2211 redactos
1666 2178 1779 2211 tantis

341 2223 486 2256 tributis
511 2204 776 2267 oppresserunt',
800 2230 841 2258 ut
865 2225 1023 2270 ipsorum
1043 2224 1188 2268 publica
1206 2224 1392 2268 vectigalia
1415 2235 1488 2256 non
1509 2224 1684 2258 sufficiant
1706 2224 1779 2257 sol-

339 2269 488 2310 vendis,
515 2281 607 2313 quae
638 2271 743 2303 nobis
769 2271 961 2316 quotannis
991 2270 1147 2312 debent,
1182 2271 1246 2304 sed
1275 2271 1366 2303 filias
1392 2281 1537 2315 quoque
1571 2281 1652 2303 suas
1687 2281 1779 2316 pue-

342 2326 471 2360 rosque
499 2316 773 2362 imperatoribus
789 2318 965 2351 serviliter
977 2317 1132 2350 mittant.
1159 2323 1195 2351 at
1220 2328 1291 2362 qua
1316 2316 1360 2349 de
1386 2317 1514 2350 causa?
1552 2317 1777 2350 clementiam

342 2373 382 2394 ac
408 2363 754 2396 commiserationem
789 2376 869 2408 erga
903 2376 940 2397 se
965 2363 1175 2405 excitaturi,
1211 2374 1529 2408 aerumnarumque
1552 2363 1712 2397 indutias
1738 2375 1778 2396 ac

341 2419 465 2454 pacem
496 2420 515 2441 a
539 2409 644 2442 nobis
668 2416 843 2454 petentes.
872 2411 940 2443 hoc
966 2412 1111 2455 insuper
1133 2411 1333 2454 potentiam
1358 2409 1463 2442 huius
1488 2410 1630 2455 imperii
1660 2410 1778 2454 digni-

342 2461 525 2499 tatemque
551 2462 675 2499 auget,
712 2458 881 2490 collectos
906 2458 1086 2502 sapienter
1121 2467 1162 2489 ac
1185 2456 1380 2501 prudenter
1405 2467 1448 2488 ex
1472 2457 1637 2490 omnihus
1662 2457 1778 2501 genti-

344 2500 411 2534 bus
436 2501 616 2541 homines,
658 2514 717 2535 eos
703 2514 791 2547 ⁴aque
817 2510 859 2537 ut
889 2505 1082 2548 plurimum
1109 2504 1214 2537 sortis
1239 2503 1383 2535 infimae
1408 2509 1445 2536 et
1471 2509 1645 2548 agrestes,
1671 2503 1777 2536 deum

343 2548 508 2589 unicum,
535 2559 640 2592 quem
666 2549 842 2593 Propheta
869 2550 1107 2595 praedicavit,
1143 2558 1216 2583 non
1240 2550 1419 2590 colentes,
1448 2549 1495 2583 ad
1520 2561 1638 2583 veram
1661 2550 1778 2594 pieta·-

343 2600 417 2627 tem
442 2594 677 2635 conduxisse,
717 2596 936 2638 fortunatos,
971 2596 1204 2641 dignitatibus
1239 2601 1276 2629 et
1296 2595 1493 2630 honoribus
1519 2602 1680 2637 ornatos,
1703 2596 1778 2628 cla-

345 2651 475 2694 rosque
513 2640 620 2673 duces
655 2642 822 2675 effecisse.
856 2654 899 2676 ex
932 2654 1084 2688 quorum
1118 2653 1265 2676 numero
1299 2648 1336 2676 et
1359 2653 1423 2686 ego
1458 2648 1495 2676 et
1515 2648 1671 2677 vestrum
1695 2643 1777 2687 pars

343 2688 519 2728 maxima,
554 2698 645 2732 quae
673 2699 730 2721 me
768 2689 976 2733 loquentem
1012 2689 1136 2730 audit,
1174 2701 1304 2723 sumus.
1329 2689 1447 2722 animo
1471 2690 1594 2735 itaque
1623 2689 1778 2733 despon-

345 2733 430 2767 dere
459 2733 556 2766 haud
577 2734 760 2775 convenit,
786 2747 903 2780 neque
938 2736 1121 2769 socordiae
1145 2735 1286 2769 deditos
1313 2746 1412 2778 esse,
1436 2735 1499 2769 sed
1526 2736 1664 2771 sobrios
1688 2735 1778 2778 vigi-

344 2780 430 2814 lare.
456 2786 493 2815 et
516 2781 666 2825 singuli,
704 2787 875 2827 tanquam
911 2783 977 2816 filii
1003 2782 1149 2827 genuini
1182 2782 1392 2824 othmanis‚
1422 2794 1579 2828 pugnare
1604 2782 1774 2816 debemus
