1884 3216
309 161 420 216 206
684 178 868 221 DUCAE
902 177 1189 221 MlanEms
1221 181 1446 224 NEPoT1s

307 281 459 323 δοῦναι
486 275 634 335 ὅρκους·
662 281 721 335 τῷ
746 280 787 321 Γ
785 279 942 335 εωργίῳ
984 277 1056 320 καί
1080 282 1222 333 λαβεῖν
1253 285 1354 336 παρ’
1382 281 1520 324 αὐτοῦ
1546 279 1754 339 &erpeinu-

308 363 372 391 αν.
429 346 618 399 ἐντυχών
659 340 737 386 οὖν
772 343 794 385 ὃ
823 344 1046 396 Σαριτζιὶις
1071 346 1126 402 τῷ
1156 345 1332 403 δεσπότῃ
1368 349 1408 388 Γ
1406 346 1570 405 εωργίῳ·
1591 347 1756 390 παῖζ’-τε-

308 411 484 460 λειώσας
512 410 589 466 τὴν
614 413 697 452 τῶν
717 407 947 464 μνήστρων
974 410 1122 470 πρᾶξιν
1142 411 1382 466 ἐπανῆλθεν.
1437 411 1618 467 αἰτήσαςΙ
1637 410 1758 455 λύσιν

306 479 382 521 τοῦ
411 477 685 530 οἰκοδομῆσαι
715 475 925 526 πολίχνιον
953 475 996 516 ἐν
1023 478 1074 531 τῇ
1103 471 1207 533 ἀκτῇ
1231 477 1305 518 τοῦ
1319 473 1598 532 Δανούβεως,
1613 476 1757 520 ⁴658oe-

291 558 379 585 «κεν
412 539 548 594 αὕτὴν
578 539 602 581 ὅ
634 537 847 594 Μουροίτ,
892 538 966 581 καί
992 540 1184 596 α’πελύθη
1212 538 1385 597 ὁρισμὸς
1412 542 1472 591 εἷς
1500 530 1669 595 adv-dv}
1686 539 1760 584 καὶ
1770 544 1794 584 5

271 605 464 664 Βῆρξατο
493 606 646 657 κτίζειν
674 604 695 647 ὃ
726 602 929 660 δεσπότης
955 604 1000 650 τό
1035 607 1287 661 Σμὲὃροβον.
1345 608 1368 649 ὃ
1401 609 1448 650 δὲ
1478 609 1652 666 Μωρὰτ
1677 602 1759 664 ἤδη

103 677 464 730 Α.Ο.ι4363·ε’ρους
499 669 614 725 ιὸρας
652 669 774 724 ε’γγὺς
808 666 936 725 οὔσης
971 669 1187 726 στρατεύει
1230 674 1289 721 εἰς
1319 669 1555 729 Ούγγρίαν,
1585 675 1660 716 καί
1682 688 1758 715 πε-

128 733 300 777 Ηθέ·840
313 741 446 795 ράσας
487 737 560 780 τὸν
600 734 814 790 Δάνουβιν
862 735 935 778 διὰ
976 739 1053 792 τῆς
1095 737 1363 787 Νικοπόλεως
1400 741 1582 796 συναντᾷ
1613 741 1760 782 τοῦτον

312 803 573 862 Δραγούλιος
587 834 600 857 ,
619 801 693 844 καί
715 799 820 855 μετὰ
840 805 1114 858 περιχαρείας
1139 801 1432 857 ἀσπασάμενος
1453 803 1534 847 σύν
1551 806 1610 863 τῷ
1630 820 1761 862 στρα-

311 874 368 929 τῷ
403 869 536 911 αὐτοῦ
570 865 787 911 συνοδεύει
825 872 882 924 τῷ
923 867 1118 923 Μωράτ,
1163 868 1236 910 καὶ
1261 867 1443 922 ἐκβάσας
1486 867 1616 912 αὐτὸν
1645 869 1762 919 ἐντός
1779 887 1826 913 ιο

312 933 522 990 τεττάρων
549 934 719 989 ἡμερῶν
748 935 949 987 πορείαν,
980 927 1103 988 εὗρον
1130 932 1283 989 ἔρημον
1307 932 1378 975 τὸν
1405 932 1546 976 τόπον·
1598 934 1762 988 μαθόν-

311 1017 378 1050 τες
413 1000 490 1055 γὰρ
532 999 570 1042 οἱ
615 994 799 1054 Οὖγγροι
826 997 903 1053 τήν
949 998 1166 1041 ἑπέλευσιν
1196 1001 1273 1041 τοῦ
1300 998 1468 1054 Μωρὰτ
1494 999 1763 1055 ἕμετυίκησαν

312 1065 388 1116 τοῖς
411 1066 554 1119 κώμας
581 1068 653 1107 καί
678 1063 728 1105 τοὶ
761 1063 892 1119 μικρὰ
919 1062 1129 1118 πολίχνια.
1155 1066 1229 1107 καί
1259 1063 1548 1120 κατεπάτησαν
1572 1063 1612 1107 οἷ
1630 1065 1764 1120 Τοῧρ-

313 1148 378 1175 κοι
405 1133 482 1188 γῆν
520 1128 678 1185 πολλὴν
717 1127 899 1185 ἔρημον,
943 1129 1002 1185 μὴ
1041 1128 1313 1186 κερδήσαντές
1353 1147 1393 1173 τι
1439 1129 1544 1186 πλὴν
1573 1128 1763 1180 ὲνὸς’κοέ-

273 1215 443 1254 οστρου
492 1194 806 1250 σμικροτάτου,
836 1195 910 1237 καί
933 1196 1038 1238 αὐτὸ
1073 1199 1173 1252 παρ’
1203 1198 1376 1238 ἐλπίδα·
1434 1196 1474 1238 οἱ
1500 1194 1583 1253 γὰρ
1615 1191 1765 1252 ἄνδρες
1783 1197 1830 1237 15

314 1260 548 1315 ἐξελθόντες
585 1263 661 1303 τοῦ
701 1260 842 1316 εὑρεῖν
893 1259 945 1302 τὰ
975 1263 1058 1303 τῶν
1099 1263 1334 1315 ἀναγκαίων
1362 1258 1548 1317 χρειώδη
1573 1260 1647 1304 κατ’
1672 1260 1765 1316 μεί-

312 1345 457 1378 ναντες
484 1325 562 1380 ἔξω
591 1330 667 1382 τῆς
690 1326 871 1379 πόλεως,
922 1325 961 1369 οἱ
994 1328 1172 1381 Τοῦρκοι
1201 1329 1316 1382 πρωῒ
1335 1328 1671 1383 παρατρέχοντες
1695 1321 1766 1370 εἷ-

314 1411 387 1451 ρον
414 1393 488 1445 τοὶς
516 1393 650 1442 πύλας
678 1392 964 1449 ἀνεῳγμένας,
996 1392 1069 1433 καί
1093 1395 1289 1447 εἰσῆλθον
1315 1392 1428 1443 τινὸς
1454 1393 1512 1449 μή
1543 1389 1663 1443 ὄντος
1687 1395 1768 1436 τοῦ

313 1458 761 1516 α’ντιπαρατάττοντος·
838 1457 1035 1512 λαβόντες
1065 1460 1112 1500 δὲ
1139 1458 1213 1513 τήν
1242 1460 1358 1500 λείαν
1382 1458 1568 1515 ἐξῄεσαν.
1623 1457 1768 1502 ἐλθόν-

312 1541 383 1575 τες
414 1527 462 1567 δὲ
490 1521 594 1579 ἄχρι
622 1526 827 1578 Ζιπηνίου
859 1521 986 1581 (αὕτη
1014 1525 1062 1566 δέ
1078 1525 1167 1566 ἐστι
1194 1523 1272 1577 μία
1303 1526 1388 1566 τῶν
1418 1526 1662 1580 περιφανῶν
1691 1523 1768 1567 πό·
1779 1540 1834 1567 20

199 1603 242 1638 v.
256 1594 419 1650 92281021
449 1589 675 1645 Ου’γγρίας)
719 1589 795 1630 οὐκ
841 1587 1073 1644 ἐτόλμησαν
1101 1588 1399 1644 προσεγγίσαι·
1459 1589 1498 1630 οἱ
1528 1594 1696 1633 πολῖται
1722 1592 1771 1640 δὲ

314 1654 532 1712 ἀγριωπὸν
571 1654 678 1711 πρὸς
717 1653 817 1704 τούς
857 1653 1070 1709 Τούρκους
1104 1656 1339 1708 βλέψαντες
1377 1656 1450 1696 καὶ
1484 1654 1591 1697 κατὰ
1631 1654 1770 1709 στόμα

315 1721 718 1776 α’ντιμαχησοὶμενοι,
748 1720 805 1775 μὴ
829 1725 1064 1769 κλείσαντες
1089 1718 1164 1779 τοὶς
1182 1719 1320 1769 πύλας
1351 1716 1479 1776 (ἦσαν
1518 1720 1599 1776 γάρ
1641 1721 1770 1779 οἷνεῳ-

315 1789 500 1844 γμέναι),
530 1788 603 1828 καί
627 1786 807 1834 πολλούς
836 1788 920 1828 ταῖν
954 1786 1151 1841 Τούρκων
1177 1784 1466 1841 φονεύσαντες,
1498 1783 1771 1844 ὄπισθιόρμη-

318 1960 502 2006 profectus
527 1960 652 2004 itaque
676 1957 829 1990 Saricias
860 1957 905 1990 ad
934 1956 1120 2002 despotam
1134 1958 1327 2002 Georgium
1353 1964 1435 2004 post
1458 1959 1639 1993 celebrata
1661 1970 1771 2005 spon-

319 2007 410 2040 salia
438 2006 555 2039 rediit.
587 2005 771 2038 licentiam
815 2003 1030 2037 aedificandi
1063 2011 1217 2038 castrum
1256 2005 1302 2038 ad
1327 2005 1488 2039 Danubii
1527 2006 1640 2051 ripam
1663 2007 1772 2052 petiit

323 2053 498 2099 despota,
536 2063 607 2098 qua
643 2051 792 2083 Moratis
820 2050 964 2083 decreto
998 2062 1165 2084 concessa
1195 2051 1428 2085 Smedrovum
1453 2059 1661 2086 construere
1689 2064 1771 2086 coe-

321 2101 387 2146 pit.
422 2101 612 2144 ingruente
655 2097 788 2130 deinde
826 2103 962 2130 aestate
987 2098 1024 2130 in
1049 2099 1267 2142 Hungariam
1289 2099 1445 2132 Morates
1483 2100 1617 2140 movit,
1647 2100 1772 2132 Danu-

324 2147 461 2190 bioque
490 2146 537 2179 ad
559 2145 764 2189 Nicopolim
784 2145 936 2177 traiecto
964 2146 1119 2178 occurrit
1138 2146 1171 2178 ei
1190 2146 1392 2187 Draculius‚
1420 2147 1484 2190 qui
1506 2146 1647 2178 laetitia
1670 2146 1773 2178 exul-

326 2199 406 2226 tans
441 2204 521 2225 eum
560 2193 710 2231 salutat,
748 2196 784 2224 et
816 2191 1016 2223 coniunctis
1058 2203 1145 2236 quas
1172 2191 1327 2224 ducebat
1362 2193 1493 2236 copiis,
1529 2192 1660 2225 Morati
1691 2192 1773 2224 viae

327 2239 495 2273 comitem
521 2250 558 2272 se
583 2238 756 2281 adiungit.
795 2248 946 2282 cumque
982 2238 1167 2282 quatridui
1193 2239 1323 2271 itinere
1347 2239 1442 2271 intra
1466 2239 1554 2270 fines
1569 2238 1774 2283 Hungariao

330 2298 411 2319 eum
437 2286 618 2325 duxisset,
654 2284 888 2317 solitudinem
915 2285 1138 2317 invenerunt.
1162 2291 1342 2329 comperta
1367 2285 1461 2317 enim
1486 2285 1636 2318 Moratis
1665 2296 1775 2330 expe-

329 2332 492 2372 ditione,
531 2343 549 2364 e
574 2332 661 2364 vicis
700 2331 897 2375 castrisque
920 2331 1119 2364 minoribus
1158 2332 1415 2374 emigraverant
1439 2331 1610 2375 Hungari.
1648 2343 1775 2377 quam-

329 2380 453 2411 obrem
481 2378 590 2411 Turci
628 2388 691 2422 per
727 2378 908 2421 regionem
949 2377 1123 2410 desertam
1159 2377 1400 2418 incedebant,
1425 2377 1519 2410 nihil
1546 2382 1690 2423 praeter
1715 2389 1775 2410 ca-

329 2426 475 2459 stellum
513 2424 694 2469 quoddam
717 2436 865 2468 parvum
897 2425 1043 2466 lucrati3
1069 2424 1167 2469 quod
1193 2425 1310 2468 ipsum
1332 2430 1475 2468 praeter
1498 2436 1597 2469 spem
1622 2435 1775 2469 occupa-

331 2478 423 2505 runt.
451 2483 529 2504 eum
559 2471 652 2503 enini
680 2471 905 2515 praesidiarii
924 2471 970 2503 ad
986 2471 1183 2503 necessaria
1202 2471 1326 2503 usibus
1343 2471 1416 2503 suis
1431 2470 1677 2516 conquirenda
1699 2472 1776 2504 exi-

329 2519 476 2558 vissent,
500 2528 605 2550 mane
634 2528 715 2549 casu
740 2518 977 2561 praetervecti
991 2518 1099 2550 Turci
1122 2523 1243 2562 portas
1268 2523 1432 2562 patentes
1450 2522 1669 2562 repererunt,
1691 2515 1776 2550 nul-'-

330 2566 440 2609 loque
477 2564 655 2597 renitente
679 2564 827 2607 ingressi
855 2564 1023 2608 praedam
1048 2565 1254 2608 abegerunt.
1282 2570 1319 2596 at
1343 2564 1521 2609 Zipinium
1545 2575 1659 2608 usque
1690 2575 1776 2608 pro-

333 2611 462 2656 gressi,
490 2622 534 2643 ex
550 2610 753 2654 Hungariae
779 2611 930 2643 urbibus
955 2611 1156 2654 insignibus
1181 2622 1305 2651 unam,
1330 2611 1478 2655 propius
1504 2610 1673 2643 accedere
1697 2610 1776 2642 ausi

330 2669 403 2691 non
431 2662 523 2690 sunt.
550 2668 629 2688 cum
654 2657 777 2701 itaque
802 2658 901 2690 illius
933 2658 1073 2690 incolae
1101 2658 1235 2689 Turcos
1261 2656 1526 2700 indignabundi
1550 2657 1775 2702 aspicerent,

330 2704 444 2750 portis
475 2703 574 2736 urbis
611 2703 820 2747 patentibus
857 2715 1011 2748 pugnam
1046 2715 1124 2736 cum
1153 2704 1202 2736 eis
1229 2704 1356 2736 ineunt
1378 2705 1584 2748 multosque
1609 2702 1774 2736 caedunt.

332 2762 444 2797 quare
468 2750 578 2783 Turci
613 2749 843 2783 retrocedunt
868 2751 948 2785 viae
981 2761 1120 2796 semper
1144 2749 1234 2783 duce
1258 2750 1448 2792 Draculio,
1475 2761 1494 2783 a
1522 2759 1594 2796 quo
1617 2750 1776 2784 Morates
