1884 3216
280 148 389 206 302
623 164 807 208 nvem
842 163 1129 208 MlanEus
1167 166 1391 211 mons

277 268 546 324 μεγαὸοῦκα,
584 264 805 322 θαρρύνας
841 262 973 307 αὖτὸν
1019 264 1094 308 καί
1118 267 1413 324 παρηγορήσας
1438 266 1491 311 τοὶ
1515 271 1718 325 uittam,

279 332 409 376 εἰπών
450 331 566 390 αύτῷ
610 327 672 374 ὅτι
698 328 800 384 ,,τὴν
827 329 948 371 πόλιν
974 332 1128 387 ταύτην
1156 347 1223 375 σοι
1252 332 1393 386 μέλλω
1422 337 1720 390 παρακαταθέ-

277 402 383 442 σθαι
408 399 484 441 τοῦ
511 395 623 451 ἔχειν
648 394 727 450 τῆν
754 391 923 435 ἅπασαν
950 395 1081 450 αὐτῆς
1119 400 1322 453 φροντίδα
1339 430 1352 451 ,
1381 398 1456 441 καὶ
1480 396 1642 456 ποιήσω
1666 415 1719 444 σε

277 466 339 514 εἷς
367 463 655 520 κρειττοτέραν
680 459 806 511 δόξαν
832 460 931 515 παρ’
959 459 1011 514 ἢν
1040 457 1151 517 εἶχες
1179 464 1225 523 ἐν
1250 466 1308 522 τῷ
1335 466 1470 523 καιρῷΙ
1495 466 1570 508 τοῦ
1593 468 1721 520 flauv—

279 531 404 583 λε’ως,
431 527 504 571 καί
545 526 604 583 μὴ
633 523 831 579 ἆθύμει.”
886 521 1194 583 εὖχαριστήσας
1225 524 1299 571 οὖν
1326 528 1401 572 καί
1424 529 1756 585 οἷσπασάμενοςό

278 593 351 651 τὴν
394 595 529 636 αὐτοῦ
564 598 689 648 χεῖρα
729 593 919 646 οἶπῆλθεν
948 594 1007 642 εἰς
1035 594 1109 635 τὸν
1147 590 1257 637 οἶκον
1285 594 1430 638 αὐτοῦ.
1487 592 1643 650 μαθών
1670 598 1722 640 δὲ

240 663 380 716 επαρ’
409 659 543 701 αὕτοῦ
578 655 632 700 τὰ
676 654 865 709 ὀνόματα
904 659 988 700 τῶν
1024 658 1230 713 εύγενῶν,
1258 663 1342 703 τῶν
1371 662 1417 704 ἐν
1441 663 1500 720 τῷ
1525 661 1719 721 παλαι-ίῳ

279 722 604 780 ὃιαπρεψᾰντων
636 722 945 779 ὄφφικιαλίων,
973 722 1141 766 πάντων
1169 723 1218 767 τὰ
1249 723 1434 779 ὀνόματα
1461 729 1716 783 κατέγραψε.

276 790 350 832 καί
383 792 429 832 ἐν
470 795 556 839 τοῖς
589 790 750 838 πλοίοις
796 789 869 829 καί
912 789 958 830 ἐν
995 788 1107 838 ταῖς
1130 795 1300 845 σκηναῖς
1328 787 1623 849 συναθροίσας
1641 789 1720 836 οὖν

275 853 430 904 πάντας
459 852 729 909 ἐξηγόρασεν,
772 852 856 896 ἄνά
883 854 1034 908 χιλίων
1058 854 1233 910 οἷσπρῶν
1260 855 1359 906 δούς
1382 863 1468 907 τοῖς
1500 854 1716 914 Τούρκοις.
1735 877 1784 905 ιο

383 921 566 976 Πρωΐας
617 921 665 961 δὲ
691 921 910 974 γενομένης
949 918 1244 975 παρελθούσης
1272 920 1428 978 ἐκείνης
1450 923 1527 978 τῆς
1550 922 1720 980 πραότης

275 985 350 1029 καί
380 987 562 1043 ζοφερᾶς
589 985 767 1040 ἡμέρας,
815 986 860 1026 ἐν
886 979 917 1042 ᾗ
943 987 1100 1040 ἐγένετο
1128 985 1153 1042 ἦ
1179 987 1450 1042 πανωλεθρία
1475 991 1552 1030 τοῦ
1576 989 1720 1043 γένους

274 1052 420 1108 ἡμῶν,
453 1049 656 1092 εἰσελθών
683 1051 728 1092 ἐν
757 1051 810 1106 τῇ
837 1046 954 1091 πόλει
983 1049 1006 1091 ὅ
1038 1049 1247 1105 τύραννος
1267 1052 1342 1095 καί
1366 1055 1426 1102 εἰς
1451 1053 1551 1104 τούς
1581 1052 1722 1104 οἴκους

275 1119 347 1160 τοῦ
375 1115 561 1171 μεγάλου
593 1113 753 1165 ’δουκὸς
782 1113 945 1170 ἐλθών,
996 1114 1177 1167 ἐξελθών
1206 1119 1253 1160 δὲ
1280 1120 1342 1168 εἰς
1368 1117 1617 1175 συνάντησιν
1640 1120 1722 1163 αύ-

275 1185 351 1225 τοῦ
379 1183 450 1224 καί
483 1178 784 1237 ,προσκυνήσας
811 1177 959 1236 αὐτόν,
1005 1183 1198 1237 εἰσῆλθεν
1229 1183 1356 1234 ἐντός.
1410 1180 1464 1240 ἦν
1490 1186 1538 1227 δὲ
1563 1185 1590 1241 ἧ
1613 1184 1785 1242 γυνὴ-15

279 1248 414 1291 αὐτοῦ
444 1247 683 1288 ἅσθενοῦσα
708 1245 917 1301 κλινήρης.
956 1245 1050 1288 τότε
1077 1246 1099 1288 ὅ
1128 1246 1475 1304 προβατόσχημος
1506 1249 1628 1300 λύκος
1652 1251 1722 1306 ἔγ-

237 1327 269 1359 1)
280 1312 401 1367 γίσας
441 1314 491 1370 τῇ
532 1312 647 1368 κλίνῃ
684 1308 767 1367 ἔφη
798 1312 1142 1366 προσαγορεύσας
1177 1313 1286 1370 αὐτῇ
1308 1320 1464 1370 ,,χαῖρε
1491 1309 1528 1356 ὦ
1551 1317 1719 1373 μῆτερ·

279 1379 340 1434 μὴ
366 1379 504 1420 λυποῦ
529 1377 600 1420 ἐπὶ
626 1382 714 1426 τοῖς
739 1376 1038 1432 συμβεβηκόσι.
1105 1375 1150 1420 τὸ
1182 1381 1348 1434 θέλημα
1384 1382 1462 1422 τοῦ
1488 1382 1635 1436 κυρίου
1651 1397 1721 1437 γε·

277 1447 430 1486 νέσθω.
484 1441 571 1498 ἔχω
598 1439 659 1485 ἔτι
686 1444 857 1485 πλείονα
884 1445 986 1497 παρ’
1016 1437 1075 1486 ὧν
1107 1444 1324 1494 ἀπώλεκας
1350 1447 1424 1488 τοῦ
1450 1443 1607 1490 δοῦναί
1631 1462 1717 1490 σοι·

274 1509 399 1564 μόνον
424 1508 625 1564 ὖγιάινε.”
698 1510 893 1559 ἐλθόντες
924 1511 972 1552 δὲ
1002 1510 1041 1551 οἱ
1068 1512 1215 1559 παῖδες
1242 1511 1377 1554 αὐτοῦ
1403 1512 1719 1570 προσεκύνησαν
1730 1532 1784 1560 20

273 1577 403 1633 αὐτῷ,
428 1575 503 1617 καί
527 1572 904 1630 εὐχαριστήσαντες
935 1573 1065 1617 αύτὸν
1088 1575 1236 1631 ἐξῆλθε
1264 1575 1522 1632 περιοδεύων
1546 1577 1622 1634 τήν
1645 1579 1718 1623 πό-

275 1645 356 1683 λιν.
426 1636 477 1696 ἦν
515 1639 596 1696 γὰρ
627 1640 653 1695 ἦ
698 1641 816 1682 πᾶσα
854 1636 1023 1694 ἄοικος,
1070 1636 1166 1683 οὔτε
1195 1636 1418 1698 ἄνθρωπος
1445 1639 1542 1686 οὕτε
1573 1646 1719 1701 κτῆνος

275 1702 365 1749 οὔτ’
394 1700 535 1761 ὄρνεον
568 1706 815 1762 κραυγάζων
844 1701 872 1761 ἢ
899 1707 1037 1749 λαλῶν
1064 1704 1201 1756 ἐντός·
1254 1705 1385 1761 μόνον
1410 1711 1518 1760 τινὲς
1545 1712 1629 1754 τῶν
1654 1711 1715 1768 μῆ

278 1886 412 1920 adduci
437 1886 601 1932 imperat.
639 1885 789 1930 singulis
817 1895 919 1930 aspra
955 1884 1055 1917 mille
1080 1884 1267 1919 distribuit
1291 1886 1476 1931 princeps,
1501 1886 1719 1933 demumque

278 1945 444 1979 magnum
482 1934 610 1966 ducem
644 1932 737 1964 bene
772 1942 914 1976 sperare
947 1930 1134 1972 hortatus,
1161 1932 1268 1976 longo
1301 1932 1531 1979 humanoque
1555 1945 1719 1970 sermone

278 1982 357 2014 eius
375 1980 537 2013 dolorem
554 1980 661 2020 levat,
691 1978 871 2023 dicitque:
898 1977 1014 2015 „hanc
1037 1978 1163 2011 urbem
1199 1978 1285 2012 fidei
1309 1985 1394 2012 tuae
1428 1980 1618 2014 curandam
1642 1989 1719 2016 cre-

279 2027 365 2061 dere
390 2027 472 2060 volo
487 2052 497 2068 ,
521 2026 875 2070 illustrioribusque‚
900 2036 1008 2070 quam
1033 2036 1122 2070 quos
1149 2025 1187 2058 in
1210 2025 1434 2070 imperatoris
1459 2028 1541 2060 aula
1566 2030 1719 2072 gessisti,

279 2074 479 2107 honoribus
506 2072 729 2113 honest-abo,
756 2073 913 2104 animum
939 2083 986 2105 ne
1022 2071 1281 2117 despondeas.“
1305 2073 1426 2117 gratiis
1452 2074 1551 2115 actis,
1574 2086 1720 2109 manum

278 2122 358 2154 eius
386 2120 625 2160 deosculatus,
651 2130 797 2163 magnus
826 2119 899 2151 dux
926 2118 1069 2152 domum
1101 2130 1199 2152 suam
1225 2118 1325 2152 abiit.
1354 2131 1433 2153 cum
1461 2126 1579 2153 autem
1605 2122 1650 2155 ab
1675 2134 1719 2156 eo

280 2167 521 2200 intellexisset
541 2166 740 2199 Mehmetes
766 2165 944 2198 nobilium
968 2166 1238 2210 illustriumque
1273 2166 1400 2210 palatii
1431 2172 1468 2200 et
1491 2167 1595 2200 aulae
1618 2169 1720 2214 prin-

281 2214 371 2258 cipis
404 2213 611 2246 officialium
647 2213 812 2252 nomina,
847 2213 986 2256 singula
1014 2212 1221 2257 descripsit3
1245 2223 1334 2257 quos
1355 2224 1420 2257 per
1435 2213 1583 2246 classem
1607 2221 1645 2249 et
1660 2226 1721 2248 ca-

282 2266 354 2294 stra
376 2260 610 2305 conquisitos,
637 2259 915 2304 redemptosque
939 2259 1040 2293 mille
1065 2259 1177 2305 aspris
1203 2259 1373 2304 singulos,
1401 2260 1519 2293 lo'cum
1544 2261 1582 2294 in
1607 2272 1719 2296 unum

283 2306 468 2340 conduxit.

375 2352 551 2386 Postridie
574 2352 674 2385 illius
701 2351 916 2385 tenebrosae
942 2352 1034 2392 diei,
1062 2363 1134 2396 qua
1160 2362 1268 2396 genus
1286 2356 1447 2385 nostrum
1471 2353 1719 2389 internecione

282 2399 443 2433 deletum
477 2404 551 2439 est,
588 2400 626 2432 in
659 2399 785 2432 urbem
819 2399 920 2432 venit
947 2404 1136 2442 tyrannus,
1169 2398 1341 2443 ducisque
1364 2400 1482 2444 magni
1508 2399 1652 2434 domum
1680 2413 1719 2435 se

281 2446 458 2486 contulit,
499 2446 557 2478 cui
593 2445 735 2478 obviam
770 2445 843 2478 dux
878 2446 1074 2490 processit,
1106 2456 1259 2489 eumque
1283 2453 1471 2480 veneratus
1497 2448 1648 2493 excepit.
1673 2458 1718 2481 eo

278 2499 443 2537 tempore
467 2492 599 2525 coniux
613 2492 726 2537 ipsius
750 2492 876 2526 morbo
893 2491 1143 2525 decumbebat.
1169 2491 1215 2525 ad
1239 2494 1454 2536 aegrotantis
1480 2505 1561 2539 ergo
1585 2494 1719 2527 lectum

281 2540 388 2584 lupus
413 2538 480 2571 sub
517 2538 591 2571 ovis
617 2539 737 2583 specie
765 2539 882 2572 latens
915 2534 1087 2580 accessit,
1114 2544 1150 2572 et
1176 2549 1252 2572 eam
1278 2539 1476 2584 alloquitur
1500 2541 1556 2574 his
1579 2541 1719 2575 verbis:

282 2586 414 2625 „salve,
437 2589 562 2625 mater,
587 2596 632 2618 ne
656 2590 712 2625 te,
736 2584 826 2630 quos
852 2585 912 2619 isti
936 2585 1012 2618 dies
1038 2586 1170 2626 tulere,
1206 2596 1306 2618 casus
1330 2597 1493 2620 moerore
1519 2587 1720 2621 conficiant.

282 2632 344 2666 dei
368 2632 512 2665 decreto
535 2631 744 2677 parendum.
768 2632 872 2677 plura
912 2633 1050 2665 amissis
1078 2632 1147 2665 tibi
1172 2632 1312 2676 largiar.
1337 2632 1406 2666 hoc
1433 2645 1543 2667 unum
1560 2659 1570 2675 ‚
1594 2640 1635 2667 ut
1658 2645 1721 2668 va-

282 2679 377 2719 leas,
402 2686 520 2711 ειη-3.(-
558 2677 659 2711 (lucis
687 2689 833 2723 quoque
857 2679 976 2722 magni
1011 2678 1080 2711 filii
1113 2679 1229 2723 ipsum
1262 2678 1444 2713 adoraturi
1475 2688 1719 2716 accesserunt:

284 2726 415 2771 gratias
439 2724 583 2759 demum
617 2723 662 2759 de
686 2730 788 2759 tanta
808 2724 1048 2760 'humanitate
1072 2724 1105 2758 ei
1130 2737 1209 2759 cum
1234 2725 1402 2770 egissent5
1421 2728 1532 2765 exivit
1556 2729 1656 2775 ipse,
1683 2735 1721 2764 et
