1916 3210
357 174 469 232 350
829 193 1011 236 11110Λο
1047 193 1307 238 1115103111

357 293 439 334 noli
469 293 597 350 questi
624 307 722 334 sono
750 296 763 334 i
791 295 847 333 soi
877 293 1029 347 proprii
1071 295 1202 346 nomi,
1242 295 1413 349 Ruben‚
1441 296 1640 352 Symeon,
1667 298 1792 350 Levi,

357 349 500 397 ludas,
537 348 676 390 Isahar
693 378 705 397 ‚
738 348 921 388 Zabulon
938 377 951 398 ‚
979 349 1239 403 Nephtnlim‚
1282 352 1399 403 Gad,
1428 354 1549 403 Aser,
1579 353 1696 406 Dan,
1723 353 1793 394 10-

355 405 455 458 seph
484 412 524 444 et
551 404 772 444 Beniamin.
838 403 901 442 De
940 403 1041 443 Levi
1081 405 1290 446 desceseno
1317 408 1435 446 Aron
1480 414 1519 446 et
1552 408 1724 460 Moises¹3
1750 408 1794 448 di

354 458 464 513 quali
494 459 610 498 Aron
650 458 692 497 fo
722 457 904 496 dedicato
932 458 983 497 ad
1012 459 1263 509 sacerdotio,
1308 462 1455 501 Moises
1481 461 1521 501 al
1549 462 1794 516 principato.

354 513 408 554 El
440 513 559 568 quale
586 511 884 563 l’octuagesimo
913 525 1019 552 anno
1040 513 1090 553 de
1121 513 1160 554 13
1188 529 1260 555 sua
1288 516 1371 556 vita
1400 516 1516 570 passo
1543 516 1579 556 el
1608 531 1698 557 mar
1723 531 1796 556 ru.-

353 568 451 618 bro,
494 575 537 608 et.
574 566 693 607 meno
732 567 819 606 fora
854 566 904 606 de
944 566 990 606 ln
1017 567 1164 623 Egipto
1193 570 1245 609 (13
1272 569 1310 610 10
1339 585 1431 610 111311
1457 571 1507 610 (10
1535 571 1725 612 Ρ1131·3011
1757 570 1796 611 01

353 621 505 677 populo
537 622 588 661 de
615 621 695 663 dio.
772 621 928 672 Questo
955 622 1103 662 Moises
1131 624 1172 664 fo
1198 623 1328 664 multo
1354 633 1467 679 grato
1493 625 1547 665 ad
1575 625 1795 666 l’altissimo

353 685 394 717 et
423 677 616 731 ingrande
643 682 748 715 stato
774 675 843 716 nel
870 677 1025 730 populo
1052 691 1147 729 suo,
1176 686 1216 718 et
1241 680 1364 734 regni)
1380 680 1445 720 nel
1463 680 1597 734 tempo
1625 681 1676 721 de
1701 681 1796 720 Ina-

351 733 452 784 cho,
480 733 615 785 primo
640 731 685 770 re
713 730 765 770 de
795 730 950 784 Argivi.
980 733 1034 772 Et
1060 747 1135 786 per
1167 742 1308 786 questo
1331 750 1372 775 se
1399 749 1594 788 cognosce
1619 737 1633 782 i
1664 734 1795 775 Zudei

351 802 459 827 esser
483 787 575 826 stati
604 786 724 840 primi
751 792 790 825 et
818 786 890 840 pin
907 787 1058 827 antichi
1087 788 1205 828 cheli
1224 789 1355 832 Greci.
1376 791 1638 830 Demorando
1663 789 1796 830 adun-

350 856 431 895 que
460 842 474 881 i
502 840 629 881 Zudei
656 840 721 880 nel
752 841 910 882 deserto
937 843 1033 882 anni
1062 849 1287 897 quaranta,
1330 851 1371 884 et
1399 845 1593 885 dominati
1622 845 1673 884 da
1702 845 1794 884 lesh

350 897 456 936 Navi
489 896 586 935 311111
612 896 714 935 vinti
737 898 881 950 zinque
907 904 947 937 et
967 897 1019 938 da
1031 898 1171 938 Zudici
1199 901 1296 938 anni
1311 906 1575 952 quatrozento
1601 901 1796 953 zinquan·

348 959 388 990 ta
418 958 587 1005 quatro,
617 950 698 990 fine
726 949 766 990 al
793 966 916 1005 regno
943 951 995 992 de
1024 952 1120 992 Saul
1147 955 1278 1006 primo
1309 955 1354 993 re
1385 968 1545 1008 apresso
1569 954 1620 994 de
1647 953 1792 994 zudei.

349 1005 427 1046 Nel
459 1006 588 1059 primo
617 1019 726 1045 anno
753 1006 819 1046 del
847 1021 972 1059 regno
1008 1007 1059 1047 de
1088 1007 1184 1047 Saul
1213 1022 1368 1061 nacqne
1397 1009 1435 1048 01
1461 1009 1616 1063 grande
1644 1008 1794 1048 David.

346 1061 388 1100 si
417 1061 493 1100 che
520 1075 562 1101 se
589 1075 760 1100 numera
790 1061 841 1101 da
866 1061 1075 1102 Abraham
1102 1063 1182 1102 fine
1209 1077 1232 1103 a
1253 1063 1389 1103 David
1412 1065 1670 1117 generatione
1694 1077 1799 1116 qna·

346 1116 537 1168 tordexe‚
566 1116 661 1155 anni
691 1115 803 1155 mille
830 1117 932 1156 vinti
962 1125 1119 1170 quatro.
1152 1118 1206 1157 Et
1234 1118 1286 1157 da
1314 1118 1451 1159 David
1474 1118 1553 1158 fine
1572 1116 1636 1158 313
1662 1124 1798 1158 trans·

345 1172 563 1225 migration
594 1170 645 1210 de
665 1170 890 1224 Babylonia
917 1172 1036 1212 foron
1054 1172 1586 1226 generationequatordexe,
1616 1173 1712 1212 anni
1737 1171 1796 1212 sei

345 1234 465 1266 cento
500 1239 616 1265 nove.
644 1226 699 1265 Et
724 1225 816 1265 dala
847 1228 1175 1279 transmigration
1204 1226 1256 1267 de
1283 1228 1504 1283 Babylonia
1529 1228 1609 1268 fine
1635 1241 1658 1268 a
1676 1226 1799 1268 Chri-

346 1288 412 1321 sto
450 1288 588 1320 nostro
625 1279 883 1333 redemptore
924 1282 1067 1321 forono
1105 1284 1360 1335 generatione
1399 1283 1668 1336 quatordexe,
1697 1283 1796 1322 anni

295 1336 611 1389 incinquezento
650 1342 809 1388 quatro.
871 1338 916 1376 In
953 1350 1112 1377 summa
1154 1337 1325 1387 havemo
1365 1344 1595 1390 computato
1621 1337 1799 1377 secondo

348 1391 388 1430 la
415 1390 625 1443 sequentia
661 1390 713 1429 de
750 1389 778 1429 li
820 1393 918 1430 anni
950 1391 1003 1431 de
1033 1391 1168 1430 Adam
1200 1392 1332 1445 primo
1362 1399 1499 1431 nostro
1527 1399 1694 1445 parente
1716 1391 1798 1430 fine

346 1457 370 1485 a
398 1444 559 1485 Christo
589 1446 686 1484 anni
715 1445 975 1498 cinquemilia
1014 1445 1314 1498 cinqueccnto:
1372 1445 1465 1485 dala
1503 1447 1704 1486 dominica
1730 1446 1796 1485 in-

343 1501 553 1540 carnation
582 1499 663 1540 fine
689 1499 727 1539 al
757 1501 913 1553 grande
943 1500 1208 1539 Constantino
1238 1501 1335 1539 anni
1363 1507 1546 1540 trecento
1571 1500 1794 1549 dexeocto,

343 1559 388 1595 et
418 1554 512 1595 dalo
545 1553 717 1608 imperio
759 1554 823 1594 del
870 1554 1024 1609 grande
1053 1554 1321 1594 Constantino
1348 1554 1430 1594 fine
1458 1568 1482 1593 a
1517 1554 1717 1607 l'imperio
1746 1554 1798 1594 de

343 1610 570 1650 Iustiniano
602 1608 839 1662 imperador
877 1610 1022 1648 forono
1063 1610 1158 1648 anni
1198 1608 1482 1652 doxentodexe.
1550 1608 1628 1648 Nel
1658 1616 1799 1662 tempo

342 1665 394 1704 de
422 1671 566 1718 questo
593 1663 849 1717 imperadore
882 1664 923 1703 fo
952 1663 1136 1703 edificato
1165 1663 1202 1703 el
1223 1663 1376 1716 grande
1396 1663 1546 1717 tempio
1573 1663 1624 1703 de
1650 1663 1798 1703 Sancta

343 1719 512 1773 Sophia.
544 1719 634 1769 ,Da
663 1717 861 1772 l’imperio
890 1718 942 1757 de
969 1718 1193 1757 Iustiniano
1227 1716 1359 1757 infin’a
1388 1718 1584 1771 l'imperio
1610 1717 1661 1757 de
1689 1718 1798 1757 Con·-

343 1776 524 1814 stantino
554 1779 598 1814 et
625 1773 755 1813 Erine
798 1786 870 1812 sua
901 1780 1030 1812 matre
1056 1772 1153 1812 anni
1183 1772 1531 1812 docentosexanta.
1584 1771 1689 1812 Dalo
1716 1773 1797 1812 im-

344 1843 444 1883 pero
487 1829 539 1869 de
568 1827 699 1869 Erine
736 1828 857 1867 inflne
884 1827 937 1867 ad
965 1826 1106 1867 Alexio
1120 1827 1290 1867 Comino
1319 1829 1415 1867 anni
1446 1826 1617 1867 docento
1642 1841 1799 1867 nonan-

344 1892 385 1924 ta
428 1884 587 1937 cinqne.
653 1883 796 1923 Alexio
839 1891 1071 1922 veramente
1110 1881 1269 1936 impero
1313 1883 1408 1922 anni
1450 1887 1586 1922 trenta
1615 1889 1726 1936 septe
1755 1888 1799 1922 et

344 1940 443 1978 mesi
470 1944 647 1992 quan-03
678 1938 833 1977 Zoanni
859 1951 932 1977 suo
963 1936 1055 1977 siolo
1083 1939 1181 1976 anni
1214 1936 1315 1976 vinti
1349 1943 1521 1991 quatro,
1551 1937 1647 1976 mesi
1675 1944 1794 1988 octo;

344 1993 512 2032 Manucl
541 1992 666 2047 figliol
694 1993 744 2032 de
772 1993 941 2032 Zuanne
969 1993 1066 2032 anni
1093 1999 1228 2032 trenta
1256 1999 1392 2046 septe,
1419 1993 1519 2031 mesi
1549 2006 1666 2036 nove.
1697 1991 1798 2031 Ale-

345 2050 432 2087 xius
461 2048 585 2101 figliol
620 2047 671 2088 de
708 2047 937 2097 Emanuel,
974 2055 1014 2087 et
1047 2047 1310 2094 Andronico,
1356 2047 1431 2086 che
1457 2047 1588 2086 uccise
1630 2046 1796 2097 Alexio,

346 2103 591 2142 domium-on
629 2103 727 2143 anni
757 2103 837 2142 tre.
899 2102 1065 2141 Summa
1105 2103 1146 2141 in
1187 2107 1298 2140 tutto
1338 2100 1537 2155 l'imperio
1566 2101 1606 2140 di
1628 2101 1796 2140 Comini

347 2159 443 2197 anni
486 2165 607 2198 cento
648 2171 747 2197 uno.
817 2158 948 2210 Dapoi
979 2157 1215 2197 Andronico
1236 2155 1400 2195 domino
1427 2156 1606 2195 lsacehio
1636 2155 1797 2210 Angelo

348 2213 446 2251 anni
478 2227 597 2263 nove,
620 2214 718 2252 mesi
741 2211 1201 2266 oct03AlexioAngelo,
1229 2210 1381 2250 fradelo
1410 2210 1461 2250 de
1479 2210 1670 2260 lsacehio,
1699 2211 1796 2249 anni

348 2281 477 2317 nove3
508 2268 653 2308 Dncha
680 2266 900 2307 Murzussos
923 2269 1019 2306 mesi
1040 2267 1109 2306 do.
1143 2267 1363 2305 Summano
1385 2265 1436 2304 da
1467 2265 1505 2304 la
1522 2266 1698 2304 creation
1731 2263 1797 2304 del

348 2321 503 2361 mundo
541 2322 621 2362 fine
641 2337 664 2362 a
693 2322 890 2374 l'irnperio
923 2322 986 2361 del
1007 2321 1175 2370 Dncha,
1207 2319 1273 2360 nel
1301 2320 1395 2372 qual
1423 2320 1589 2372 imperio
1614 2319 1656 2358 fo
1683 2333 1798 2372 presa

349 2376 701 2430 Constantinopoli
732 2376 782 2416 da
804 2378 1039 2424 venetiani,
1070 2376 1164 2414 anni
1191 2374 1356 2414 seiinilia
1384 2381 1568 2413 sexcento
1595 2374 1751 2420 dodeci,
1775 2389 1796 2412 a

349 2430 497 2470 (10(1001
539 2432 590 2471 (10
618 2430 788 2485 Aprile,
830 2446 954 2471 zorno
991 2430 1167 2470 secundo
1204 2429 1310 2469 della
1348 2436 1455 2468 sexta
1481 2430 1701 2480 septimana
1731 2428 1797 2467 del

299 2495 336 2529 ,3
355 2485 539 2528 (1οΖ111110.
577 2487 694 2540 Dapo
722 2486 760 2525 la
789 2500 905 2540 presa
934 2487 984 2525 de
1009 2483 1358 2537 Constantinopoli
1396 2484 1549 2536 impero
1576 2483 1796 2522 Theodoro

354 2540 545 2578 Laschari
576 2540 616 2579 in
647 2541 813 2580 Nichiea
844 2543 939 2581 anni
977 2541 1196 2580 dieceocto.
1254 2539 1411 2578 Zuanni
1442 2537 1584 2577 Dncha
1609 2538 1796 2587 Vathazi,

353 2607 500 2633 zenero
526 2594 576 2633 de
603 2595 819 2635 Theodoro
846 2596 1034 2635 Laschari
1053 2626 1064 2645 ‚
1097 2593 1249 2646 impero
1275 2595 1314 2632 in
1346 2595 1577 2645 Magnesya‚
1610 2591 1647 2631 la
1677 2590 1798 2645 quale

353 2649 376 2687 ὲ·
403 2650 442 2687 111
471 2649 638 2702 Sypilo,
679 2652 775 2689 anni
822 2658 957 2690 trenta
975 2651 1062 2689 tre.
1131 2648 1352 2688 Theodoro
1383 2648 1570 2687 Laschari
1600 2661 1673 2686 suo
1704 2647 1797 2685 fiolo

354 2703 509 2756 imperi)
536 2703 632 2742 anni
658 2712 814 2757 quatro,
871 2706 1029 2744 Zuanni
1058 2703 1266 2751 Laschm-i,
1300 2701 1336 2741 el
1363 2702 1458 2754 qual
1491 2703 1624 2741 avanti
1659 2701 1697 2740 la
1725 2714 1795 2740 sua

355 2758 612 2799 coronatione
642 2759 681 2798 so
710 2766 892 2800 excecato
919 2760 971 2799 da
1004 2758 1203 2799 Michaele
1231 2756 1460 2810 Palleologo
1483 2763 1520 2796 et
1550 2756 1590 2795 fo
1622 2757 1797 2796 cacciaio
