1916 3210
317 163 353 230 4
369 181 434 217 ιο
790 179 973 226 DUCAE
1011 181 1266 224 fflsronm

318 277 486 323 castello
517 281 555 323 31
585 297 707 323 nome
733 282 799 323 del
829 283 1006 338 glorioso
1049 283 1237 338 'principe
1263 284 1315 325 de
1342 284 1368 325 11
1396 283 1567 340 apostoli
1594 284 1638 330 S.
1668 285 1767 327 Pia:-

322 350 374 381 ro
392 367 404 389 ‚
448 338 730 379 chiamnudolo
759 338 964 380 Petronio,
1037 340 1209 393 Appena
1241 340 1374 380 hebbe
1398 341 1557 380 conditi
1584 341 1610 381 li
1639 341 1766 395 primi

324 393 574 433 fondamenti
589 422 600 442 ‚
632 393 708 435 che
734 393 1006 433 comenzando
1048 407 1071 433 3
1098 393 1232 434 levare
1261 396 1298 435 le
1325 409 1442 436 mura
1465 409 1585 449 sopra
1614 393 1655 436 13
1681 399 1768 437 131-

249 456 394 498 11613,
423 461 554 488 venne
580 447 823 487 Mandachia
854 447 1033 488 Alieshei
1057 449 1111 489 ad
1137 449 1336 503 impedire
1365 450 1401 490 13
1428 450 1472 490 τὲ
1501 450 1770 492 13301313καὶ3

324 517 454 556 opera
473 532 485 551 ‚
513 503 711 543 obstando
744 516 821 542 con
857 503 1009 556 grande
1033 508 1232 558 potentia.
1289 507 1357 544 Ma
1387 505 1424 546 el
1452 506 1607 559 grande
1638 507 1767 561 magi-

324 565 410 598 stro
441 559 544 599 bene
587 558 707 597 havia
750 558 979 611 proveduto
1027 572 1103 598 con
1147 561 1276 614 reperi
1303 561 1396 600 forti
1426 575 1540 600 come
1566 561 1699 612 muri3
1727 569 1770 602 et

322 627 399 652 con
429 612 467 652 la
494 614 612 652 vertit
636 613 688 652 de
716 612 833 652 fereri
865 626 908 652 se
935 611 1130 667 prevalse‚
1159 614 1268 655 siche
1296 629 1378 655 non
1405 623 1568 670 potteno
1594 616 1774 670 impedit*

320 667 425 708 ch'el
462 667 625 707 castello
668 681 749 707 non
794 667 900 707 fosse
925 670 1100 722 compito
1131 677 1170 708 et
1198 677 1315 709 cento
1349 670 1400 710 de
1425 684 1560 726 grosse
1587 685 1704 711 mure
1726 679 1770 713 et

320 730 434 762 torre
477 722 698 771 altissime,
745 729 785 762 et
821 725 982 763 munito
1021 724 1073 763 de
1113 725 1339 765 munitione
1366 726 1417 766 de
1454 725 1550 780 ogni
1581 733 1701 766 sorte.
1728 733 1770 767 et

320 777 429 832 posti
468 775 495 816 li
538 777 658 818 fereri
694 777 758 817 313
793 778 966 831 guardia
1010 777 1100 818 (1313
1127 779 1281 820 forteza
1309 794 1387 819 con
1416 781 1564 820 ordine
1588 777 1700 821 certo
1725 789 1772 822 'et

322 831 558 883 infallibile‚
589 833 626 872 el
652 847 756 887 gran
788 833 978 886 magistro
1005 833 1130 874 101·ηέ)
1160 849 1182 874 3
1211 834 1371 884 Rhodo,
1401 834 1587 876 lassando
1617 835 1700 878 leae
1727 835 1770 876 et

318 886 618 927 constitutione
661 887 897 929 inviolabile
932 888 971 928 31
1013 890 1147 941 priore
1185 897 1226 928 et
1263 890 1444 943 prefecto
1483 890 1765 940 deleaswtlo,

317 941 396 981 che
434 956 511 981 con
550 943 645 981 tutti
673 941 704 982 li
732 943 923 997 deputadi
964 943 1042 983 3113
1071 945 1249 986 custodia
1278 944 1342 984 del
1374 946 1593 999 municipio
1622 944 1697 986 che
1715 944 1768 986 ‘d'n

319 1004 362 1036 ct
390 1003 510 1037 nocte
538 996 714 1037 debiano
751 998 965 1051 invigilare
1009 1013 1084 1039 con
1128 1000 1221 1051 ogni
1266 1013 1367 1040 cura
1407 1000 1485 1042 3113
1517 1000 1646 1040 salute
1675 999 1771 1041 detti

318 1052 458 1092 miseri
502 1054 608 1092 servi
653 1052 898 1104 Christiani,
950 1053 1025 1093 che
1066 1068 1139 1107 per
1166 1054 1256 1096 loro
1299 1055 1522 1097 infortunio
1550 1068 1654 1094 sono
1681 1055 1771 1095 fatti

320 1106 474 1146 schiavi
503 1107 555 1147 de
584 1106 768 1148 Turchi:
812 1108 983 1148 fuzendo
1022 1108 1060 1148 31
1093 1109 1259 1149 castello
1289 1109 1465 1150 debiano
1493 1124 1604 1150 esser
1623 1110 1773 1150 'aiutati

319 1167 361 1201 et
390 1163 571 1202 rezevuti
605 1161 672 1202 nel
717 1164 940 1217 municipio
986 1169 1030 1203 et
1069 1165 1209 1218 scripti
1238 1163 1355 1204 liberi
1395 1165 1446 1204 de
1474 1165 1519 1205 S.
1546 1165 1704 1216 Pierog
1735 1165 1774 1205 13

320 1215 419 1270 qual
459 1231 551 1256 cosa
593 1218 674 1257 fine
714 1217 822 1258 hora
865 1233 910 1259 se
937 1218 1124 1261 observa.
1192 1219 1421 1273 Vegnando
1453 1218 1490 1259 la
1517 1221 1772 1274 primavera,

318 1271 581 1312 Machemeth
628 1273 829 1327 congrego
869 1273 912 1313 lu
952 1273 1127 1313 exercito
1152 1273 1204 1314 de
1234 1273 1273 1314 la
1302 1275 1443 1314 Grecis
1462 1305 1475 1327 ,
1518 1282 1558 1315 et
1585 1276 1691 1329 part}
1720 1274 1773 1317 da

320 1326 592 1380 Audi-inopoli
635 1333 676 1367 et
721 1326 772 1366 de
799 1328 973 1378 Tracia,
1010 1335 1050 1368 et
1082 1328 1190 1370 ando
1223 1329 1263 1368 in
1290 1329 1460 1379 Prusia,
1492 1338 1533 1369 et
1558 1330 1774 1370 convocati

319 1380 350 1423 li
383 1382 557 1435 principi
589 1381 640 1424 de
667 1380 705 1421 13
732 1382 905 1433 Ν310113,
938 1396 1013 1422 con
1044 1383 1073 1422 li
1099 1384 1193 1422 tutti
1220 1384 1385 1423 exerciti
1415 1398 1528 1424 corse
1559 1383 1623 1423 ale
1652 1392 1776 1438 parte

322 1435 375 1475 de
404 1437 611 1490 Lycaonia
649 1451 726 1490 per
761 1437 1000 1477 vendicarse
1033 1437 1125 1478 dele
1163 1438 1318 1491 grande
1343 1438 1466 1478 offese
1494 1446 1680 1478 rezevute
1704 1440 1772 1479 dal
1803 1452 1808 1454 ’

319 1490 548 1531 caramano
585 1492 626 1531 in
665 1492 815 1531 Prusia
858 1506 933 1546 per
960 1492 1000 1532 la
1040 1492 1311 1533 demolitione
1361 1494 1465 1534 delle
1494 1492 1773 1547 sepultat-eet

322 1545 574 1598 dispersione
602 1545 709 1586 delle
735 1560 825 1586 osse
854 1553 1028 1600 paterne
1057 1554 1096 1587 et
1123 1548 1175 1587 de
1201 1548 1242 1587 10
1272 1549 1458 1587 incendio
1483 1548 1535 1588 de
1565 1549 1774 1592 Carminn.

321 1601 608 1654 Campezando
639 1601 830 1655 adunque
845 1602 1103 1641 Machemeth
1132 1617 1209 1656 per
1238 1602 1277 1641 le
1303 1603 1528 1656 provinxie,
1560 1603 1644 1643 fece
1673 1603 1774 1643 bru-

319 1669 414 1695 sare
438 1655 555 1695 molti
584 1655 740 1698 castelli
767 1664 806 1696 et
835 1657 961 1697 molte
994 1657 1139 1699 citade.
1183 1658 1257 1710 poi
1289 1671 1420 1698 venne
1445 1658 1496 1697 ad
1524 1660 1675 1712 Iconyo
1693 1688 1705 1709 ‚
1736 1666 1777 1698 et

321 1709 528 1750 habiando
568 1725 688 1764 preso
709 1740 721 1760 ,
765 1711 995 1751 Caramano
1037 1712 1117 1750 fuz'l
1150 1712 1204 1750 ali
1250 1715 1379 1752 monti
1409 1727 1529 1752 verso
1554 1712 1592 1752 la
1622 1714 1776 1767 Syria3

322 1765 431 1805 unde
458 1766 613 1807 mandi)
642 1766 902 1806 ambaxadori
922 1795 935 1817 ‚
965 1766 1231 1806 humilmente
1271 1767 1533 1821 supplicando
1561 1781 1584 1807 3
1612 1768 1774 1807 Mache-

321 1820 433 1859 meth
474 1820 550 1860 che
588 1821 616 1861 11
660 1828 892 1861 remettesse
938 1821 976 1860 el
1002 1835 1077 1860 suo
1118 1821 1358 1861 fallimento.
1418 1822 1675 1863 Mechemetli
1695 1851 1707 1873 ‚
1736 1822 1778 1862 e}

322 1875 443 1928 quale
471 1890 540 1915 era
583 1876 634 1919 da
669 1882 815 1915 natura
846 1878 913 1929 pio
930 1906 941 1926 ,
981 1876 1011 1915 li
1038 1876 1225 1930 perdono
1255 1884 1294 1915 et
1323 1876 1468 1917 rendili
1495 1877 1631 1916 tutto’l
1657 1887 1780 1930 paese

245 1930 399 1977 1173113
424 1929 454 1969 11
483 1931 613 1970 havea
642 1931 760 1974 tolto.
816 1931 868 1971 El
899 1931 1100 1970 Caraman
1136 1931 1317 1972 dal'altra
1347 1938 1461 1985 parte
1487 1947 1562 1971 con
1591 1931 1780 1972 soklenne

320 1993 577 2026 sacramento
607 2000 650 2026 se
665 1986 747 2041 ligo
773 2000 882 2025 esser
909 2000 1071 2040 sempre
1100 1987 1230 2026 amico
1266 1987 1368 2026 fedel
1396 1987 1447 2026 de
1475 1987 1503 2026 li
1519 1988 1775 2035 Otomanidi,

321 2047 363 2080 et
388 2054 503 2081 come
547 2041 710 2080 inimico
749 2056 830 2080 non
880 2043 1012 2080 intrav
1039 2042 1118 2080 mai
1161 2041 1311 2082 dentro
1339 2043 1391 2081 ali
1418 2043 1477 2082 soi
1507 2042 1673 2083 confini.
1726 2043 1775 2082 In

323 2103 468 2149 questo
496 2096 620 2136 modo
649 2095 687 2135 13
716 2110 865 2150 guerra
886 2095 956 2135 fin]
978 2095 1043 2135 col
1060 2096 1303 2136 Caramano.
1360 2096 1634 2148 Machemeth,
1663 2109 1777 2136 com-

322 2152 410 2204 pito
450 2152 700 2191 selicemente
728 2152 763 2190 el
792 2165 866 2191 suo
892 2151 1132 2204 desyderio,
1176 2151 1295 2191 10130
1325 2153 1364 2191 13
1392 2151 1544 2205 Bursya
1565 2181 1579 2200 ,
1597 2157 1638 2190 et
1667 2151 1718 2190 de
1745 2151 1777 2191 h

322 2206 523 2259 passando
567 2206 611 2245 lu
638 2205 905 2259 Hellesponto
950 2220 1083 2245 venne
1127 2207 1168 2244 in
1198 2206 1488 2259 Andrinopoli.
1545 2206 1600 2245 Et
1625 2205 1772 2247 stando

324 2260 356 2300 n
385 2274 493 2313 poco
533 2268 668 2313 tempo
708 2263 749 2301 in
787 2262 950 2314 quiete,
980 2275 1112 2300 venne
1152 2263 1295 2300 nuntio
1326 2261 1400 2300 che
1427 2260 1601 2301 Mustafa
1629 2261 1776 2300 ultimo

326 2314 380 2354 de
407 2316 465 2353 sei
493 2316 672 2367 fratelli,
703 2316 842 2369 figlioli
874 2315 939 2355 del
976 2316 1305 2368 supranominato
1330 2315 1509 2355 Paiasith
1526 2345 1538 2366 ,
1564 2329 1608 2354 se
1633 2322 1779 2355 trova-

325 2383 376 2409 va
404 2371 444 2408 in
475 2370 687 2410 Valachia.
754 2371 900 2411 Subito
938 2371 1062 2412 intesa
1090 2371 1126 2409 13
1166 2385 1271 2411 nova
1293 2399 1305 2421 ,
1335 2369 1594 2410 Mecbemeth
1622 2369 1778 2411 mando>

326 2424 395 2463 doi
424 2425 475 2463 de
511 2425 538 2463 li
566 2427 626 2464 soi
668 2425 820 2465 schiavi
859 2425 974 2465 electi
1015 2440 1038 2464 3
1081 2424 1225 2480 tagliar
1262 2425 1300 2465 13
1326 2431 1430 2465 testa
1458 2439 1482 2463 a
1512 2424 1669 2467 Zenait.
1725 2423 1777 2464 El

329 2478 427 2532 qual
457 2494 538 2518 non
581 2480 622 2518 fo
658 2487 844 2529 trovato,
885 2481 1037 2534 perche
1062 2480 1129 2519 doi
1175 2482 1285 2520 zorni
1314 2481 1450 2520 avanti
1482 2493 1582 2519 avea
1613 2486 1774 2532 passato

327 2534 365 2572 el
407 2534 557 2579 fiume,
605 2541 645 2573 et
682 2535 845 2575 unitose
877 2549 952 2574 con
982 2536 1182 2586 Mustafa,
1229 2536 1267 2574 31
1296 2535 1415 2588 quale
1448 2534 1578 2574 havea
1608 2534 1707 2573 dato
1736 2532 1776 2573 la

326 2601 400 2628 sua
429 2589 545 2636 fede,
592 2596 631 2628 et
662 2604 865 2642 promesso
910 2590 1014 2630 farlo
1045 2591 1229 2644 principe
1258 2590 1320 2630 del
1350 2590 1498 2628 ducato
1525 2595 1696 2641 paterno
1725 2588 1777 2628 de

326 2643 371 2683 lu
400 2644 576 2682 Oriente
616 2651 655 2682 ct
687 2644 951 2688 l’Occidente.
1028 2645 1243 2684 Habiando
1275 2645 1466 2698 adunque
1493 2644 1619 2683 inteso
1650 2643 1688 2683 el
1714 2643 1778 2683 su·-

327 2698 385 2737 zir
409 2699 460 2737 de
473 2698 626 2747 zenan,
657 2700 910 2738 Machemeth
937 2700 1089 2753 grande
1118 2708 1252 2739 mente
1281 2701 1384 2739 irato
1412 2705 1556 2738 contra
1586 2697 1645 2737 lui
1677 2711 1777 2738 con-

326 2753 434 2794 voco
465 2751 509 2793 lu
539 2754 738 2802 exercito,
765 2761 804 2793 et
832 2768 965 2794 venne
993 2754 1045 2794 da
1074 2755 1231 2809 Tracya
1265 2755 1305 2794 in
1340 2753 1591 2794 Macedonia.
1628 2753 1683 2793 Et
1710 2752 1776 2792 in-
