1916 3210
481 177 695 222 ιτΛιιοΕ
733 180 1067 223 m‘mnPRE'rE
1101 179 1355 225 mcERTO.
1544 165 1660 242 487

209 295 392 332 cevent),
424 280 583 324 benche
628 281 670 322 la
707 297 848 323 mazor
888 289 1004 337 parte
1033 283 1086 325 de
1114 284 1250 339 quelle
1280 283 1467 325 haveano
1498 285 1666 339 perduti

211 337 334 382 11.ιοί
367 337 538 392 patroni
565 338 609 379 in
639 337 680 378 la
705 345 832 383 terra.
889 338 1056 379 Grande
1083 338 1361 394 compassione
1381 347 1422 379 et
1451 341 1665 396 cordoglio

212 392 336 435 foed
366 393 516 436 vedere
550 392 616 435 nel
642 392 717 433 lito
746 394 811 434 del
839 401 961 448 porto
989 395 1028 434 la
1056 396 1213 448 grande
1241 395 1469 450 frequentia
1497 403 1538 436 et
1566 410 1667 437 eon·

211 462 331 492 corso
355 447 407 490 de
433 447 593 500 homini
623 455 667 489 et
693 449 745 489 de
773 449 947 500 femine,
991 450 1155 491 caloieri
1184 458 1225 492 et
1251 451 1443 506 calogree
1460 481 1472 502 ,
1498 451 1575 491 che
1604 453 1666 506 pi·

213 505 414 558 nugivano
439 510 482 545 et
508 503 562 545 ad
589 503 672 545 alta
699 519 800 545 voce
840 505 1127 559 percotendosi
1169 505 1206 547 el
1235 508 1360 560 pectoJ
1397 506 1666 548 chiamavano

214 557 344 615 quelli
369 557 476 600 dalle
515 574 645 613 nave,
691 560 895 602 dicendo:
926 575 952 600 o
980 561 1076 600 boni
1107 561 1330 602 Christiani
1356 561 1565 614 Franchi,
1594 578 1670 617 pex·

211 628 334 662 amor
363 613 415 658 de
436 613 603 656 *Christo
650 624 833 658 recevete
871 618 941 657 noi
967 616 1188 657 Christiani
1232 618 1274 657 in
1308 618 1357 657 le‘
1376 624 1512 658 vostre
1539 633 1668 669 nave3

205 677 406 717 materie
432 669 540 711 dalle
567 685 687 712 mane
714 671 765 712 de
790 673 898 712 cani.
959 674 1028 711 Ma
1061 687 1143 712 non
1174 687 1244 714 era
1271 672 1490 727 possibile,
1519 674 1671 728 perche

213 725 254 771 la
280 725 421 767 divina
448 727 602 773 iustitia
630 727 750 767 havia
779 729 823 768 za
850 729 949 768 fatto
983 727 1022 767 la
1042 729 1244 768 sententia
1274 729 1560 780 inrevocabile,
1595 729 1672 769 che

212 781 313 824 tutti,
337 780 500 822 bevesse
529 781 568 822 el
597 781 721 823 calice
740 785 858 838 pieno
889 784 980 824 dela
1010 783 1070 823 ira
1095 784 1146 823 de
1175 784 1255 823 din.
1310 785 1368 824 Et
1394 791 1505 824 certe
1522 815 1535 835 ,
1563 798 1606 824 se
1633 783 1673 823 le

212 849 319 882 nave
344 835 374 877 li
402 836 569 878 havesse
605 839 748 879 voluto
779 839 936 891 levare,
981 853 1064 878 non
1108 839 1330 880 haveriano
1364 839 1549 893 poduto,
1578 853 1673 894 per-

215 891 292 935 che
318 891 372 932 ad
399 906 506 946 pena
534 893 726 934 hebbeno
754 902 891 949 tempo
932 901 973 935 et
995 894 1086 935 loco
1116 894 1170 934 ad
1200 909 1384 949 scampar
1415 896 1450 934 le
1477 909 1550 946 sue
1579 909 1676 949 per-

213 961 330 991 sone.
362 947 418 988 Et
443 961 488 987 se
517 947 544 988 li
566 950 721 989 Tui-chi
750 964 832 990 non
865 950 1086 990 havesseno
1120 951 1266 990 lassato
1296 950 1335 990 le
1364 964 1436 990 sue
1465 951 1569 1004 galie
1595 964 1675 1004 per

215 1002 344 1047 ander
371 1001 424 1042 ad
472 1003 624 1043 robbar
652 1004 693 1044 la
719 1012 857 1055 terra,
896 1005 938 1044 di
967 1005 1104 1044 Latini
1133 1006 1301 1045 nissuno
1328 1007 1431 1045 seria
1460 1013 1677 1059 scampatO.

215 1057 426 1102 Lassando
468 1057 660 1112 adunque
697 1059 727 1099 li
756 1059 914 1100 Turchi
965 1058 1003 1099 le
1031 1073 1102 1099 sue
1131 1059 1261 1114 galie‚
1294 1061 1322 1099 li
1351 1061 1532 1101 Franchi
1560 1075 1678 1100 vera-

216 1120 352 1154 mente
379 1127 457 1168 per
484 1113 621 1168 quella
649 1116 864 1155 occasione
900 1116 1111 1154 usscirono
1132 1114 1197 1155 del
1228 1121 1365 1169 porto.
1421 1115 1472 1156 El
1499 1115 1677 1155 barbaro

137 1201 142 1206 .
217 1168 416 1220 crudele,
459 1168 648 1211 vedendo
687 1170 727 1210 la
765 1170 862 1226 fuga
907 1169 1015 1210 delle
1042 1184 1175 1220 nave,
1203 1170 1254 1210 de
1285 1172 1346 1210 ira
1389 1178 1431 1211 et
1453 1171 1505 1211 de
1533 1170 1679 1211 dolore

217 1225 400 1266 soactiva
424 1222 456 1263 li
495 1224 624 1265 denti.
665 1225 791 1279 quelli
829 1226 882 1266 de
915 1224 1059 1265 Galata
1087 1225 1183 1265 tutti
1213 1240 1290 1265 con
1321 1225 1554 1266 festinantia
1587 1240 1679 1265 cor-

219 1280 366 1322 rivauo
395 1279 450 1320 ali
478 1278 569 1332 liti,
596 1280 860 1334 procurando
885 1281 1037 1321 barche
1065 1295 1140 1334 per
1167 1280 1300 1320 andar
1327 1281 1404 1321 alle
1434 1295 1538 1322 nave
1555 1311 1566 1332 ‚
1597 1281 1680 1321 las-

216 1335 346 1377 sando
385 1335 425 1377 le
459 1335 625 1391 proprie
659 1351 752 1377 case
785 1351 861 1377 con
903 1336 941 1376 le
970 1335 1234 1390 supellectile.
1298 1336 1355 1375 Et
1382 1338 1501 1377 molti
1529 1351 1608 1389 per
1640 1338 1679 1376 la

220 1390 452 1446 improvida
478 1391 711 1432 festinantia
737 1393 949 1432 lassavano
979 1392 1135 1432 andare
1161 1391 1189 1431 li
1211 1392 1269 1431 soi
1297 1391 1449 1432 thesori
1474 1393 1513 1431 al
1534 1392 1676 1432 fondo.
1750 1413 1757 1430 r

219 1448 272 1490 In
297 1444 436 1502 quella
479 1446 589 1488 volta
630 1447 767 1488 arrivb
795 1446 1056 1502 Zaganobei,
1104 1448 1301 1501 messagio
1332 1447 1398 1487 del
1432 1447 1566 1487 ducha
1593 1449 1678 1487 Me-
1694 1462 1760 1498 297

222 1501 443 1552 chemeth,
492 1502 622 1544 molto
649 1510 786 1543 amato
814 1503 882 1543 dal
912 1502 1048 1543 ducha
1077 1517 1151 1558 per
1181 1517 1288 1542 esser
1316 1503 1375 1542 lui
1408 1510 1513 1543 stato
1541 1509 1685 1543 auctor

222 1565 264 1599 et
284 1557 503 1599 'consultor
539 1558 591 1599 de
637 1559 772 1614 quella
821 1573 987 1614 guerra.
1025 1566 1066 1598 et
1113 1557 1342 1598 arrivando
1385 1559 1625 1599 chiamava:
1656 1574 1682 1599 o

221 1613 412 1655 Galatani
433 1643 446 1666 ‚
475 1628 559 1654 non
589 1614 734 1669 fugite,
767 1613 968 1669 giurando
995 1629 1069 1668 per
1098 1613 1137 1654 la
1170 1621 1272 1654 testa
1304 1614 1371 1654 del
1402 1621 1579 1669 tyranno
1607 1613 1686 1655 che

221 1681 310 1711 non
339 1669 523 1710 haveano
554 1669 698 1710 alcuna
728 1685 857 1710 caxon
887 1670 937 1710 de
964 1670 1108 1724 fugire,
1143 1677 1184 1710 et
1212 1670 1287 1710 che
1307 1668 1401 1709 loro
1431 1684 1556 1709 erano
1582 1670 1685 1708 ami-

222 1725 261 1773 ci
289 1723 358 1765 del
384 1739 461 1766 suo
505 1727 670 1780 signor,
716 1733 758 1766 et
804 1725 1075 1766 habitaranno
1107 1726 1144 1765 la
1176 1727 1254 1765 cita
1280 1739 1398 1765 senza
1426 1724 1602 1779 oltragio
1634 1724 1685 1764 de

223 1779 354 1822 homo
383 1779 450 1820 del
479 1781 635 1821 mundo
655 1810 668 1832 ‚
708 1789 751 1821 et
777 1781 970 1835 megliore
1000 1781 1239 1820 conditione
1269 1781 1479 1820 haverauo
1509 1780 1576 1820 dal
1603 1779 1686 1819 du-

224 1834 304 1876 cha
343 1834 419 1876 che
457 1849 542 1876 non
579 1837 763 1876 haveano
806 1836 961 1876 havuto
1000 1835 1362 1890 dul’imperadore3
1403 1842 1445 1875 et
1489 1835 1565 1875 che
1601 1849 1686 1874 non

223 1890 394 1932 havesse
412 1905 511 1931 eura
539 1891 723 1932 d'alcuna
751 1890 856 1931 altra
881 1906 999 1942 cosa,
1030 1891 1201 1930 azoch’el
1231 1890 1367 1930 ducha
1393 1905 1474 1930 non
1503 1905 1545 1930 se
1574 1890 1687 1930 adire

224 1954 373 1988 contro
407 1946 458 1987 de
484 1945 585 1989 loro.
641 1947 723 1987 Per
747 1954 886 2001 queste
913 1947 1054 2000 parole
1082 1947 1134 1986 de
1163 1946 1395 1999 Zaganobei
1426 1947 1438 1985 i
1469 1945 1605 1985 Latini
1635 1945 1688 1985 de

226 2002 400 2052 Galata,
432 2003 459 2042 li
491 2004 601 2058 quali
634 2017 720 2043 non
749 2002 937 2042 hebbeno
981 2001 1150 2041 habilita
1180 2002 1230 2041 da
1260 2002 1440 2055 partire,
1470 2002 1688 2042 rimaseno.

226 2057 256 2098 li
283 2057 380 2099 altri
409 2058 483 2098 ebe
512 2059 664 2099 forono
693 2059 764 2111 pin
790 2057 1000 2098 festinanti
1029 2072 1052 2097 a
1084 2057 1225 2111 fugire,
1257 2056 1385 2110 quelli
1419 2069 1687 2110 scamparono

226 2127 303 2154 con
329 2113 370 2154 le
399 2128 518 2156 nave.
556 2115 584 2154 li
619 2116 758 2154 miseri
787 2113 1013 2168 disgratiati
1052 2112 1127 2152 che
1156 2127 1228 2166 per
1255 2126 1328 2151 sua
1357 2112 1465 2151 mala
1492 2119 1599 2151 sorte
1630 2111 1690 2150 ri-

226 2182 421 2219 masen03
466 2169 570 2210 facto
608 2177 673 2209 tra
722 2169 810 2209 loro
838 2169 876 2209 el
907 2169 1072 2209 dolente
1113 2167 1348 2220 conseglio,
1380 2167 1593 2207 andarono
1623 2166 1689 2206 col

225 2239 302 2266 suo
332 2225 496 2280 podesta
523 2225 593 2266 alli
621 2226 732 2279 piedi
760 2223 830 2265 del
876 2231 1065 2279 tyranno.
1091 2225 1221 2263 cazuti
1251 2223 1294 2262 in
1323 2229 1432 2261 terra
1464 2222 1686 2277 genuflexi,

227 2281 386 2322 orando
411 2288 451 2321 et
476 2281 759 2336 deprecando,
806 2294 848 2320 se
875 2280 1111 2320 renderono
1128 2310 1139 2325 ‚
1172 2277 1450 2332 consignando
1478 2277 1516 2318 le
1545 2278 1690 2317 chiave

229 2336 337 2378 della
369 2344 496 2378 terra.
541 2333 756 2377 'humiliata
802 2337 840 2375 la
875 2336 1065 2388 superbia
1104 2334 1169 2374 del
1209 2333 1438 2381 vincitore‚
1485 2347 1565 2373 con
1593 2333 1691 2372 licto

230 2393 319 2433 viso
342 2400 382 2432 et
409 2392 526 2432 dolce
571 2394 711 2447 parole
743 2393 891 2432 forono
916 2391 1125 2432 licentiati.
1185 2389 1342 2443 Cinque
1369 2402 1474 2428 nave
1504 2388 1656 2443 grande
1676 2414 1690 2438 ‚

232 2447 272 2488 le
303 2448 425 2502 quale
452 2462 580 2488 erano
623 2450 752 2487 uscite
777 2446 842 2486 del
871 2453 996 2501 porto
1015 2476 1028 2498 ,
1058 2458 1175 2499 sopra
1209 2445 1246 2484 le
1274 2443 1394 2498 quale
1422 2458 1547 2484 erano
1573 2458 1691 2483 mon·

232 2504 307 2544 tati
335 2503 362 2543 li
401 2505 563 2556 patroni
593 2503 701 2543 delle
728 2503 831 2542 altre
874 2516 978 2542 nave
1004 2502 1080 2541 che
1107 2514 1231 2541 erano
1260 2514 1441 2551 remase,
1471 2513 1551 2539 con
1578 2499 1693 2539 venti

234 2555 682 2613 secundi'navigavano
714 2572 833 2598 verso
864 2557 993 2600 ltalia.
1023 2556 1074 2596 El
1101 2556 1354 2596 simelmente
1381 2555 1420 2595 le
1447 2554 1551 2609 galie
1579 2568 1696 2608 gros·
1825 2599 1828 2601 Α

39 2656 41 2658 ,
237 2629 280 2655 se
299 2615 352 2654 de
382 2615 608 2654 mercantia
638 2615 864 2653 Venetiane
881 2643 893 2664 ‚
936 2614 1063 2652 uscita
1103 2611 1168 2651 del
1197 2619 1323 2666 porto
1350 2612 1548 2664 navigava
1576 2623 1693 2649 verso
1710 2616 1778 2661 298

14 2665 30 2695 Ἀ
237 2677 421 2723 ponente
441 2700 452 2718 ‚
490 2672 585 2709 tutti
620 2669 844 2722 pianzendo
883 2675 925 2707 et
954 2666 1194 2721 sospirando
1225 2665 1263 2706 lo
1294 2666 1450 2706 excidio
1481 2665 1587 2704 della
1618 2665 1697 2703 citii

18 2699 40 2752 4
238 2725 470 2778 imperiale,
499 2726 536 2765 la
566 2724 687 2778 quale
714 2725 896 2763 haveano
924 2723 1071 2763 lassata
1100 2723 1142 2762 in
1170 2737 1262 2762 man
1291 2721 1342 2763 de
1372 2721 1477 2761 cani.
1510 2721 1558 2759 Li
1588 2720 1698 2759 Tur·

238 2779 305 2820 chi
329 2781 405 2822 che
444 2795 486 2821 se
529 2787 752 2820 trovavano
781 2794 860 2820 con
896 2777 1075 2819 l’armata
1105 2777 1158 2818 da
1181 2791 1319 2829 mare,
1348 2776 1489 2816 intrati
1520 2776 1558 2814 in
1587 2775 1697 2815 Con·
