1916 3210
437 178 649 222 muer
701 179 1039 221 mmmm
1085 177 1338 221 mmmm.
1501 158 1611 233 367

159 285 314 327 rudore
337 291 381 325 et
413 290 505 339 ‘per
529 283 569 324 la
613 289 745 322 matre
772 297 844 322 sua
872 280 1139 332 inmaculata,
1171 281 1248 322 che
1275 294 1360 321 uon
1387 294 1506 320 come
1535 280 1615 320 ini-

90 367 95 370 -
157 343 269 382 mico
307 355 377 380 ma
413 353 531 380 come
566 340 700 378 amico
745 353 810 377 me
849 353 899 379 ve
936 336 1160 382 demostrb.
1217 336 1355 389 Quelli
1381 344 1614 376 veramente

0 371 13 489 ἓ
156 395 390 438 ἀεῐῑιοίῑιὶ
418 409 503 436 non
530 394 741 435 rendendo
783 393 927 433 alcuna
956 393 1035 434 alle
1066 407 1138 434 sue
1168 391 1312 448 parole
1339 392 1614 433 conveniente

157 458 370 506 περσεία,
417 451 507 490 anzi
549 449 642 490 dale
677 464 797 489 mura
835 458 874 489 et
901 449 1143 490 biastimava
1182 456 1223 489 et
1255 448 1501 502 desprezava
1532 462 1608 488 con
1623 457 1667 502 37

0 490 14 584 ξ
155 504 403 548 villanesehe
440 504 586 560 parole
612 505 654 545 la
698 520 773 545 sua
800 505 940 545 donna
970 513 1010 546 et
1039 505 1078 545 la
1106 503 1258 559 figliola
1289 503 1469 551 Helena,
1499 503 1612 544 chia-

153 562 347 604 mundule
384 560 581 604 adultere.
637 559 794 601 Alhora
821 561 1098 601 Cathacusino
1127 574 1266 601 acceso
1299 559 1352 599 da
1378 559 1580 615 desdegno
1598 589 1615 610 ‚

0 601 5 631 P
153 618 246 659 fece
270 632 356 658 una
395 615 595 657 ziravolta
609 647 623 668 ,
673 622 716 658 et
743 630 821 670 per
846 616 1021 656 un'altra
1048 623 1171 670 porta
1199 616 1431 666 contraria,
1465 622 1612 669 aperta

143 672 238 714 dali
269 674 333 714 soi
361 673 507 724 amici,
538 672 651 714 intrb
685 672 771 712 inla
799 672 898 722 cita,
928 671 1176 726 vegnandoli
1203 673 1394 712 incontra
1417 670 1457 710 la
1471 685 1611 726 popu-

153 729 309 770 lai-esca
345 728 613 768 multitudine
651 743 730 768 con
768 727 891 768 laude
921 735 963 768 et
991 728 1302 777 benedictione,
1335 727 1612 767 recevendolo

138 797 272 825 ‘come
319 783 580 839 imperador.
646 785 718 823 Ma
746 782 786 823 la
813 785 1078 837 imperatrice
1104 786 1223 823 Anna
1255 782 1321 822 col
1348 797 1423 823 suo
1456 782 1612 837 figliolo

151 846 196 880 et
223 839 359 880 alcuni
406 840 534 894 pochi
577 839 738 879 homini
771 838 924 879 d'arme
949 840 1097 880 sex-rati
1128 838 1196 879 nel
1222 837 1365 893 palazo
1395 852 1480 878 non
1509 853 1614 878 cou-

151 897 338 948 sentiva,
368 895 574 936 dicendo:
603 896 644 935 io
674 910 780 936 sono
814 895 1029 935 inzuriuta.
1089 894 1226 946 Quelli
1259 894 1310 934 de
1338 894 1431 934 fora
1454 894 1613 935 turbati

151 951 354 992 volevano
394 965 588 1006 rompere
627 958 669 991 et
696 965 773 1004 per
810 950 926 990 forza
976 952 1129 991 intrare
1160 949 1227 990 nel
1256 949 1398 1004 palazo
1429 958 1472 991 et
1499 965 1615 990 corne

150 1007 298 1047 nemici
329 1007 514 1048 robbare
535 1013 648 1046 tutto
679 1006 818 1061 quello
848 1006 923 1046 che
950 1006 1095 1046 dentro
1124 1008 1157 1046 si
1187 1013 1376 1049 trovava.
1436 1009 1507 1047 Ma
1534 1007 1614 1047 Ca-

149 1062 368 1103 thacusino
392 1069 483 1103 non
510 1069 782 1117 permecteva.
840 1061 961 1102 Onde
991 1061 1117 1117 quelli
1145 1061 1198 1101 da
1225 1076 1368 1102 mazor
1393 1064 1454 1102 ira
1482 1063 1613 1102 accesi

149 1117 191 1158 el
211 1118 491 1170 biasstimava,
511 1126 552 1158 et
566 1117 885 1172 improperavali
902 1117 943 1156 la
960 1132 1032 1158 sua
1049 1118 1207 1171 grande
1228 1119 1441 1171 patientia.
1475 1117 1612 1170 Quelli

151 1172 218 1214 del
235 1173 380 1228 palazo
398 1174 621 1214 vedendosi
639 1175 682 1213 in
703 1188 830 1228 grave
845 1173 1031 1227 periculo
1050 1174 1102 1212 de
1119 1187 1225 1213 esser
1243 1175 1384 1225 morti,
1410 1189 1453 1214 se
1472 1174 1613 1214 rende-

149 1243 258 1270 rono
277 1236 320 1270 et
336 1243 538 1283 aperseno
555 1229 594 1269 le
610 1236 734 1283 porte
746 1229 812 1268 del
827 1229 987 1281 palazo.
1016 1229 1089 1268 Nel
1106 1230 1227 1282 quale
1242 1236 1403 1269 entrato
1415 1229 1613 1270 Cathacu-

150 1285 241 1325 sino
271 1287 315 1325 in
347 1285 386 1325 le
411 1286 485 1339 pin
516 1291 678 1325 remote
707 1291 751 1324 et
778 1285 851 1338 pii1
881 1291 1035 1325 secrete
1060 1290 1181 1338 parte
1209 1291 1334 1325 trovo
1364 1284 1405 1324 la
1435 1288 1612 1338 impera-

148 1341 250 1380 trice
292 1342 335 1380 in
375 1354 460 1380 una
503 1354 671 1381 camera
707 1339 849 1379 sedere
875 1339 942 1379 col
990 1354 1066 1379 suo
1092 1339 1277 1393 figliolo‚
1310 1354 1429 1379 senza
1457 1355 1670 1394 pau1·a‚33

148 1396 272 1450 piena
298 1396 350 1436 de
377 1397 438 1436 ira
467 1409 490 1436 e
517 1396 568 1436 de
596 1395 760 1449 sdegno.
830 1396 1001 1435 Zuanne
1029 1395 1309 1435 Catbacusino
1342 1391 1613 1437 humilmente

146 1451 462 1501 accostandosi‚
495 1450 563 1491 col
589 1465 693 1504 capo
716 1451 968 1504 discoperto‚
1002 1450 1120 1490 baxio
1155 1450 1195 1490 la
1223 1465 1347 1491 mano
1378 1452 1430 1491 de
1443 1453 1613 1493 Zuanne

145 1505 402 1562 Palleologo.
470 1506 637 1560 Dapoi‚
676 1507 858 1545 secondo
900 1506 939 1545 la
978 1521 1155 1558 usanza,
1197 1506 1411 1560 genuflexu
1459 1507 1545 1548 fece
1573 1508 1614 1549 la

146 1564 421 1603 conveniente
460 1561 678 1602 riverentia
719 1561 798 1600 alla
838 1569 999 1612 matre,
1052 1562 1237 1601 ambidoi
1266 1562 1541 1604 collaudando
1571 1571 1614 1604 et

144 1618 392 1658 chiamando
437 1617 689 1671 imperadori
729 1616 772 1656 di
801 1617 965 1657 Romei.
1024 1618 1150 1657 Alora
1176 1616 1218 1656 la
1247 1619 1328 1658 cita
1356 1625 1398 1658 et
1427 1626 1537 1659 tutto
1569 1620 1613 1660 lo

145 1674 328 1715 exercito
346 1704 358 1726 ‚
397 1673 663 1726 cognosciuta
696 1671 735 1711 la
761 1673 873 1713 bona
902 1680 942 1712 et
971 1674 1129 1727 grande
1156 1673 1356 1728 patientia
1387 1674 1437 1713 de
1461 1675 1612 1715 Catha-

143 1729 293 1770 cusiuo
320 1743 440 1769 verso
469 1728 499 1768 li
528 1728 592 1768 soi
620 1729 786 1777 nemici‚
813 1728 914 1768 tutti
942 1729 985 1768 lo
1011 1729 1275 1769 benedissero
1306 1737 1347 1769 et
1375 1731 1613 1784 magnifica-

145 1799 268 1828 rono.
324 1785 382 1825 Et
412 1784 466 1824 da
511 1783 644 1824 l'altra
683 1790 804 1836 parte
833 1785 1017 1837 mitigata
1056 1784 1144 1824 l’ira
1168 1785 1258 1824 dela
1290 1786 1542 1838 imperatrice
1571 1795 1612 1827 et

144 1839 320 1880 delinito
348 1839 505 1880 l'hodio
549 1847 590 1879 et
625 1839 780 1878 invidia
820 1839 863 1878 di
892 1840 1092 1888 citadini‚
1141 1841 1305 1880 Zuanni
1339 1841 1609 1882 Cathacusino

144 1895 310 1936 licentii)
365 1895 394 1934 li
430 1894 616 1945 Turchi,
663 1893 850 1934 donatuli
896 1897 1033 1935 avanti
1080 1895 1196 1935 molti
1225 1896 1333 1935 richi
1363 1903 1403 1936 et
1433 1898 1610 1949 pretiosi

144 1951 270 2002 doni,
312 1950 366 1991 ad
395 1950 566 1990 Orchan
601 1963 678 1990 suo
707 1964 860 2003 genero
892 1951 1162 1991 confessando
1194 1952 1354 2005 grande
1385 1952 1610 2006 obligatio-

147 2019 202 2047 ne
246 2021 326 2047 con
365 2006 526 2045 actione
552 2005 604 2045 de
633 2004 794 2044 infinite
835 2008 976 2059 gratie.
1033 2006 1196 2046 Partito
1225 2007 1254 2046 li
1282 2007 1468 2058 Turchi,
1496 2015 1608 2049 tutto

144 2077 187 2103 se
215 2063 333 2103 diede
361 2063 413 2102 ali
442 2060 632 2111 citadini,
666 2075 752 2100 non
787 2062 981 2101 cessando
1010 2075 1089 2101 con
1122 2063 1218 2116 ogni
1247 2063 1385 2102 studio
1417 2063 1467 2102 de
1495 2079 1608 2104 amo-

143 2132 190 2158 rc
213 2125 254 2158 et
285 2117 563 2158 benivolentia
591 2116 715 2171 quelli
743 2116 970 2168 honorare,
1005 2124 1236 2170 pastezare‚
1270 2125 1312 2158 et
1341 2134 1364 2158 a
1390 2119 1484 2158 tutti
1515 2135 1607 2160 mo-

141 2181 292 2214 strarse
320 2175 504 2228 gratioso
549 2178 591 2212 et
635 2171 827 2226 benigno.
887 2172 963 2212 Ala
994 2173 1257 2226 imperatrice
1286 2188 1360 2214 era
1391 2179 1510 2215 tanto
1537 2191 1608 2216 su-

142 2228 281 2270 biecto
323 2236 366 2270 et
395 2228 642 2278 obediente,
683 2235 724 2268 et
763 2242 839 2267 con
886 2236 1003 2268 tanto
1039 2228 1250 2282 piacevole
1296 2237 1336 2269 et
1361 2229 1608 2284 gentilesche
1676 2241 1679 2243 ⁴

143 2287 330 2325 muniere
378 2285 408 2325 li
446 2284 693 2331 attendeva,
735 2283 810 2323 che
854 2283 896 2322 in
937 2285 1060 2324 breve
1087 2286 1220 2340 spatio
1252 2293 1441 2340 rompete
1469 2288 1606 2340 quella

140 2355 214 2381 sua
261 2343 440 2381 ostinata
469 2340 638 2380 durezza
666 2341 826 2379 inverso
857 2339 908 2379 de
936 2340 1020 2391 lui;
1050 2349 1089 2381 et
1115 2355 1193 2380 con
1217 2356 1289 2382 sue
1321 2342 1434 2382 dolze
1470 2349 1512 2382 et
1539 2358 1605 2383 sa-

142 2396 210 2437 vie
240 2396 386 2451 parole
402 2396 441 2436 la
462 2395 616 2435 inclino
647 2410 669 2434 a
705 2403 800 2435 tuor
832 2410 903 2434 sua
932 2395 1086 2449 figiiola
1116 2395 1270 2437 Helena
1297 2412 1371 2453 per
1397 2412 1469 2438 sua
1499 2414 1604 2440 nora

141 2459 186 2493 et
216 2452 412 2507 mogliera
457 2452 508 2491 de
552 2452 722 2491 Zuanne
769 2450 1011 2506 Palleologo
1050 2453 1297 2506 imperador.
1352 2454 1409 2494 Et
1439 2462 1602 2495 mentre

142 2508 182 2548 la
209 2508 442 2548 sollemnith
472 2508 523 2548 de
553 2514 696 2560 questo
725 2507 965 2559 sponsalitio
995 2522 1038 2546 se
1067 2509 1363 2563 apparechiava
1393 2509 1602 2551 celebrare

143 2564 210 2604 nel
235 2565 460 2604 benedecto
502 2565 656 2616 tempio
693 2562 799 2602 della
844 2562 1061 2603 imaculata
1089 2565 1282 2617 genitrice
1309 2565 1601 2607 dell’altissimo

142 2619 239 2671 dio,
268 2620 305 2659 el
352 2619 472 2673 quale
499 2620 522 2658 ὲ
554 2622 594 2657 in
628 2618 902 2670 Blachierna,
945 2618 988 2658 fo
1032 2619 1261 2661 deliberato
1291 2622 1532 2662 continuare
1562 2623 1602 2663 la

142 2674 244 2714 festa
287 2675 392 2715 della
423 2677 696 2715 coronatione
723 2674 1077 2727 dell'imperadore
1117 2684 1156 2715 et
1185 2676 1290 2716 della
1323 2678 1599 2730 imperatrice.

145 2730 202 2769 Et
228 2731 310 2770 cosi
355 2733 499 2770 forono
541 2744 615 2768 con
647 2731 798 2784 grande
841 2731 1059 2783 splendore
1098 2732 1221 2772 laudo
1253 2740 1294 2773 et
1338 2728 1470 2787 gleria
1496 2735 1602 2773 facte

148 2792 290 2839 queste
330 2787 426 2826 feste
455 2786 665 2838 nuptiale,
705 2794 744 2825 et
777 2787 844 2838 poi
873 2786 1021 2827 forono
1051 2791 1239 2829 coronati
1271 2796 1312 2829 et
1342 2791 1597 2843 pronuntiati
