1916 3210
328 154 442 212 526
755 159 1078 221 cimom'coN
1118 176 1304 221 minvs·

325 275 404 316 τοῦ
428 278 536 318 ναοῦ
574 271 759 332 ἥκουσαν
801 280 1075 334 ψαλμωὸάιν,
1120 281 1194 321 καί
1219 276 1330 322 εἶδον
1367 284 1441 324 και
1469 284 1561 339 φῶς
1582 284 1698 340 μέγα
1707 286 1764 328 ἓν

324 342 382 397 τῷ
409 343 514 399 ναῷ,
543 358 612 384 και
640 342 943 398 πλησιάσαντες
982 338 1108 398 εὗρον
1136 343 1214 395 τὰς
1241 344 1378 394 πύλας
1408 347 1669 406 ἄνεωγμένας
1687 349 1767 393 mn

326 405 474 462 φωνὰς
507 408 779 465 ψαλμωδῗας,
809 407 855 450 τὸ
886 408 1074 464 Χριστὸς
1104 410 1272 467 ανέστη.
1326 428 1396 454 και
1421 412 1605 464 ἀκούσας
1633 423 1765 458 ’σπου-

326 472 456 521 ὃαίως
484 470 639 515 ἔδοσαν
669 472 854 527 γνωστὸν
880 476 959 516 τοῦ
988 474 1183 530 α’φεντός,
1211 473 1323 527 ὅστις
1346 473 1478 532 ἦλθεν
1501 482 1766 541 σωματικῶς,

324 538 398 579 καί
437 532 611 579 ἄκουσεν
642 554 714 580 και
752 534 860 582 εἶδεν
884 542 930 582 ἑν
957 539 1199 596 ὄφθαλμοῖς
1213 575 1227 596 ,
1255 545 1456 594 κελεύσας
1483 546 1552 589 ἵνα
1580 545 1803 603 α’ναβυυν5

263 650 266 653 Δ
325 603 387 651 εις
416 601 467 645 τοὶ
496 603 792 658 α’νηχούμενα,
824 604 876 648 νοὶ
907 606 1166 650 σκοπεύσουν
1198 607 1353 663 μήποτε
1380 610 1493 654 ἐστιν
1524 613 1570 664 ἐξ
1600 612 1768 670 ἄνθρω-

323 683 415 710 πων
431 662 458 723 ἢ
485 670 663 711 τοιαῦτα
691 671 853 726 ἐνέργα.
925 670 1000 713 καί
1024 670 1159 721 εὐθὺς
1188 674 1371 725 ἐξέλιπεν
1398 692 1470 719 και
1496 677 1544 720 τό
1574 692 1668 733 φως
1695 676 1773 721 και

320 733 350 789 ἧ
374 732 616 791 ψαλμωὸἵα.
675 751 746 777 και
773 734 902 779 πάλιν
933 733 1137 793 δ’ρμησεν,
1182 739 1251 780 ἵνα
1291 738 1403 798 κόψῃ
1430 740 1530 792 τούς
1559 745 1770 800 Χριστια-

321 799 446 853 νοὺς,
498 801 538 841 εἰ
577 799 636 855 μὴ
677 799 802 844 πάλιν
840 799 862 844 6
892 799 1023 853 αὐτὸς
1062 807 1342 861 Πυριπασιᾶς
1381 807 1598 862 ἀπέκοψεν
1632 824 1766 852 αυτου

320 864 396 921 τήν
425 864 575 921 ὁρμήν.
1785 897 1832 923 10

435 932 512 980 Εἰς
548 932 601 973 τά
634 934 765 993 αφκβ
803 935 958 992 Ἰουλίῳ
1006 936 1158 990 ἐπῆρεν
1187 934 1210 977 6
1238 939 1424 988 Σπανίας
1451 937 1529 994 τήν
1555 941 1598 982 Γ
1593 939 1769 995 ένουβαν

321 990 405 1036 ‹ine›
435 999 644 1051 σπαθίου,
675 1001 748 1042 καί
773 998 926 1053 ἔκοψεν
952 1002 998 1042 ἑν
1024 997 1134 1058 αὐτῇ
1160 1002 1308 1056 ψυχὰς
1333 1001 1387 1045 λε’
1415 1004 1628 1058 χιλιάδας.

429 1063 505 1111 Εἰς
538 1061 588 1104 τοὶ
634 1065 765 1122 αφκγ’
805 1065 1018 1122 α’πεστοίλη
1060 1067 1083 1107 6
1114 1067 1320 1123 Αἰχμάτη
1348 1070 1560 1121 Μπασιᾶς
1583 1067 1666 1112 ὑπὸ
1688 1072 1770 1125 τοῦ

320 1127 482 1183 οἴμιροῧ
510 1129 740 1172 σουλτάνου
768 1132 1039 1188 Σουλαιμάνη
1068 1149 1127 1183 εις
1155 1132 1202 1175 τὸ
1230 1132 1415 1188 Κάερος,
1442 1133 1511 1178 ἵνα
1538 1135 1658 1193 ὅρι’ζῃ
1687 1136 1769 1178 αυ-

318 1191 383 1235 τό.
439 1190 552 1245 ὅστις
593 1194 665 1237 διὰ
697 1195 882 1253 φθόνον,
924 1196 1032 1240 διότι
1072 1198 1214 1255 ἠγάπα
1255 1196 1278 1240 6
1316 1198 1460 1255 ῥηθεις
1507 1197 1675 1258 ἆμιρᾶς
1693 1217 1767 1245 τον
1784 1210 1831 1253 15

320 1264 446 1315 Πραι
489 1262 729 1316 Μπάσιαν,
770 1263 1097 1317 α’νυποστάσετι,
1142 1263 1215 1306 καὶ
1249 1266 1381 1319 ε’γίνεν
1433 1265 1656 1323 α’ντάρτης,
1695 1268 1770 1309 και

317 1323 469 1379 ἔκοψεν
497 1322 618 1375 όλους
647 1323 773 1377 ὅσους
797 1323 919 1384 ευρεν
952 1325 1056 1370 ὅπου
1078 1325 1237 1384 ηθελαν
1265 1329 1314 1372 vo}
1345 1326 1450 1373 εἶναι
1478 1334 1538 1382 εις
1563 1331 1642 1388 τὴν
1669 1333 1769 1374 δου-

317 1389 495 1447 λοσύνην
527 1393 605 1433 τοῦ
634 1391 833 1448 ῥηθέντος
864 1395 1031 1449 α’μιρός.
1063 1394 1102 1436 οἱ
1132 1397 1178 1437 δὲ
1208 1397 1353 1438 οἰκεῖοι
1377 1398 1454 1438 τοῦ
1481 1398 1612 1440 αὐτοῦ
1637 1397 1767 1441 τόπου

317 1452 499 1510 ὕψωσαν
517 1455 592 1500 τὸν
618 1455 804 1512 ῥηθέντα
833 1460 1072 1513 Μποὶσιαν,
1112 1477 1183 1503 και
1212 1462 1413 1516 ἐποίησαν
1438 1461 1564 1505 adfine
1593 1461 1769 1506 σουλτᾰ-

317 1537 410 1574 νον,
447 1515 497 1563 οὗ
525 1519 548 1563 6
579 1521 765 1579 ἀδελφὸς
792 1541 845 1579 ην
868 1523 1221 1581 Φλαμπουριάοις
1251 1541 1312 1575 εις
1339 1524 1412 1569 τὸν
1438 1530 1669 1583 Monoeci-av
1696 1530 1770 1571 καί
1781 1551 1832 1576 20

318 1586 497 1630 ἔστειλεν
541 1586 566 1630 6
612 1588 762 1644 ῥηθεις
801 1589 986 1645 ἆμιράς,
1031 1606 1104 1632 και
1142 1591 1457 1649 ἅπεκεφάλισαν
1485 1591 1614 1635 αὐτὸν
1641 1594 1686 1636 ἐν
1715 1596 1769 1651 τῇ

319 1656 525 1712 Μεθόνῃ·
582 1653 658 1710 τὴν
686 1654 837 1697 ὁποίαν
864 1654 1054 1711 κεφαλήν
1096 1654 1313 1710 ἔκδειραν,
1344 1658 1418 1699 καί
1445 1658 1609 1714 ἐπῆραν
1633 1654 1767 1713 αὖτῆν

190 1725 224 1760 P.
238 1720 379 1769 20581'9
405 1719 484 1776 τήν
515 1720 974 1762 Κωνσταντινούπολιν.
1051 1720 1073 1762 6
1103 1722 1150 1763 δὲ
1177 1719 1324 1777 ῥηθεὶς
1347 1721 1586 1778 Ἀχμάτης,
1614 1722 1641 1764 ὃ.
1665 1740 1766 1766 νεω-

317 1788 386 1830 στί
413 1785 662 1840 σουλτάνος,
693 1784 891 1836 ἑσύναξεν
933 1783 1058 1836 ὅλους
1084 1786 1186 1837 τούς
1208 1788 1430 1842 Ἑβραίους
1457 1787 1557 1838 τοὺς
1583 1787 1657 1830 ὑπ’
1689 1790 1767 1831 αὕ-

316 1943 360 1966 ae
384 1931 560 1977 templum
602 1930 814 1971 venissent,
849 1931 950 1964 iuxta
975 1932 1064 1965 ritus
1102 1942 1185 1965 suos
1213 1931 1312 1977 orgia
1336 1930 1579 1975 celebraturi,
1603 1932 1766 1968 vestibu-

314 1980 393 2013 lum
433 1977 585 2023 ingressi
622 1977 861 2022 psalmodiam
894 1978 1089 2012 audierunt
1130 1978 1326 2026 lumenque
1365 1990 1534 2024 magnum
1567 1980 1606 2013 in
1629 1981 1765 2026 templo

314 2026 504 2068 viderunt3
527 2025 676 2070 propius
702 2023 833 2057 deinde
859 2025 1070 2058 accedentes
1097 2031 1263 2071 patentes
1288 2031 1409 2071 portas
1434 2036 1673 2071 conspexere,
1701 2039 1766 2060 au-

317 2073 539 2118 dieruntque
554 2082 659 2105 voces
691 2072 898 2104 canentium
916 2070 1087 2116 hymnum
1112 2072 1298 2110 „Christus
1336 2073 1564 2106 resurrexit-‘⁴
1592 2073 1692 2119 quod
1719 2073 1766 2107 ad

319 2120 509 2155 Sultanum
533 2123 696 2152 accurate
741 2118 966 2160 retulerunt,
1000 2119 1151 2164 ipseque
1193 2120 1375 2165 ingressus
1417 2119 1556 2153 audivit
1598 2126 1634 2154 et
1673 2120 1766 2154 vidit

318 2167 433 2199 oculis
474 2166 572 2206 suis,
613 2165 792 2210 iussitque
830 2171 872 2198 ut
901 2166 1132 2199 attenderent
1168 2166 1214 2199 ad
1249 2171 1457 2200 resonantes
1497 2166 1587 2199 istos
1614 2173 1765 2208 cantus,

316 2212 659 2258 perpenderemque
685 2223 730 2244 an
754 2211 800 2244 ab
825 2211 981 2245 humana
1011 2223 1094 2247 voce
1120 2212 1323 2246 ederentur.
1348 2224 1432 2246 mox
1458 2224 1539 2246 cum
1561 2213 1765 2258 psalmodia

318 2261 442 2293 lumen
467 2259 609 2292 defecit.
632 2259 836 2303 iterumque
862 2259 1032 2293 Sultanus
1058 2259 1102 2292 de
1129 2260 1342 2293 Christianis
1367 2259 1626 2293 interficiendis
1653 2259 1763 2295 vehe-

319 2307 477 2341 mentius
502 2306 594 2350 agit,
620 2317 640 2338 a
669 2316 741 2351 quo
769 2305 929 2339 violento
958 2306 1110 2339 consilio
1123 2307 1202 2350 Pyri
1227 2308 1333 2340 Bassa
1358 2318 1440 2340 eum
1465 2307 1624 2340 retraxit.

414 2353 540 2386 Mense
573 2332 668 2385 I'ulio
705 2353 868 2385 Genuam
891 2353 925 2387 vi
959 2353 1147 2398 occupavit
1170 2354 1367 2399 Hispaniae
1392 2364 1476 2395 rex,
1501 2353 1762 2400 hominumque

322 2401 469 2445 triginta
493 2400 656 2444 quinque
682 2399 797 2431 millia
823 2399 939 2432 occisa
964 2405 1057 2434 sunt.

415 2445 583 2480 Ahmetes
623 2447 731 2479 Bassa
767 2445 911 2479 Cairum
945 2447 984 2480 in
1028 2447 1207 2491 Aegypt0‚
1252 2450 1294 2479 ut
1334 2445 1554 2492 provinciam
1605 2452 1763 2490 regeret,

322 2503 343 2524 a
377 2492 527 2526 Sultano
571 2493 777 2526 Suleimane
821 2493 950 2526 missus
995 2499 1058 2527 est.
1095 2492 1253 2526 invidiae
1285 2504 1368 2526 vero
1402 2493 1556 2526 stimulis
1587 2493 1626 2525 iu
1649 2491 1763 2525 Abra-

322 2538 469 2572 hamum
502 2541 646 2573 Bassam
684 2540 841 2584 percitus
860 2565 870 2581 ‚
909 2540 1008 2585 quod
1046 2540 1142 2585 apud
1170 2540 1358 2573 Sultauum
1384 2540 1496 2584 gratia
1520 2550 1606 2584 prae
1635 2540 1765 2574 ceteris

322 2586 483 2626 valeret,
523 2598 542 2618 a
575 2586 781 2619 Suleimane
815 2586 938 2620 deficit
974 2593 1010 2620 et
1048 2593 1172 2619 contra
1211 2597 1291 2619 eum
1333 2586 1512 2627 rebellat3
1540 2596 1761 2630 omnesque,

323 2644 414 2677 quos
439 2633 493 2665 illi
514 2632 638 2665 fideles
659 2634 803 2677 reperit,
830 2633 874 2666 de
899 2633 1019 2666 medio
1043 2634 1152 2669 tollit.
1176 2633 1411 2677 provinciales
1426 2631 1633 2666 Achmetem
1657 2633 1762 2666 illum

322 2680 466 2712 Bassam
492 2679 681 2711 sultanum
715 2680 989 2724 proclamarunt.
1020 2680 1126 2713 huius
1164 2681 1274 2712 frater
1310 2680 1349 2712 in
1370 2680 1493 2712 Morea
1516 2679 1760 2719 Flaburiaris‚

322 2726 345 2758 i.
373 2737 401 2759 e.
428 2726 632 2769 SangiacuS‚
659 2732 752 2768 erat3
779 2737 884 2770 quem
900 2726 1095 2760 Methonae
1120 2738 1184 2771 per
1210 2726 1383 2758 satellites
1410 2725 1496 2758 illuc
1520 2726 1645 2759 missos
1671 2726 1759 2758 ami-

324 2784 378 2806 ras
406 2773 523 2818 capite
546 2778 710 2816 truncat3
740 2779 847 2817 caput
872 2774 968 2818 pelle
988 2773 1147 2806 detracta
1160 2773 1299 2818 Cpolim
1327 2778 1564 2817 asportarunt.
1589 2772 1759 2806 Ahmetes
