1916 3210
323 146 436 223 ,418
780 164 962 206 noctua
1009 162 1262 208 msTofflA

319 264 603 319 ondepagare
631 264 658 304 li
691 265 832 304 tributi
861 263 1045 303 annuarii
1074 278 1097 302 a
1123 263 1210 304 loro
1243 266 1415 319 imposti,
1450 267 1596 307 forono
1628 275 1759 312 astrue

318 320 374 359 cti
419 321 470 359 ad
507 319 698 359 mandare
739 319 767 358 li
807 318 940 372 figlioli
971 326 1009 357 et
1048 316 1087 357 16
1131 318 1278 373 figliole
1304 321 1392 360 loro
1418 321 1471 361 ali
1499 323 1650 363 servitii
1675 323 1757 367 deli

317 375 492 428 principi
533 376 674 416 nostri.
737 375 851 412 Tutti
895 373 1017 426 quelli
1057 373 1131 412 che
1174 389 1272 414 sono
1315 375 1434 429 degni
1476 383 1519 416 ct
1547 377 1756 425 excellenti

317 442 507 482 appresso
536 429 564 468 li
595 430 718 468 nostri
744 427 932 481 principi,
963 441 1060 467 sono
1088 430 1176 467 stati
1194 429 1310 469 electi
1342 438 1380 470 et
1411 431 1556 471 cerniti
1584 432 1636 471 de
1660 432 1758 486 ogni

318 491 436 523 zente
461 490 503 523 et
536 484 584 523 de
614 484 707 535 ogni
738 483 974 536 provintia,
1007 489 1048 521 et
1077 484 1245 523 maxima
1275 492 1390 537 parte
1420 485 1469 525 (16
1498 485 1628 539 quelli
1652 485 1755 528 sono

320 540 414 578 stati
441 538 490 576 de
519 539 650 577 infima
687 544 730 577 et
753 544 907 591 agreste
939 540 1225 590 generatione,
1255 539 1407 581 infideli
1437 548 1477 580 et
1496 555 1616 581 senza
1645 541 1757 587 culto

319 593 384 632 (161
417 607 515 632 vero
546 600 585 631 et
613 606 696 631 uno
723 592 817 639 dio,
850 590 887 630 61
917 591 1036 644 quale
1065 592 1100 631 el
1133 592 1331 646 propheta
1361 595 1388 634 li
1418 594 1470 634 113
1497 597 1757 647 annuntiem,

316 647 424 686 siche
452 661 550 686 sono
579 647 647 699 poi
686 645 889 686 deventati
916 646 1024 685 fideli
1063 646 1249 686 honorati
1278 655 1318 688 ct
1343 648 1504 689 exaltati
1535 649 1605 690 3111
1631 649 1754 691 officii

316 702 512 755 dignitate
539 709 579 739 et
618 701 763 755 grandi
783 700 962 750 honori.
1033 701 1093 740 De
1121 701 1160 740 la
1188 702 1307 755 quale
1335 703 1470 744 infima
1496 707 1758 757 generatione

317 755 468 809 grande
496 763 611 808 parte
641 757 680 795 io
712 755 814 795 vedo
859 757 898 794 in
925 762 1065 808 questa
1093 760 1405 810 congregatione
1435 759 1535 798 che'l
1565 761 1647 800 mio
1667 774 1759 801 ser-

318 824 437 849 mone
465 809 640 861 ascolta3
679 818 719 850 et
748 810 788 849 io
829 817 892 849 tra
923 809 1013 849 loro
1042 825 1140 850 sono
1170 825 1264 852 uno.
1321 812 1442 852 Onde
1463 827 1654 854 convene
1682 815 1758 855 che

316 865 385 903 noi
413 878 492 903 non
533 865 800 917 degeneramo
843 872 882 904 et
918 879 1001 904 non
1032 864 1270 904 deventamo
1319 867 1422 920 pigri
1462 869 1513 908 ne
1541 867 1637 919 vili,
1665 871 1756 909 anzi

317 918 413 958 forti
442 921 593 958 strenui
632 928 672 959 et
700 918 859 959 solliciti
905 921 1042 959 siamo.
1099 921 1154 959 Et
1182 920 1418 971 chadauno‚
1450 937 1568 962 come
1594 937 1691 963 vero
1717 931 1758 964 et

240 979 297 1012 131
314 971 493 1024 legitimo
522 974 671 1028 figliolo
701 974 764 1013 del
791 974 947 1027 grande
971 975 1204 1016 Othomano
1225 1005 1236 1027 ,
1264 990 1316 1014 ne
1348 979 1589 1016 exercitamo
1611 978 1761 1019 azochb

313 1042 393 1067 non
422 1028 612 1082 perdamo
638 1029 676 1068 la
702 1036 869 1081 paterna
899 1029 1116 1083 dignitade.
1149 1029 1200 1070 El
1230 1037 1344 1082 patre
1371 1039 1508 1070 nostro
1541 1031 1756 1072 veramen-

312 1089 353 1121 te
382 1089 424 1122 et
455 1084 643 1136 signore,
697 1084 956 1124 beneficiator
1002 1091 1042 1123 et
1071 1084 1192 1124 dator
1222 1085 1356 1138 d'ogni
1386 1086 1516 1136 bene,
1547 1087 1570 1125 ὲ
1595 1087 1757 1135 Mecln’s-¹

311 1137 423 1176 meth
454 1138 541 1185 bei;
579 1145 621 1177 et
646 1138 682 1177 el
729 1153 802 1178 suo
828 1153 1034 1178 successor
1072 1140 1094 1177 ὲ
1127 1139 1162 1178 61
1212 1139 1472 1180 dilectissimo
1515 1148 1555 1180 et
1581 1141 1759 1194 legitimo

309 1192 581 1246 primogenito
621 1208 692 1232 suo
732 1193 855 1246 figliol
883 1196 1015 1232 Morat
1034 1221 1046 1242 ‚
1085 1192 1122 1232 61
1152 1194 1272 1246 quale
1298 1195 1319 1233 ὲ
1349 1209 1482 1235 asceso
1511 1196 1550 1234 in
1579 1194 1619 1234 la
1647 1196 1760 1236 sedin

310 1247 363 1286 de
391 1261 465 1286 suo
502 1255 620 1300 patre
661 1249 700 1286 in
733 1247 772 1286 la
820 1248 973 1300 grande
1002 1249 1133 1286 citade
1164 1249 1215 1287 de
1243 1249 1399 1288 Prusia.
1457 1250 1509 1289 El
1536 1258 1649 1302 patre
1680 1265 1756 1291 suo

309 1308 350 1340 et
378 1302 527 1354 signor⁴
545 1309 685 1341 nostro
717 1302 985 1341 Μ661161116111Κ
1004 1303 1026 1341 ὲ
1053 1309 1209 1354 passato
1237 1303 1287 1343 de
1321 1312 1461 1356 questa
1491 1305 1591 1344 vita.
1621 1312 1662 1344 et
1689 1305 1759 1345 di-.

309 1361 375 1394 cte
405 1363 545 1408 queste
581 1357 718 1409 parole
759 1357 937 1396 exclamo
965 1371 1038 1395 con
1063 1358 1214 1409 grande
1248 1360 1393 1410 spirito
1423 1365 1465 1397 et
1493 1359 1646 1411 pianto,
1701 1359 1758 1399 Et

309 1411 390 1449 cos}
418 1412 512 1450 tutti
541 1411 570 1450 li
599 1411 689 1450 altri
720 1411 845 1450 nobili
873 1418 913 1451 et
942 1411 1142 1450 excellenti
1176 1411 1281 1452 della
1313 1419 1425 1452 corte
1452 1412 1506 1452 ad
1532 1412 1612 1452 alta
1637 1427 1752 1463 voce,

307 1465 416 1504 forte
442 1466 671 1518 pianzcndo
699 1473 739 1504 et
765 1465 1036 1514 lacrimando,
1066 1466 1310 1516 cridavano,
1343 1467 1582 1506 chiamando
1605 1466 1643 1506 el
1670 1481 1747 1507 suo

307 1515 634 1573 mortosignore.
692 1521 869 1559 Paiasith
895 1522 935 1559 in
967 1519 1102 1573 quella
1131 1520 1233 1559 hora
1266 1536 1340 1560 con
1373 1522 1575 1574 lphraim,
1606 1522 1752 1575 grandi

309 1574 535 1625 Visirides,
575 1574 729 1614 tolseno
771 1575 805 1614 el
835 1576 1032 1615 cadavero
1061 1574 1125 1613 del
1153 1575 1285 1614 11116113
1307 1606 1318 1626 ,
1348 1583 1388 1614 et
1415 1575 1609 1628 posonolo
1637 1577 1678 1615 in
1713 1577 1753 1616 13

308 1628 393 1668 sala
420 1628 485 1668 del
513 1630 663 1682 grande
695 1630 850 1682 palazo,
879 1637 919 1669 et
947 1630 1017 1682 poi
1045 1629 1120 1668 che
1147 1629 1330 1669 l’ebheno
1352 1630 1606 1684 longamente
1634 1631 1754 1684 pian-

307 1689 366 1732 to,
397 1684 697 1723 comandarono
725 1684 799 1723 che
828 1685 866 1723 la
894 1686 1042 1723 matina
1064 1693 1261 1737 sequente
1279 1685 1318 1724 10
1338 1687 1512 1724 exercito
1540 1685 1754 1724 116011611-

307 1744 350 1777 te
377 1737 542 1778 dovessc
573 1739 792 1791 precedere
824 1753 943 1778 verso
973 1739 1164 1791 Galipoli.
1237 1739 1284 1777 Li
1315 1739 1489 1793 principi
1530 1747 1570 1778 et
1606 1738 1635 1778 11
1659 1754 1753 1779 ma-

309 1793 420 1845 gnati
450 1794 650 1833 servando
680 1793 850 1832 l'ordine
879 1808 954 1832 con
985 1794 1163 1832 Paiasith
1198 1796 1474 1847 sequitasseno
1513 1793 1551 1832 el
1579 1793 1754 1834 cadave-

309 1861 381 1896 ro,
416 1854 457 1886 et
487 1862 716 1901 passasseno
743 1848 951 1900 Bosphoro
981 1855 1020 1886 et
1046 1847 1324 1901 Hellesponto.
1381 1850 1427 1887 111
1457 1854 1599 1901 questo
1629 1847 1754 1888 modo

308 1901 346 1940 el
394 1898 514 1955 corpo
556 1903 606 1940 de
635 1903 887 1941 Mecbemeth
923 1903 962 1940 fo
1005 1909 1164 1954 portato
1205 1905 1244 1942 in
1274 1904 1443 1950 Prusia,
1476 1911 1515 1942 et
1545 1910 1659 1955 posto
1686 1901 1754 1942 1161

307 1959 458 2009 tempio
487 1957 536 1995 da
562 1971 652 1996 esso
679 1957 880 1997 edificato.
921 1957 1114 2010 111-«11156110
1156 1966 1245 1996 octo
1274 1960 1386 1997 zorni
1415 1959 1754 1997 conmemorando

308 2009 337 2048 li
365 2013 464 2064 gesti
492 2011 554 2050 1161
585 2012 721 2050 (1116113
749 2020 898 2061 morto,
929 2013 1107 2051 secundo
1139 2011 1176 2050 el
1204 2021 1384 2051 costume
1416 2012 1466 2051 de
1491 2011 1627 2065 quella
1655 2016 1754 2064 gen-

306 2072 363 2104 te.
422 2066 541 2118 Dapo
571 2066 608 2106 el
636 2069 775 2120 pianto
796 2069 1024 2106 cominzaro
1052 2066 1279 2119 alegrmse,
1307 2075 1347 2105 et
1378 2067 1646 2120 publicarono
1660 2068 1752 2106 Mo·

235 2126 296 2159 132
310 2126 374 2159 rat
399 2122 601 2178 principo,
631 2136 705 2160 con
735 2121 889 2175 grande
917 2122 1046 2175 gloria
1074 2122 1300 2173 ponendolo
1330 2123 1369 2160 in
1403 2121 1440 2160 la
1477 2122 1586 2161 sedia
1613 2128 1752 2174 pater-

308 2188 371 2212 na.
427 2175 479 2214 El
518 2176 665 2228 quale,
702 2191 815 2215 come
861 2175 897 2214 al
932 2184 1036 2216 stato
1066 2176 1171 2216 della
1198 2191 1268 2216 sua
1294 2176 1504 2215 sublimita'i
1526 2183 1574 2214 'se
1604 2189 1752 2214 conve-

310 2230 417 2277 niva,
450 2229 515 2268 alli
548 2231 718 2283 principi
751 2238 791 2270 et
817 2230 970 2269 subditi
993 2234 1049 2270 soi
1080 2231 1264 2283 dispenso
1295 2231 1408 2270 molti
1437 2230 1535 2269 doni
1565 2228 1750 2269 beneficii

310 2290 350 2321 et
378 2283 496 2322 officii
524 2285 588 2324 del
637 2300 707 2324 suo
737 2287 900 2329 ducato.
957 2285 1155 2325 Dal'altra
1182 2292 1297 2337 parte
1330 2285 1358 2324 li
1390 2284 1541 2324 subditi
1568 2290 1751 2337 promet-

309 2338 410 2376 tenti
442 2339 697 2379 obhedientia
739 2340 777 2380 al
808 2354 881 2380 suo
927 2342 1112 2395 signore,
1144 2341 1241 2379 tutti
1270 2340 1448 2382 secundo
1478 2338 1512 2378 el
1545 2352 1616 2377 suo
1646 2343 1751 2377 stato

310 2400 526 2443 portorono
579 2395 723 2434 tributi
753 2395 895 2448 grandi
923 2403 963 2434 et
990 2395 1125 2448 pizoli.
1180 2396 1236 2434 Za
1268 2395 1469 2447 publicato
1497 2392 1629 2431 ducha
1659 2394 1750 2432 Mo·

310 2453 377 2485 rat
416 2448 607 2487 ordinava
644 2449 673 2487 li
715 2452 773 2489 soi
802 2450 948 2503 legati,
989 2450 1027 2488 31
1059 2451 1257 2488 Can-aman
1298 2455 1339 2488 et
1376 2447 1680 2500 al’imperadore
1706 2445 1749 2485 di

310 2502 427 2540 Greci
456 2503 697 2542 notificando
727 2504 764 2544 13
791 2512 922 2544 morte
956 2504 1007 2543 de
1034 2504 1283 2543 Mechemeth
1327 2510 1366 2542 et
1393 2503 1432 2542 la
1459 2501 1650 2541 electione
1676 2514 1751 2540 sua.

308 2554 346 2592 al
376 2555 548 2595 duchato
592 2566 761 2609 paterno
779 2589 790 2609 ‚
835 2558 1094 2598 rechedendo
1124 2558 1161 2597 la
1189 2558 1488 2597 confirmatione
1517 2555 1620 2594 della
1649 2569 1748 2607 pace

307 2616 345 2648 et
372 2611 544 2649 amicitia
575 2613 748 2652 secundo
778 2614 816 2653 la
845 2629 994 2652 usanza
1023 2613 1117 2652 delli
1148 2614 1240 2652 novi
1270 2612 1462 2666 principi.
1515 2612 1583 2649 Ma
1613 2611 1747 2662 prima

307 2664 521 2704 intendeva
553 2667 732 2706 stabilire
762 2677 799 2707 et
829 2683 1061 2708 assecurare
1091 2668 1128 2706 le
1158 2668 1287 2706 citade
1315 2668 1364 2706 de
1397 2667 1505 2714 Asia,
1541 2664 1615 2702 che
1643 2677 1744 2702 sono

306 2732 421 2760 verso
453 2719 490 2761 el
523 2721 749 2773 Caraman,
776 2725 843 2776 poi
871 2738 946 2776 per
973 2723 1018 2763 lu
1048 2723 1310 2775 Hellesponto
1337 2733 1499 2775 passare
1526 2720 1568 2757 in
1597 2719 1634 2758 la
1663 2719 1745 2759 Ro—
