1916 3210
71 0 91 24 γ

0 0 69 242 ,Γ
443 170 654 250 1TALlCE
693 171 1039 215 mrssnpnss‘m-
1071 170 1327 216 lNCERTO.
1499 155 1614 230 379

0 304 6 327 ,
165 277 381 320 imbuat}-
440 273 640 317 Conducti
667 273 859 330 adunque
885 274 1011 332 quelli
1039 273 1119 316 alla
1145 274 1348 330 presentia
1372 272 1438 315 del
1465 272 1616 328 ducha,

0 349 6 380 ι
159 338 217 377 et-
234 331 335 377 dnta
355 331 449 375 olor
476 331 594 386 eopia
619 329 671 371 de
696 330 883 385 pai-lare,
923 333 1007 372 cosi
1035 331 1212 372 disseno.
1268 330 1321 371 El
1349 329 1501 385 grande
1530 331 1619 371 Can

0 397 9 417 r
164 388 313 431 Demi?
339 398 418 443 per
439 386 482 428 h
519 387 647 428 bocca
674 386 727 426 de
755 387 823 426 noi
848 387 954 429 servi
992 386 1052 428 soi
1078 393 1120 428 te
1146 386 1310 427 notifica
1330 415 1343 439 ,
1375 386 1453 427 che
1482 400 1567 426 non
1594 387 1620 440 e

0 429 8 500 ξ
110 459 116 463 ·
166 443 280 487 licito
297 457 325 484 a
346 449 391 484 te
407 442 523 498 rapir
548 441 587 482 le
615 456 708 482 cose
728 441 858 483 d’altri
884 450 925 483 et
953 457 1028 497 per
1056 442 1188 496 quelle
1213 443 1316 482 farte
1335 456 1437 495 gran
1463 441 1620 497 signor.

0 513 16 553 ξι
162 497 285 541 Bate
308 505 353 540 et
376 499 436 540 oia
465 497 596 541 anche
620 497 703 537 esai
733 511 757 537 a
786 505 828 538 te
847 527 858 547 ,
889 506 1042 552 quanto
1071 498 1141 538 dio
1166 504 1208 538 te
1236 497 1290 537 ha
1321 497 1435 550 dato,
1464 505 1506 538 et
1546 497 1623 538 che

0 553 12 631 ξ
161 560 212 596 ω
228 553 307 595 ,hai
319 566 437 608 prem
453 553 561 594 delle
577 567 699 593 mane
714 553 810 594 delli
827 553 1009 594 infedeli.
1038 553 1185 605 Quelle
1202 554 1419 607 provintie,
1440 551 1478 593 le
1499 553 1622 608 quale

6 624 10 633 ¹
132 635 137 640 ,
162 608 377 652 find-nodo
402 609 454 651 de
483 607 659 650 lach-one
686 607 768 648 dali
798 608 891 648 altri
920 610 1043 650 duchi
1071 609 1139 648 hai
1165 608 1280 659 tosto,
1308 608 1463 649 rendile
1491 608 1623 648 indie-

0 648 10 706 1
160 668 257 716 tro,
275 663 436 708 nzoehb
477 663 530 705 da
576 665 644 704 dio
675 663 771 704 habi
798 664 838 704 la
864 665 1149 706 benedictione
1178 671 1220 704 et
1247 663 1345 704 dalli
1373 664 1468 704 altri
1499 663 1623 704 duchi

0 709 9 747 ⁵
158 717 301 771 hudo,
327 719 490 761 honore
513 719 936 761 etcommendatione.
963 722 1018 774 Et
1042 735 1086 760 se
1114 734 1195 759 non
1222 719 1340 760 vorai
1368 719 1430 759 far
1458 726 1623 773 questo,

159 774 331 817 ‹io-seth
360 789 439 816 con
465 775 535 815 dio
562 775 823 815 vendicatore
849 775 900 815 de
928 775 1052 831 quelli
1073 775 1150 815 che
1177 782 1221 814 tu
1249 775 1319 814 hai
1349 774 1501 828 expulsi
1529 775 1624 815 dala

159 843 240 872 sua
266 830 417 884 patria.
474 830 556 871 Per
584 838 726 885 queste
753 838 792 870 et
829 830 932 872 altre
961 845 1052 872 cose
1081 837 1244 885 exposte
1270 830 1450 870 Paiasith
1478 833 1531 869 da
1562 829 1623 870 ira

158 898 301 926 -mosso
332 885 533 926 comendo
567 886 642 925 che
691 885 720 925 li
749 887 849 926 fosse
877 901 965 927 rase
1002 887 1042 926 le
1066 886 1219 936 barbe,
1249 894 1288 925 et
1318 885 1624 939 desprezandoli

163 941 255 981 cosi
281 940 311 981 li
337 955 516 995 respose.
575 941 738 981 Andate
768 956 791 982 e
816 942 946 982 dicete
972 942 1011 982 al
1039 949 1180 982 vostro
1206 943 1344 995 signor
1362 940 1465 980 ch’el
1494 955 1624 995 vegna

200 1003 338 1047 resto,
378 997 487 1037 ch'io
522 995 566 1036 lu
601 1002 780 1050 aspecto,
856 998 912 1038 Et
939 1011 1057 1052 possa
1104 1011 1211 1037 esser
1239 997 1368 1036 diviso
1401 995 1519 1036 dala
1551 1010 1625 1036 sua

163 1010 350 1106 legitima
401 1053 618 1106 mogliera,
661 1051 732 1092 s'el
778 1066 864 1092 non
900 1054 1034 1097 verra.
1105 1053 1258 1104 Queste
1283 1060 1324 1092 et
1352 1051 1460 1091 altre
1487 1051 1626 1105 parole

164 1119 272 1147 vane
301 1106 509 1148 habiando
536 1107 643 1147 dicte
662 1121 783 1147 verso
812 1109 960 1162 quelli,
997 1121 1275 1161 convergogna
1308 1107 1486 1146 indietro
1514 1107 1542 1146 li
1569 1107 1628 1146 ri-

163 1161 332 1206 mando,
387 1163 474 1203 Pur
501 1162 807 1203 nientedimeno
845 1164 1086 1216 ripensando
1115 1162 1297 1202 Paiasrth
1326 1163 1364 1202 le
1395 1163 1532 1215 parole
1559 1162 1625 1201 di-

166 1222 259 1267 cte,
291 1230 377 1258 non
421 1218 532 1259 facea
577 1232 679 1272 poco
706 1219 824 1258 stima
863 1219 915 1258 de
943 1219 983 1258 la
1010 1218 1257 1258 ambaxiaria
1284 1218 1335 1258 de
1361 1219 1517 1261 Demir.
1573 1218 1629 1257 Et

163 1271 316 1326 perche
340 1272 478 1315 l’anno
505 1275 646 1313 avanti
672 1272 802 1313 havea
827 1273 1042 1327 subiugato
1068 1279 1175 1313 tutta
1202 1273 1242 1312 la
1270 1273 1455 1312 Sevastia
1483 1272 1535 1312 de
1549 1271 1628 1312 Ca-

166 1326 359 1382 padocia,
388 1327 585 1368 condusse
613 1334 722 1368 tutto
750 1329 788 1368 el
823 1342 898 1368 suo
928 1331 1103 1368 exercito
1131 1342 1249 1368 verso
1276 1329 1314 1367 le
1342 1335 1456 1382 parte
1485 1327 1536 1367 de
1561 1341 1629 1367 so-

194 1396 264 1431 ra,
309 1390 352 1423 et
386 1383 587 1436 passando
627 1381 669 1423 la
701 1383 858 1437 grande
887 1385 1097 1437 Armenya
1135 1383 1254 1423 entro
1282 1384 1325 1422 in
1364 1382 1403 1422 la
1433 1390 1547 1422 terra
1577 1383 1629 1423 de

163 1397 471 1492 gurchopersi,
520 1445 562 1479 et
589 1452 705 1492 prese
735 1453 818 1478 una
845 1439 925 1479 cita
956 1439 1158 1478 chiamata
1189 1439 1394 1491 Arsigan3
1422 1438 1530 1478 onde
1557 1440 1626 1492 poi

164 1492 367 1547 pertendo
409 1493 536 1533 torno
570 1495 615 1533 in
655 1494 822 1534 Prusia.
878 1495 934 1534 Et
963 1494 1015 1535 de
1055 1495 1085 1535 h
1114 1495 1313 1549 passando
1341 1494 1378 1533 el
1406 1493 1549 1533 canale
1576 1494 1627 1534 de
1640 1502 1686 1548 59

162 1547 369 1602 Galipoli,
417 1562 550 1589 venne
577 1548 629 1589 ad
659 1549 947 1603 Andrinopoli.
1005 1549 1130 1590 Onde
1158 1549 1305 1590 nuntio
1336 1549 1628 1602 al'imperador

166 1603 338 1644 zuanne
379 1611 523 1659 queste
567 1604 855 1645 sustantievole
881 1604 1039 1659 parole.
1098 1608 1145 1646 Io
1175 1605 1230 1644 ho
1258 1612 1397 1645 cazato
1426 1606 1629 1645 Emanuel

165 1658 425 1713 imperadore
450 1659 502 1700 de
533 1659 908 1713 Constantinopoli,
954 1668 994 1701 et
1025 1667 1173 1715 questo
1202 1661 1258 1700 ho
1287 1661 1393 1700 facto
1421 1674 1494 1714 per
1524 1662 1628 1713 mio,

162 1720 253 1755 *non
295 1728 372 1768 per
409 1715 719 1755 tuoxbenefitio.
777 1715 921 1763 siche,
954 1730 998 1757 se
1023 1723 1073 1755 tu
1101 1715 1186 1755 voli
1215 1730 1324 1756 esser
1353 1716 1436 1755 mio
1466 1718 1598 1756 amico
1617 1747 1629 1766 ,

166 1770 317 1823 partite
341 1769 436 1814 dela
462 1770 565 1819 cita,
613 1778 654 1811 et
682 1770 815 1811 daroti
842 1770 978 1825 quella
1005 1771 1210 1824 provintia
1237 1771 1312 1811 che
1342 1778 1386 1810 tu
1417 1772 1546 1814 vorai.
1575 1772 1631 1811 Et

166 1838 213 1864 se
235 1824 486 1867 altramente
516 1825 615 1864 farai
631 1856 643 1876 ,
691 1826 852 1866 chiamo
880 1826 949 1866 dio
980 1841 1052 1880 per
1077 1827 1310 1866 testimonio
1338 1833 1378 1865 et
1407 1827 1446 1866 le
1475 1826 1630 1880 grande

168 1879 373 1933 propheta
396 1885 564 1927 nostro,
594 1881 669 1920 che
697 1896 777 1920 con
806 1882 903 1920 tutti
932 1881 961 1921 li
993 1883 1051 1921 toi
1077 1887 1120 1921 te
1149 1881 1397 1934 desperderb
1427 1896 1548 1921 senza
1568 1881 1631 1921 al-

167 1949 276 1974 cuna
311 1934 604 1975 misericordia.
645 1935 781 1987 Quelli
812 1935 920 1976 della
949 1937 1070 1986 eiua,
1099 1935 1130 1975 li
1160 1936 1272 1991 quali
1302 1936 1486 1976 haveano
1513 1944 1631 1989 posta

166 1988 208 2029 la
235 2004 309 2030 sua
346 2004 536 2044 speranza
565 1992 607 2029 in
645 1990 865 2030 l'altissimo
893 1991 961 2031 dio
1005 1998 1048 2032 et
1074 1991 1306 2044 proveduto
1333 1991 1373 2030 al
1402 1992 1550 2045 popolo
1578 1993 1630 2032 de

167 2045 387 2096 victualia,
431 2046 642 2100 resposino
682 2060 707 2085 a
749 2046 1028 2086 l’ambaxador
1064 2047 1129 2086 del
1157 2053 1366 2100 tyranno:
1398 2054 1563 2086 tornate
1589 2047 1629 2087 al

169 2107 313 2144 vostro
357 2101 529 2154 Signor,
567 2107 608 2140 et
643 2101 779 2141 dicate
808 2116 833 2141 a
864 2100 922 2140 lui
952 2102 1027 2142 che
1054 2101 1094 2141 la
1124 2101 1248 2142 bonta
1268 2102 1320 2142 de
1350 2101 1418 2141 dio
1447 2102 1630 2143 salvator

166 2163 306 2196 nostro
337 2171 390 2196 ne
420 2156 474 2196 ha
498 2155 643 2196 salvati
671 2156 778 2196 nelle
807 2164 943 2196 nostre
970 2157 1247 2208 necessitade‚
1276 2163 1316 2196 et
1339 2157 1422 2197 cosi
1447 2172 1630 2212 speremo
1689 2164 1692 2168 '

116 2224 118 2228 ’
163 2209 347 2253 liberarii
385 2211 414 2251 li
459 2211 572 2253 servi
613 2212 675 2251 soi
713 2211 821 2251 dalle
858 2226 977 2252 mane
1015 2212 1056 2252 di
1083 2212 1144 2252 soi
1174 2213 1338 2252 nemici.
1395 2213 1452 2253 Et
1477 2227 1520 2253 se
1551 2228 1630 2268 pur

163 2267 268 2310 ,vora
304 2267 499 2307 exercitai-
537 2266 577 2307 le
625 2281 698 2307 sue
725 2267 833 2307 forze
861 2275 1004 2308 contra
1032 2268 1085 2308 de
1113 2269 1207 2317 noi,
1240 2282 1316 2307 con
1346 2268 1546 2309 l’aiutorio
1576 2269 1629 2309 <le

164 2320 264 2372 dio,
294 2322 333 2363 el
359 2322 456 2377 qual
487 2322 718 2376 constringe
749 2324 787 2362 le
815 2325 998 2376 potentie
1025 2323 1067 2362 di
1094 2331 1112 2363 t
1142 2323 1279 2374 muni,
1308 2338 1360 2364 ne
1387 2324 1627 2365 defendere-

163 2389 247 2419 mo.
314 2378 365 2417 In
406 2377 533 2432 quelli
575 2380 692 2418 zorni
730 2392 909 2418 vennero
955 2392 1061 2418 nove
1099 2338 1192 2418 (1316
1239 2387 1355 2434 parte
1398 2380 1450 2419 de
1496 2380 1626 2420 Ama-

165 2431 251 2480 sin,
281 2446 397 2472 oome
425 2433 570 2473 Demir
597 2448 835 2487 campezava
858 2441 1008 2474 contra
1037 2433 1076 2474 la
1104 2435 1237 2479 Soria.
1293 2435 1474 2475 Paiasith
1504 2435 1629 2475 aldite

165 2486 226 2527 tal
253 2488 440 2540 novelle,
468 2489 603 2529 subito
634 2490 759 2529 torno
792 2490 831 2528 in
863 2490 1008 2529 Bursia
1027 2519 1039 2538 ‚
1071 2498 1111 2531 et
1137 2490 1226 2533 fece,
1250 2491 1432 2543 chiamar
1457 2498 1562 2531 tutte
1589 2491 1628 2531 le

223 2544 350 2583 tentie
376 2543 469 2585 dela
497 2545 656 2585 Natolia
687 2552 726 2584 et
761 2544 853 2584 dela
881 2545 1096 2585 Romania.
1153 2546 1296 2586 Demir
1324 2546 1528 2600 passando
1553 2561 1628 2599 per

166 2555 416 2648 ffirmenia,
449 2613 526 2640 con
555 2602 659 2640 iusta
686 2614 832 2653 guerra
860 2614 978 2654 prese
1006 2600 1047 2640 lo
1076 2601 1278 2655 Arsigan3
1308 2610 1349 2642 et
1373 2603 1467 2642 tutti
1497 2601 1626 2656 quelli

166 2650 221 2693 de
248 2652 454 2704 Paiasith,
495 2655 571 2695 che
612 2656 759 2695 forono
799 2656 948 2695 trovati
989 2656 1030 2695 in
1061 2656 1195 2711 quella
1226 2658 1332 2708 cita,
1375 2672 1451 2711 per
1478 2658 1547 2696 filo
1574 2657 1627 2697 de

167 2707 294 2760 spada
312 2709 469 2750 ·forono
495 2710 647 2765 tagliati
675 2718 716 2750 et
742 2713 879 2751 morti.
935 2712 1069 2765 Dapoi
1097 2714 1309 2767 vegnando
1337 2713 1391 2753 ad
1421 2714 1622 2761 &evasa-a,

169 2762 340 2805 essendo
377 2764 416 2806 la
459 2773 570 2807 terra
598 2765 776 2820 grande,
818 2767 986 2807 intorno
1017 2766 1057 2807 la
1083 2768 1309 2824 circund63
1334 2770 1402 2824 poi
1432 2769 1517 2817 fece
1547 2767 1624 2808 do-
