1890 3204
578 179 653 221 An
690 176 809 222 CAP.
836 178 983 222 xxm.
1003 178 1221 222 NOTAE.
1308 232 1310 234 v
1530 160 1632 218 581

256 302 257 305 =
302 279 482 336 P.'⁴129‚
510 276 570 335 9.'
610 279 711 334 Cap.
732 281 800 320 23.
859 280 934 320 καί
957 275 1030 320 διὰ
1058 277 1336 333 ταχύδρόμοῡ
1365 280 1500 338 τινός]
1531 283 1643 322 Cur...

190 349 265 376 sor
293 337 374 376 -iiie
410 342 499 376 erat
525 334 689 390 primus
716 337 937 390 Cesnegh,
977 335 1019 376 id
1047 343 1107 376 est
1133 342 1445 391 praegustator,
1477 338 1644 379 nomine

183 390 320 432 'Elvan
338 412 354 422 ·
366 391 504 446 begus.

299 446 354 488 P.
390 447 478 496 130,
515 445 577 487 16.
651 445 924 494 συλλέξαντες
963 445 1010 486 ἑκ
1037 444 1184 486 πασῶν
1207 445 1291 486 τῶν
1317 445 1489 502 γενεῶν]
1546 448 1646 488 Μο-

192 507 303 542 rates
329 501 483 556 primus
510 500 679 541 nomine
705 501 826 540 huius
853 500 1022 540 militiae
1043 502 1354 542 Genitzerorum
1381 516 1430 543 ex
1460 503 1647 543 nationi-

187 554 267 597 bus
295 557 456 598 cunctis
498 555 770 597 collectorum
808 563 956 596 auctor
984 555 1085 607 fuit,
1120 557 1294 611 sapienti
1325 557 1516 622 equidem
1544 572 1647 612 pru-

186 611 382 667 dentique
402 611 571 653 consilio
599 625 709 651 usus.
738 611 1003 651 inexhaustus
1038 611 1150 652 enim
1178 611 1330 652 fundus
1358 612 1426 654 ille
1466 613 1646 654 militum

185 673 270 718 est,
300 668 372 723 qui
399 681 425 707 a
448 666 565 707 nullo
590 673 758 721 praeter
798 667 1024 721 principem
1101 668 1350 710 raemiorum
1384 682 1459 722 spe
1493 668 1646 723 depen-

187 721 289 762 dent
307 752 321 774 ,
360 723 478 763 cuins
502 737 589 763 non
618 721 752 762 solum
781 722 983 777 mancipia
1011 737 1055 763 se
1108 725 1231 764 etiam
1263 721 1419 764 alumni
1444 738 1492 764 ac
1518 724 1647 766 veluti

186 775 260 818 filii
286 784 398 822 sunt.

265 871 267 874 ,
301 833 354 877 Ρ.
391 833 486 884 15¹,
522 845 586 876 n.
643 829 874 886 Παγιαζῆτ
906 829 987 873 σύν
1015 831 1074 889 τῷ
1100 831 1289 887 Ἰπραιζιι]
1347 834 1479 874 Primi
1509 834 1647 875 Veziri

187 886 364 930 cadaver
390 887 577 929 defuncti
607 889 871 942 imperatoris
907 895 1093 943 gestant,
1128 888 1334 929 Romanos
1361 890 1508 930 imitati
1531 903 1648 931 sena-

186 949 324 995 tores,¹
351 946 423 999 qui
451 944 570 983 funus
600 944 774 998 Augusti
804 944 986 983 humeris
1013 944 1275 995 extulerunt3
1304 945 1369 984 vel
1398 944 1646 996 consulares,

185 1001 258 1052 qni
285 1012 454 1051 urnam,
485 1013 566 1053 qua
593 1000 735 1040 Severi
765 1000 922 1039 cineres
947 999 1123 1039 Romam
1145 999 1302 1053 portati
1325 1008 1435 1050 sunt,
1465 1000 1649 1042 humeris

186 1060 422 1109 gestarunt,
450 1061 497 1094 ut
524 1061 643 1095 notat
673 1054 937 1095 Herodianus
964 1055 1030 1094 lib.
1061 1054 1089 1104 4
1122 1055 1216 1097 hist.
1246 1062 1339 1108 post
1364 1057 1566 1099 Marcum.

301 1108 354 1155 Ρ.
386 1109 476 1160 152,
507 1124 547 1166 7.
604 1104 903 1161 Παλαιολόγον
915 1108 1163 1164 Λαχυνήν]
1197 1110 1308 1150 Infra
1337 1124 1428 1166 pag.
1449 1125 1521 1151 102
1553 1113 1648 1152 Λα-

183 1162 338 1217 χανάν,
367 1171 416 1204 ut
441 1164 509 1204 alii
537 1165 682 1214 etiam,
716 1165 905 1219 appellat.

305 1219 359 1260 P.
396 1219 486 1273 154,
519 1234 558 1276 7.
624 1217 729 1272 πρὸς
766 1218 1012 1275 Χαζαρίαν]
1083 1220 1379 1261 Constantinus
1406 1220 1650 1276 Porphyre-

187 1274 349 1327 genitus
375 1274 446 1315 lib.
475 1274 526 1315 de
554 1275 706 1323 admin.
733 1275 892 1329 imperii
922 1290 1011 1329 cap.
1035 1276 1058 1317 5
1092 1275 1369 1316 Chazarorum
1399 1278 1651 1319 mentionem

187 1330 320 1382 facit3
348 1332 418 1384 qui
446 1331 591 1385 populi
620 1338 716 1372 sunt
741 1331 794 1371 ad
820 1331 991 1371 Boream
1022 1332 1130 1370 ultra
1157 1339 1335 1384 pontum
1359 1332 1564 1372 Euxinum
1595 1332 1652 1372 si-

185 1385 219 1425 ti
250 1392 293 1427 et
321 1385 618 1441 Borysthenem
646 1386 876 1427 accolentes
894 1415 908 1437 ‚
947 1386 1339 1441 Chen-sonorumque
1386 1388 1520 1427 vicini.
1549 1389 1652 1428 Bul-

215 1441 278 1481 ari
322 1454 443 1481 oram
479 1441 663 1481 Danubii
703 1441 924 1481 australem
970 1442 1208 1491 accoluere,
1247 1444 1381 1495 ripam
1423 1445 1652 1496 oppositam

186 1455 428 1537 {minimae
464 1510 536 1537 seu
565 1497 853 1547 Patzinacitae‚
882 1510 986 1551 quae
1016 1497 1140 1536 hodie
1169 1498 1358 1551 regiones
1390 1511 1414 1536 a
1435 1497 1650 1550 Valachis,

187 1551 392 1592 Moldavis
412 1558 452 1592 et
467 1551 637 1592 Podolis
659 1558 926 1605 occupantur.
959 1566 1102 1592 versus
1129 1552 1427 1607 Borysthenem
1455 1560 1497 1593 et
1524 1555 1651 1594 Bore-

187 1620 255 1647 am
286 1607 566 1662 sequebantur
604 1608 696 1647 Uzii
725 1608 895 1647 Chazari
943 1615 983 1647 et
1010 1607 1144 1647 Alani.
1178 1608 1319 1647 eodem
1354 1608 1426 1647 lib.
1452 1623 1488 1648 c.
1518 1609 1568 1663 37
1601 1610 1653 1649 de

182 1661 452 1703 'Patzinacitis
490 1662 672 1717 loquitur
716 1663 1023 1703 Constantinus.
1064 1667 1220 1702 κεῖνται
1253 1663 1353 1715 παρ’
1393 1661 1532 1703 αὐτοῦ
1558 1665 1652 1706 Δα-

187 1714 382 1770 νάπρεως
425 1718 620 1768 ποταμοῦ
660 1715 767 1770 πρὸς
808 1714 863 1757 τά
912 1714 1250 1768 ἀνατολικώτερα
1291 1717 1366 1757 καί
1404 1717 1651 1771 βορειότεροι

188 1772 300 1824 μέρη
349 1773 719 1823 ἑναποβλέποντα,
760 1767 862 1824 πρός
909 1786 955 1812 τε
991 1766 1154 1819 Οὖζιάν
1199 1768 1274 1811 καί
1315 1772 1546 1824 Χαζαράιν
1577 1774 1652 1814 καὶ

184 1823 397 1866 Ἀλανιάν
426 1827 501 1866 καί
527 1824 605 1878 τὴν
625 1824 837 1878 Χερσῶνα
863 1824 937 1866 καὶ
961 1823 1010 1866 τά
1034 1824 1159 1866 λοιποὶ
1178 1827 1374 1876 uidua-ca.
1403 1828 1466 1867 ad
1493 1828 1651 1868 Dana-

183 1883 276 1938 pn's
306 1895 375 1921 seu
402 1882 662 1935 Borysthenis
689 1885 828 1936 ripam
859 1883 989 1921 iacent
1018 1882 1306 1921 Patzinacicae
1325 1911 1337 1930 ,
1371 1883 1433 1921 ad
1458 1892 1588 1922 ortum
1615 1893 1654 1923 et

188 1937 389 1986 Boream,
424 1937 574 1978 Uziam
591 1967 603 1988 ‚
636 1937 883 1978 chazariam
924 1947 963 1976 et
988 1937 1183 1975 Alaniam
1212 1944 1251 1976 et
1280 1937 1516 1977 Cleemonem
1542 1937 1653 1977 alia-

188 2006 267 2047 que
305 1992 481 2032 climata
530 1993 802 2047 respicientes.
850 1992 923 2032 hos
956 1991 1230 2032 Patzinacitas
1272 1992 1369 2031 Uzii
1409 2000 1449 2032 et
1482 1992 1653 2033 Chazari

190 2047 355 2088 sedibus
376 2049 618 2102 expulerunt
641 2048 841 2101 antiquis;
874 2046 1014 2101 illique
1030 2047 1103 2086 has
1127 2055 1391 2100 occuparunt.
1413 2048 1541 2101 pulsis
1571 2048 1652 2088 ita—

190 2116 273 2156 que
305 2103 567 2144 Patzinacitis
616 2103 831 2157 probabile
877 2109 940 2142 est
986 2101 1109 2142 Uzios
1149 2110 1190 2142 et
1230 2103 1431 2142 Chazaros
1457 2116 1503 2142 ea
1532 2103 1652 2144 simul

190 2171 411 2211 occupasse
438 2158 526 2199 loca
545 2189 558 2208 ‚
590 2166 630 2198 et
656 2165 814 2212 partem
840 2157 951 2197 illam
982 2158 1115 2197 Ponto
1145 2158 1308 2198 Euxino
1339 2160 1535 2212 ostiisque
1566 2160 1652 2198 Da-

189 2213 308 2254 nubii
353 2215 530 2254 vicinam
574 2214 812 2254 Chazariam
852 2214 904 2253 ab
952 2212 1029 2252 illis
1065 2213 1226 2266 populis
1262 2214 1505 2267 appeliatum
1553 2229 1651 2255 esse.

190 2268 312 2309 aliter
340 2278 453 2310 certe
477 2277 666 2310 constare
692 2284 775 2309 non
807 2275 943 2322 potest
959 2268 1070 2322 quod
1086 2269 1219 2308 Ducas
1241 2269 1390 2309 scribit.
1413 2276 1513 2309 tunc
1543 2276 1650 2310 tem-

189 2326 303 2380 poris
339 2325 451 2365 enim
478 2328 705 2379 imperante
728 2324 911 2365 Iohanne
945 2323 1047 2364 nihil
1075 2323 1182 2363 ultra
1209 2323 1430 2364 Thraciam
1453 2355 1464 2373 ‚
1498 2326 1652 2365 nedum

189 2380 371 2420 Aemum
401 2388 582 2421 montem
613 2387 685 2420 aut
712 2379 974 2430 Danubium,
1004 2378 1210 2432 Cpolitani
1240 2379 1509 2434 imperatores
1534 2388 1651 2421 tene-

190 2434 320 2486 bant3
362 2437 420 2475 ita
463 2444 508 2475 ut
536 2436 682 2475 vicinia
722 2435 908 2475 locorum
928 2465 940 2484 ‚
970 2435 1121 2488 quibus
1155 2435 1386 2489 imperabat
1414 2438 1651 2476 Constanti-

190 2504 266 2530 nus
284 2491 550 2546 Palaeoiogus
580 2491 709 2544 accipi
739 2498 912 2544 nequeat
940 2490 991 2529 dc
1018 2490 1234 2530 Chazariae
1261 2492 1452 2546 antiquae
1471 2493 1651 2545 regione,

191 2546 263 2585 sed
302 2547 354 2586 de
399 2548 474 2586 ista
513 2546 848 2599 quam'Chazari
905 2546 1030 2599 pulsis
1070 2546 1329 2586 Patzinacitis
1366 2554 1650 2601 occuparunt3

192 2615 297 2654 quae
325 2603 460 2642 Ponto
492 2603 655 2641 Euxino
701 2602 886 2641 adiacens
917 2609 956 2641 et
986 2601 1165 2641 Danubii
1192 2602 1304 2642 ostiis
1336 2603 1468 2642 vicina
1495 2604 1652 2655 aliqua-

191 2662 312 2697 tenus
345 2657 425 2696 dici
456 2665 590 2711 potest
626 2657 898 2696 Mcseinbriae
939 2656 1195 2710 aliorumque
1234 2665 1461 2697 castrorum
1504 2657 1652 2696 Euxini

192 2725 290 2751 orae
307 2713 535 2752 'thracicae
555 2713 856 2766 impositorum.
890 2712 941 2752 de
961 2713 1149 2752 Chazaris
1169 2713 1404 2753 Chersonac
1434 2729 1504 2752 scu
1523 2713 1651 2751 Cher-

195 2780 335 2808 soneso
362 2769 563 2809 Tauricae
604 2769 751 2809 vicinis
789 2768 1039 2810 mentionem
1078 2768 1233 2809 faciunt
1263 2769 1410 2823 Georg.
1441 2768 1653 2809 cedrenus

1661 1230 1696 1265 P.
1712 1231 1783 1276 245
