1884 3216
330 172 435 242 144
671 191 852 236 DUCAE
889 189 1172 235 monimus
1207 192 1430 236 NEPOTIS
1478 217 1480 219 ·

276 301 281 306 ’
324 293 469 349 κύριον
496 292 627 336 αῦτὸν
658 295 850 347 σέβονται
877 292 1041 346 πάντες,
1068 295 1142 335 καί
1165 292 1292 343 αὐτὸς
1320 293 1377 343 ὥς
1405 295 1581 346 οἰκείους
1606 294 1766 348 αὕεσΰς

321 355 414 413 ἄγει
431 357 535 400 ἔνθα
561 358 634 401 καί
657 356 867 413 βούλεται,
895 354 1125 408 δεικνύντες
1145 360 1205 408 εἷς
1233 358 1361 401 αὐτὸν
1401 355 1538 415 ἄκραν
1575 353 1764 417 duumvir

303 426 398 467 .και“
437 425 728 467 ταπει’νωσιν.”
800 422 892 465 τότε
930 420 952 464 ὃ
992 422 1221 479 Παγιαζῆτ
1260 425 1490 480 προθύμως
1523 424 1570 468 τὸ
1610 428 1762 483 λεχθὲν

302 489 527 543 ,ιῖκούσας,
554 488 626 531 καί
658 488 763 542 μετὰ
786 489 971 543 σπουδῆς
997 490 1161 544 πολλῆς,
1189 488 1246 540 ὥς
1269 486 1369 544 εἶχε,
1393 488 1467 532 τόν
1482 488 1766 548 πορθμὸντῆς

321 555 608 610 ,Προποντίδος
633 555 708 596 τοῦ
739 552 856 609 ἱεροῦ
879 555 1048 606 στομίου
1090 554 1359 608 καταλαβών,
1386 555 1460 598 καί
1484 554 1559 611 τὴν
1583 557 1803 612 περαίανό

321 618 473 673 διαβὰς
501 617 579 661 σὺν
608 624 693 668 τοῖς
720 619 1036 673 παρατυχοῦσιν
1055 619 1315 675 εὖαρίθμοις,
1347 620 1418 663 ἐπὶ
1436 623 1560 665 δυσίν
1586 621 1765 678 ἡμέραις

320 684 395 741 τὴν
422 682 768 741 Ἀδριανούπολιν
796 682 1062 739 καταλαβών,
1090 685 1212 728 κάκεῖ·
1233 685 1501 742 συναγηοχώς
1530 685 1762 744 παμπλήθη

274 750 492 805 Βστρατὸν
526 748 623 809 (καί
655 750 736 806 γάρ
755 782 768 802 ,
811 748 868 799 ὥς
908 748 1156 806 εἰρήκαμεν,
1203 751 1410 808 ἐμβριθὴς
1448 749 1500 809 ἦν
1527 748 1549 795 ὅ
1578 753 1684 811 α’νῆρ
1715 756 1763 798 ἐν

302 823 403 866 ,τοῖς
430 818 559 869 πᾶσι,
588 817 661 856 καί
686 812 836 864 πάντες
867 813 973 871 πρὸς
999 815 1128 859 αὐτὸν
1154 816 1459 874 ἐκαραδόκουν)
1485 818 1566 862 καί
1583 824 1764 876 κοινολο-

322 881 554 938 γησάμενος
585 879 664 923 οὖν
694 885 779 930 τοῖς
807 879 991 937 ἄρχουσι
1018 883 1102 924 τῶν
1129 884 1319 924 δυτικαῖν
1335 886 1490 937 μερῶν,
1517 883 1589 928 καί
1604 884 1763 935 πίστεις
1781 909 1828 935 10

315 949 418 1004 παρ’
444 947 586 989 αὐτῶν
614 946 754 1001 λαβών
787 946 851 997 ὥς·
872 947 946 989 οὐκ
977 947 1351 1003 α’ποστατήσουσιν,
1377 943 1475 992 οῦτε
1502 949 1580 1006 τήν
1607 954 1763 1006 τυχοῦ-

313 1023 394 1055 ’σαν
426 1012 585 1070 ὑποστῇ
623 1011 804 1068 βλάβην,
847 1011 953 1056 α’λλά
982 1013 1180 1067 γενναίως
1219 1015 1507 1057 οἴντισταθῶσι·
1531 1018 1592 1074 τῷ
1618 1017 1763 1074 ἐχθρῷ

312 1080 387 1120 καί
411 1080 554 1120 τοῦτον
580 1079 686 1120 θεοῦ
711 1080 1007 1134 συνεργοῦντος
1029 1078 1197 1136 νικητὴν
1226 1075 1500 1134 ἇναδειξωσι,
1529 1083 1660 1125 ταῦτα
1690 1082 1764 1126 καὶ

312 1144 366 1187 τὰ
383 1144 544 1194 τούτοις
567 1140 689 1196 ὅμοια
709 1147 909 1196 λέξαντες,
932 1142 1060 1196 ἔξεισι
1081 1143 1187 1199 μετὰ
1208 1147 1427 1199 δυνάμεως
1452 1145 1660 1204 πλείστης.
1688 1149 1764 1191 καί

313 1208 365 1266 δὴ
397 1208 472 1265 τήν
497 1211 542 1252 έν
567 1208 821 1268 Χερρονήσῳ
852 1212 1065 1266 φέρουσαν
1094 1209 1191 1252 ὄδόν
1211 1211 1488 1266 εὕθυδρόμως
1514 1209 1755 1269 ἀρξάμενοι,
1778 1222 1825 1264 15

311 1274 574 1330 ταχυδρόμοι
612 1277 722 1325 τινὲς
746 1270 855 1330 ἦσαν
883 1279 1221 1333 προπεμφθέντες
1261 1279 1357 1332 παρ’
1387 1276 1570 1331 ἐκείνου,
1603 1280 1678 1322 καὶ
1702 1277 1754 1336 δὴ

312 1341 609 1392 ἐπανελθόντες
638 1342 883 1396 ἀγγέλλουσι
909 1343 964 1401 τῷ
992 1342 1218 1397 Παγιαζήτ
1246 1342 1305 1392 ὥς
1333 1341 1357 1384 ὅ
1377 1345 1651 1401 Μουσταφᾶς
1678 1361 1758 1399 με-

268 1459 270 1461 ’
309 1405 363 1450 τὰ
407 1405 624 1460 δυνάμεως
660 1409 854 1462 πλείστης
895 1407 1063 1462 α’πάρας
1100 1409 1182 1450 τῶν
1210 1409 1372 1462 ἐκεῖσε,
1400 1411 1475 1450 καί
1503 1412 1759 1466 περαιωθείς

211 1473 387 1529 Ρ,8ιτῆν
412 1472 561 1516 νεωστὶ
586 1471 700 1527 παρὰ
729 1474 812 1515 τῶν
835 1474 1031 1529 Τούρκων
1058 1476 1391 1528 μεγαλυνθεῖσαν
1416 1473 1559 1531 κώμην
1590 1477 1664 1518 καί
1691 1476 1752 1526 εἷς

309 1536 643 1594 πολυάνθρωπον
685 1541 952 1581 τελεσθεῖσαν
973 1570 986 1592 ,
1023 1536 1114 1593 ἥτις
1151 1539 1311 1595 μεγάλη
1353 1539 1511 1596 Καρύα
1541 1541 1822 1597 κέκληται,ςω

304 1604 426 1661 ἐγγύς
450 1619 531 1646 που
576 1606 636 1661 τῷ
661 1601 810 1662 κὰμπῳ
840 1607 913 1659 τῆς
938 1603 1164 1660 Ἀδριανοῦ
1193 1607 1251 1663 τῷ
1278 1607 1393 1660 πρωῒ
1412 1607 1555 1659 μέλλει
1603 1622 1756 1649 κατου-

303 1673 463 1714 νεῦσαι.
522 1670 656 1712 ταῦτα
693 1669 930 1718 ένωτισθείς
973 1667 993 1710 ὅ
1031 1668 1286 1726 Παγιαζήτ,
1317 1673 1390 1712 καί
1414 1673 1542 1724 μέσον
1568 1671 1756 1727 θράσους

306 1739 376 1780 καί
403 1738 561 1784 δειλίας
596 1733 977 1798 τρυτανευόμενος,
1019 1733 1147 1787 ἔξεισι
1184 1738 1258 1791 τῆς
1296 1736 1518 1792 Ἀδριανοῦ
1545 1735 1652 1790 μετὰ
1681 1738 1755 1779 καί

402 1871 452 1895 ιι.
480 1856 580 1907 οὔτε]
609 1856 695 1894 οὔτε
722 1854 792 1892 κᾶν
805 1856 1017 1891 Bullialdus.

305 1972 407 2012 vult,
433 1983 506 2004 non
541 1982 642 2004 secus
682 1981 788 2016 quam
822 1971 973 2003 famulos
999 1982 1082 2004 suos
1113 1971 1236 2012 ducit,
1261 1971 1576 2017 obsequentesque
1603 1972 1750 2006 omnino

306 2016 575 2063 submissosque
600 2017 744 2051 habet.“
772 2017 861 2050 haec
885 2017 1042 2050 libenter
1079 2018 1218 2052 audivit
1242 2018 1413 2052 Baiazites
1428 2044 1437 2059 ‚
1464 2024 1501 2052 et
1523 2030 1630 2064 quam
1654 2019 1750 2052 cele-

306 2066 393 2098 riter
417 2066 556 2110 potuit,
583 2065 630 2097 ad
657 2065 786 2098 fretum
813 2065 902 2097 sacri
928 2065 1012 2097 ostii
1028 2065 1255 2110 Propontidis
1282 2066 1456 2110 pervenit,
1481 2076 1632 2111 cumque
1659 2077 1749 2110 pau—

305 2113 377 2152 cis,
403 2113 465 2158 qui
487 2112 578 2145 forte
603 2111 775 2152 aderant,
799 2110 978 2144 militibus
1021 2112 1058 2144 in
1088 2112 1332 2146 continentem
1357 2112 1564 2145 ulteriorem
1586 2112 1747 2155 traiecit3

309 2158 496 2203 biduoque
530 2158 803 2204 Adrianopolim
840 2158 1032 2199 accedens,
1057 2159 1215 2191 validum
1241 2159 1435 2192 exercitum
1459 2158 1535 2191 illic
1559 2159 1746 2192 contraxit.

305 2206 344 2238 in
368 2206 534 2238 omnibus
559 2206 674 2247 enim,
700 2210 743 2238 ut
765 2204 1020 2250 praediximus,
1046 2206 1100 2238 vir
1123 2205 1186 2238 ille
1211 2216 1292 2238 acer
1314 2216 1354 2238 ac
1377 2210 1561 2250 promptus
1588 2211 1675 2246 erat,
1700 2205 1746 2237 ab

303 2252 543 2297 omnibusque
581 2251 848 2286 observabatur.
881 2252 1149 2285 communicatis
1183 2251 1315 2285 deinde
1352 2251 1510 2286 consiliis
1555 2262 1634 2284 cum
1662 2263 1745 2296 pro-

302 2298 498 2331 vinciarum
517 2299 803 2333 Occidentalium
827 2298 1038 2339 rectoribus,
1065 2304 1283 2332 sacramento
1309 2309 1370 2331 eos
1393 2298 1524 2342 adegit,
1548 2309 1746 2343 nunquam,

304 2345 446 2378 etiamsi
471 2346 609 2379 cladem
633 2345 889 2391 quoquomodo
916 2346 1112 2391 acciperet,
1142 2345 1364 2385 defecturos,
1395 2344 1457 2378 sed
1481 2344 1624 2378 fortiter
1646 2344 1743 2378 hosti

303 2392 490 2424 restitutos
506 2418 515 2433 ,
543 2399 580 2426 et
605 2393 778 2426 victorem
804 2392 920 2437 ipsum
946 2392 1013 2425 deo
1038 2393 1183 2426 iuvante
1207 2394 1402 2425 effecturos.
1431 2390 1487 2423 his
1511 2396 1620 2436 atque
1644 2391 1743 2424 simi-

301 2437 398 2471 libus
423 2439 518 2471 inter
543 2451 603 2472 eos
628 2440 736 2479 actis,
760 2445 1031 2484 praepotentem
1061 2439 1255 2472 exercitum
1279 2437 1403 2471 eduxit
1426 2437 1618 2471 Baiazites:
1644 2449 1742 2471 cum-

302 2494 373 2529 que
398 2485 491 2517 viam
519 2497 612 2530 quae
638 2492 733 2519 recta
757 2487 795 2518 in
822 2486 1080 2519 Chersonesum
1118 2485 1218 2518 ducit
1241 2485 1415 2528 ingressus
1441 2490 1552 2524 esset,
1577 2484 1740 2529 specula-

300 2536 397 2563 tores
424 2531 469 2563 ab
504 2542 546 2564 eo
572 2533 758 2576 praemissi
794 2534 1006 2566 festinanter
1039 2532 1207 2572 redeunt,
1245 2530 1486 2574 nuntiantque
1509 2529 1737 2575 Mustapham

301 2588 381 2609 cum
407 2577 544 2621 ingenti
569 2581 726 2613 exercitu
742 2606 750 2620 ‚
785 2580 919 2612 relictis
946 2579 1033 2612 locis
1058 2579 1130 2612 illis
1145 2605 1154 2619 ,
1177 2584 1430 2620 transgressum
1458 2588 1534 2610 esse
1556 2577 1656 2610 iuxta
1683 2578 1736 2610 vi-

301 2635 380 2656 cum
417 2635 437 2656 a
469 2625 595 2657 Turcis
635 2637 749 2670 nuper
789 2632 988 2659 extructum
1024 2625 1279 2668 hominumque
1316 2623 1519 2667 frequentia
1558 2623 1735 2656 celebrem

298 2670 443 2715 (Magna
478 2671 588 2714 Carya
628 2673 657 2704 is
694 2674 877 2719 vocatur),
909 2673 1084 2718 postridie
1118 2681 1201 2703 vero
1234 2675 1563 2703 castrametaturum
1590 2670 1628 2703 in
1653 2681 1735 2713 agro

298 2716 593 2762 Adi-iunopoleos.
631 2718 699 2751 hoc
735 2720 863 2752 nuntio
902 2725 1046 2764 accepto
1071 2717 1242 2750 Baiazites
1268 2727 1458 2760 suspensus
1484 2717 1615 2757 animi,
1641 2717 1735 2748 inter

301 2763 485 2797 audaciam
512 2770 548 2797 et
571 2770 705 2799 metum
743 2777 891 2811 anceps,
918 2763 1153 2810 Adrianopoli
1182 2762 1385 2807 egreditur,
1411 2763 1602 2810 copiasque
1627 2773 1733 2806 supra
