1916 3210
306 140 418 210 402
630 182 633 186 ι
781 158 966 204 υυοΑΕ
1000 158 1261 204 msa-omli

311 260 410 301 dato
431 289 444 312 ,
474 274 516 301 se
556 259 718 301 accostb
763 259 841 300 alla
866 260 957 300 riva
986 259 1053 301 del
1085 261 1258 302 zardino
1275 291 1289 314 ‚
1316 267 1361 304 et
1387 269 1576 307 rezevuta
1605 259 1647 312 la
1674 263 1754 312 ἰπὶ(-
1823 267 1826 270 ’

304 316 510 370 peratrice
556 317 598 356 in
629 315 670 356 la
715 315 824 355 fusta
862 329 941 354 con
968 315 1119 368 grande
1159 317 1315 358 honore
1338 317 1380 359 fo
1410 326 1571 360 menate
1596 318 1755 366 al’altrn

306 371 458 417 banda,
529 371 644 410 Tutti
689 370 815 424 quelli
861 370 912 409 de
941 371 1084 411 Galata
1120 371 1159 412 le
1183 387 1364 414 vennero
1393 375 1584 415 incontra
1612 388 1697 419 con
1723 373 1757 417 li

306 425 435 466 debiti
475 425 627 466 honori
655 432 697 465 et
725 424 993 465 inclinatione
1033 427 1215 468 secundo
1245 428 1284 469 el
1313 429 1439 470 modo
1465 429 1757 474 servientum.

234 520 236 523 ,
305 489 421 521 sueto
462 479 541 520 alla
582 480 854 534 imperatrice.
934 480 1070 532 Quelli
1108 482 1211 522 della
1245 483 1325 523 cita
1352 499 1437 525 non
1469 485 1655 527 haveano
1681 498 1758 530 aa?

309 550 407 576 cora
434 535 560 575 inteso
587 536 626 575 lu
657 536 782 574 tacita
808 535 959 588 partita
988 536 1038 575 de
1076 537 1113 576 13
1142 539 1414 591 imperatrice.
1470 541 1540 581 Ma
1566 539 1607 581 13
1626 539 1757 580 'mati-

306 606 359 630 na
389 606 411 630 a
435 590 529 644 quel
560 605 686 629 zorno
730 598 919 644 seguente
948 591 978 630 li
1008 591 1134 631 nobili
1168 593 1234 633 del
1260 594 1452 648 palazzo,
1493 609 1572 635 con
1601 594 1758 649 grande

305 645 494 685 molestia
537 653 577 685 et
626 645 884 698 displicentia
921 648 1165 688 sostenendo
1195 647 1234 688 13
1273 649 1420 690 iniuria
1457 658 1497 691 et
1523 649 1756 704 victuperio

307 707 501 740 rezevuto
533 699 584 739 da
612 700 739 754 quelli
765 701 816 739 de
845 701 1016 752 Galata,
1046 716 1088 742 se
1115 705 1496 756 apparecchiavano
1529 705 1758 746 discurrere

306 763 347 794 et
375 762 562 808 guastare
611 754 639 793 li
668 755 812 809 bon-ghi
852 756 903 795 de
932 756 1091 800 Galata.
1159 760 1227 798 Ma
1255 761 1459 800 Emanuel
1496 761 1757 814 imper-adore

303 824 389 848 non
419 810 687 862 permettiva‚
721 810 877 850 benche
909 826 932 851 a
962 813 1128 852 Zuanne
1151 827 1225 853 suo
1252 814 1408 869 figliolo
1434 822 1550 869 grata
1584 816 1689 856 fosse
1715 815 1758 855 la

302 864 453 917 partita
480 865 586 904 della
612 864 887 919 imperatrice.
935 867 983 905 In
1014 867 1109 921 quel
1138 876 1275 922 tempo
1307 885 1349 911 se
1378 877 1551 911 trovava
1579 870 1621 911 in
1653 884 1756 924 por-

301 927 346 958 to
390 934 471 958 una
511 934 613 960 nave
657 922 709 961 de
738 923 914 961 Zenuesi
957 923 1082 962 molto
1130 925 1313 976 grande,
1353 925 1644 980 apparechiata
1681 938 1758 979 pel·

302 973 452 1014 andare
482 975 520 1013 in
550 975 696 1027 Italia3
729 977 770 1015 in
799 975 836 1016 la
859 976 978 1030 quale
1003 976 1043 1017 la
1067 978 1325 1032 imperatrice
1351 976 1512 1021 m'ontb‘
1526 995 1607 1021 con
1634 993 1758 1037 gran·-

302 1030 353 1069 de
389 1029 545 1082 gloria,
588 1038 630 1070 et
667 1031 838 1084 splieate
873 1032 911 1071 18
941 1032 1029 1072 ν818
1071 1047 1113 1072 se
1151 1048 1203 1074 ne
1231 1049 1363 1075 venne
1395 1049 1516 1076 verso
1545 1036 1758 1085 Ponente,

301 1084 493 1124 havendo
528 1085 755 1127 solamente
795 1088 1049 1141 guadagnato
1082 1089 1121 1128 la
1150 1103 1303 1130 corona
1332 1091 1438 1131 colla
1465 1090 1586 1154 quale
1614 1090 1657 1131 fo
1680 1100 1759 1130 'co-

304 1147 467 1183 ronata.
525 1140 676 1181 Soleva
701 1157 835 1195 spesse
862 1144 975 1183 volte
1003 1143 1069 1182 dir
1095 1144 1231 1197 quella
1252 1146 1552 1199 sapientissima
1579 1145 1761 1199 impera-

227 1212 289 1236 102
305 1196 432 1234 trice:
463 1195 576 1234 haste
602 1211 626 1235 a
655 1193 891 1251 mequesta
920 1212 1076 1238 corona
1102 1198 1142 1238 in
1170 1200 1479 1242 testimonianza
1515 1198 1620 1241 ch’io
1646 1212 1753 1240 sono

305 1249 570 1303 imperatrice
604 1251 656 1290 de
687 1252 829 1292 Greci:
879 1253 919 1292 di
948 1252 1095 1306 grandi
1134 1254 1290 1294 thesori
1329 1255 1439 1297 dello
1479 1255 1658 1310 imperio
1689 1269 1759 1296 ω-

303 1305 410 1344 duco
441 1305 533 1344 altri
558 1305 682 1345 habia
709 1306 749 1346 la
779 1322 893 1346 cura.
924 1309 1058 1348 Zonta
1074 1307 1128 1347 ali
1147 1311 1300 1350 confini
1331 1311 1397 1350 del
1425 1312 1690 1351 marchesano
1707 1309 1761 1350 de

301 1359 553 1408 Monferato,
572 1368 611 1400 et
626 1361 810 1401 havendo
833 1362 962 1402 inteso
980 1363 1019 1402 13
1039 1377 1112 1402 sua
1131 1373 1283 1404 venata
1302 1365 1331 1404 li
1349 1366 1558 1406 excellenti
1574 1365 1639 1406 del
1657 1379 1760 1404 mar·

303 1413 508 1466 chasano,
533 1416 599 1455 eol
626 1416 749 1455 fratel
765 1417 977 1457 Marchese
1003 1418 1162 1458 ussiron
1193 1419 1296 1459 della
1327 1420 1460 1460 eitade
1488 1427 1530 1460 et
1547 1419 1759 1460 andarono

302 1470 494 1509 incontro
529 1471 591 1509 ala
630 1470 916 1523 imperatrice3
958 1472 998 1511 la
1025 1474 1144 1526 quale
1174 1473 1540 1516 honorevolmente
1568 1481 1759 1528 accepta-

302 1531 358 1575 ta,
388 1539 464 1564 con
494 1525 651 1578 grande
677 1526 904 1579 frequentia
935 1527 985 1567 de
1022 1528 1265 1568 nobilissimi
1289 1531 1482 1570 cavalieri
1513 1531 1555 1571 fo
1586 1544 1758 1570 accom-

303 1588 481 1633 pugnata
508 1581 587 1619 fine
609 1580 672 1620 ale
703 1581 809 1621 scale
848 1582 914 1622 del
940 1582 1080 1635 palazo
1108 1591 1297 1637 paterno.
1355 1587 1425 1625 Ma
1458 1586 1498 1625 13
1527 1584 1760 1640 imperatri-

305 1649 352 1674 ce
382 1635 648 1675 rinuntiando
697 1636 774 1675 alle
803 1651 894 1676 cose
920 1637 984 1676 del
1020 1639 1174 1678 mundo
1202 1654 1245 1679 se
1274 1642 1396 1681 elesse
1425 1655 1500 1694 per
1526 1655 1598 1680 sua
1625 1639 1760 1689 abita-

303 1689 416 1730 tione
453 1705 537 1730 uno
588 1690 630 1730 di
671 1692 911 1731 monastici-i
950 1692 1054 1731 della
1082 1693 1216 1732 citade
1233 1723 1246 1744 ‚
1274 1697 1341 1736 nel
1373 1697 1493 1749 quale
1518 1697 1623 1736 visse
1649 1701 1759 1734 tutta

305 1743 346 1784 la
378 1760 450 1785 sua
492 1746 602 1795 vita,
650 1746 881 1786 dedicando
923 1760 948 1786 a
987 1750 1075 1788 Iesu
1101 1749 1265 1788 Christo
1311 1753 1349 1791 13
1377 1766 1450 1790 sua
1481 1749 1759 1805 verginitade,

304 1800 504 1854 megliore
535 1814 657 1854 sposo
687 1801 761 1840 che
788 1801 882 1854 quel
900 1801 987 1842 ¹che
1021 1802 1148 1842 havea
1178 1804 1338 1847 lassato.
1396 1806 1585 1845 Tornata
1613 1803 1653 1844 13
1681 1805 1760 1844 im-

303 1856 510 1908 peratrice
542 1855 584 1894 in
614 1857 652 1895 13
674 1855 807 1908 patria
835 1871 910 1896 sua
943 1857 1104 1896 Zuanni
1134 1858 1393 1911 imperadore
1414 1860 1563 1899 mando
1591 1860 1642 1899 ad
1658 1860 1758 1900 Ale..

305 1910 372 1949 xio
423 1910 620 1961 Comino,
665 1910 902 1964 imperador
942 1912 993 1951 de
1020 1913 1310 1966 Trapesonda,
1356 1931 1378 1955 a
1419 1914 1646 1955 domandar
1684 1929 1759 1956 sua

305 1964 458 2018 figliola
488 1979 557 2018 per
587 1980 659 2005 sua
690 1966 864 2019 legitima
896 1966 1117 2020 mogliera;
1148 1969 1182 2007 la
1214 1970 1332 2022 quale
1359 1985 1436 2023 per
1461 1972 1499 2009 la
1527 1984 1600 2009 sua
1627 1969 1758 2010 hone-

306 2028 366 2059 sta
405 2028 444 2059 et
481 2021 586 2060 bella
626 2022 758 2060 forma
795 2023 978 2075 piazuta,
1027 2030 1066 2061 et
1095 2031 1303 2063 contracto
1330 2025 1366 2064 el
1396 2024 1680 2075 matrimonio,
1711 2025 1756 2065 fo

306 2083 472 2115 menata
501 2090 523 2115 3
554 2076 921 2131 Constantinopoli.
999 2077 1049 2117 El
1078 2078 1311 2131 patriarcha
1340 2080 1485 2133 loseph
1512 2079 1692 2120 secundo
1720 2081 1758 2120 el

307 2130 395 2169 ritu
423 2130 635 2183 imperiale
666 2139 707 2171 et
732 2131 769 2171 le
809 2147 920 2172 sacre
953 2130 1035 2171 leze
1079 2134 1380 2174 matrimoniale
1409 2136 1542 2189 quella
1572 2135 1758 2175 donzella

308 2199 382 2237 per
414 2186 558 2238 parole
589 2186 640 2225 de
666 2188 827 2240 parenti
859 2188 922 2227 col
937 2201 1010 2227 suo
1030 2202 1153 2240 sposo
1173 2189 1502 2229 sollemnemente
1529 2203 1757 2242 conzonse3

309 2247 348 2278 et
375 2241 448 2292 poi
480 2240 682 2281 chiamata
709 2242 749 2280 fo
775 2242 815 2281 di
846 2243 969 2283 Greci
1010 2241 1279 2296 imperatrice.
1335 2245 1542 2284 Celebrate
1570 2243 1609 2284 le
1636 2258 1757 2295 noze,

308 2295 349 2333 lo
380 2295 613 2347 imperador
652 2297 851 2337 Emanuel
892 2298 1003 2351 parti
1045 2298 1096 2337 da
1123 2297 1483 2352 Constantinopoli
1520 2314 1597 2339 con
1629 2299 1758 2339 molte

310 2349 413 2402 galie
430 2379 440 2397 ‚
470 2357 508 2389 et
535 2351 643 2390 ando
670 2359 810 2392 contra
838 2352 874 2392 el
903 2353 1090 2406 principe
1118 2353 1169 2393 de
1201 2354 1238 2392 la
1267 2354 1448 2404 Achaia3
1479 2355 1515 2394 el
1543 2355 1662 2407 quale
1688 2369 1757 2393 ex-

309 2411 490 2456 pugnato
521 2420 601 2445 con
641 2408 729 2446 suoi
765 2408 902 2460 nepoti
926 2415 965 2447 et
993 2409 1085 2447 altri
1113 2407 1372 2448 descendenti
1398 2408 1449 2448 de
1476 2424 1564 2449 casa
1593 2410 1644 2448 de
1673 2409 1756 2448 Na-

309 2471 432 2505 vara,
461 2462 567 2512 presi
597 2462 718 2500 meni)
749 2477 771 2501 a
801 2458 1177 2516 Constantinopoli,
1216 2462 1400 2503 lassando
1429 2464 1651 2503 Theodoro
1680 2477 1756 2502 suo

311 2514 494 2553 secundo
525 2516 677 2568 figliolo
709 2517 873 2570 dispoto
905 2518 954 2556 de
984 2524 1094 2557 tutto
1124 2518 1160 2557 el
1180 2519 1451 2572 Peloponeso.
1478 2520 1531 2558 Et
1559 2518 1759 2571 passando

310 2582 386 2621 per
417 2568 595 2621 Galipoli
625 2568 795 2611 scontro
825 2573 1104 2620 Mechemeffl,
1137 2572 1173 2612 el
1200 2575 1318 2626 quale
1345 2574 1534 2614 havendo
1564 2579 1759 2613 inosti-ato

310 2622 377 2662 alo
406 2623 660 2675 imperadore
695 2627 845 2678 grande
876 2642 1015 2666 amore
1044 2636 1083 2667 et
1117 2628 1206 2666 fede
1226 2658 1237 2678 ,
1265 2628 1538 2681 alegramentc
1567 2628 1685 2667 entri)
1713 2629 1755 2667 in

311 2674 351 2716 la
381 2677 485 2732 galia
509 2679 795 2733 imperatoria,
827 2683 1046 2721 assedendo
1076 2683 1387 2722 familiarmente
1416 2683 1494 2722 alla
1522 2697 1593 2722 soa
1616 2681 1756 2722 tavola

230 2731 380 2777 nosnel
415 2733 581 2774 convito
628 2735 861 2789 imperiale5
893 2744 934 2776 et
963 2737 1014 2777 da
1055 2751 1141 2778 esso
1169 2738 1424 2791 imperadore
1450 2744 1490 2778 et
1518 2739 1570 2777 (13
1598 2737 1699 2778 tutti
1725 2737 1754 2777 li
