1916 3210
244 1033 307 1068 281

319 142 438 212 480
619 160 621 163 ·
778 160 963 203 DUCAE
1010 159 1265 203 nis'romA

316 277 394 303 suo
423 260 625 317 conseglio
658 260 722 301 313
741 260 936 300 horribile
960 266 1154 315 proposta
1181 260 1264 302 cosi
1299 275 1475 316 respose.
1530 258 1582 302 Se
1608 267 1654 303 tu
1679 253 1763 315 vol}

318 318 480 367 vivere,
523 330 639 357 come
682 318 883 356 vivevano
913 314 943 354 li
968 316 1026 355 toi
1087 316 1336 370 regenitori,
1360 317 1769 371 pacificamenteoon.

316 387 405 414 esso
449 371 547 420 noi,
590 371 701 411 serra
744 370 782 409 13
812 370 941 423 gratia
970 369 1022 409 de
1053 330 1122 409 gio
1148 400 1160 421 ‚
1190 371 1338 424 perche
1368 371 1494 425 quelli
1521 377 1762 414 tractavano

316 427 347 467 li
374 427 502 467 nostri
530 425 685 479 antiqui
716 438 832 464 come
860 423 997 478 patri,
1030 430 1070 464 et
1095 427 1177 465 cosi
1210 425 1238 465 li
1268 425 1548 473 henot-avano.
1608 428 1765 479 Questa

317 483 402 523 cita
427 482 464 522 13
490 481 671 520 haveano
701 493 818 519 come
862 493 934 518 sua
961 480 1124 533 patria,
1156 481 1302 535 perche
1330 480 1394 521 1181
1422 489 1560 537 tempo
1589 481 1631 522 di
1655 481 1766 531 biso·-¹

319 538 391 592 gni
422 537 514 575 tutti
554 535 693 588 quanti
721 535 922 573 venivano
965 542 1004 573 et
1031 536 1072 573 in
1102 543 1241 588 questa
1268 549 1310 575 se
1337 537 1569 576 salvavano.
1628 536 1777 577 Habbi.

319 592 514 645 adonque
542 592 578 629 le
613 602 706 628 cose
734 602 757 627 a
786 589 855 628 noi
882 587 984 628 tolte
1010 588 1060 628 de
1089 589 1194 629 mala
1223 605 1396 639 raxone‚
1426 598 1533 631 terre
1558 597 1599 632 et
1621 592 1766 643 castel-

319 646 385 697 le,
415 659 527 684 come
557 659 598 683 se
627 644 870 683 iustamente
898 642 936 683 le
974 643 1130 684 havessi
1162 645 1374 698 aquistate.
1428 646 1483 686 Et
1510 653 1602 686 taxa
1630 645 1657 686 li
1687 661 1766 688 no-

319 703 391 741 stri
420 699 591 749 tributi,
621 698 695 738 8118
721 698 842 737 darno
874 713 897 737 a
924 699 982 746 ti,
1026 706 1177 752 quanto
1203 699 1261 739 sia
1289 707 1431 740 nostra
1459 699 1696 755 possibilitln.
1723 708 1767 742 et

321 764 466 796 vatene
493 767 567 793 con
597 751 635 791 la
666 766 763 807 pace
781 781 793 801 ‚
824 752 976 807 perche
992 782 1004 804 ,
1029 767 1145 793 come
1168 759 1215 793 tu
1243 754 1319 806 sai,
1345 769 1475 808 spesse
1503 755 1612 796 volte
1637 754 1765 797 a'dve-

322 825 374 850 ne
401 810 474 850 che
515 806 649 861 quello
677 807 753 847 che
779 822 896 862 spera
927 822 1100 848 vencere
1117 837 1130 858 ‚
1172 822 1250 862 per
1281 808 1322 849 lo
1353 809 1600 850 inmoderato
1629 811 1768 852 volere

323 879 461 905 reman
493 870 627 903 veum.
685 863 796 902 Dare
825 877 848 901 a
875 869 917 902 te
945 863 984 902 la
1010 863 1143 903 eitade
1171 877 1251 902 non
1284 865 1306 903 8
1332 864 1372 903 111
1407 863 1444 904 18
1467 871 1604 905 nostre
1631 880 1766 917 mane,

324 921 376 959 ne
408 919 459 958 de
487 919 630 957 31811110
656 917 731 957 8118
756 917 894 957 habite
918 918 958 956 in
988 931 1085 967 essa,
1117 918 1265 971 perche
1283 920 1382 958 tutti
1410 919 1552 972 quanti
1570 933 1644 974 per
1670 922 1766 960 uni-

325 973 456 1015 versal
487 973 650 1012 decreto
679 971 852 1011 havemo
885 972 1063 1025 disposto
1107 973 1235 1011 morir
1262 973 1304 1011 in
1332 972 1371 1011 la
1399 974 1476 1013 cita
1505 981 1545 1014 et
1575 987 1659 1014 non
1691 975 1767 1016 113-

328 1043 422 1069 vere
458 1026 734 1067 misericordia
762 1025 866 1065 della
898 1028 980 1066 vita
1010 1034 1159 1066 nostra.
1232 1026 1384 1078 Queste
1410 1028 1549 1082 parole
1581 1028 1768 1070 havendo

327 1085 456 1124 inteso
485 1083 521 1122 el
551 1089 746 1136 tyranno,
775 1080 1069 1134 desperandose
1096 1080 1201 1120 della
1229 1081 1401 1134 pacifica
1430 1083 1648 1124 traditione
1676 1083 1768 1124 del-

326 1139 366 1179 la
394 1138 552 1185 citade,
601 1134 802 1175 comandb
843 1136 950 1175 fosse
992 1136 1095 1175 facte
1138 1135 1249 1176 eride
1288 1150 1360 1190 per
1389 1144 1496 1177 tutto
1523 1137 1563 1178 10
1591 1139 1768 1179 exercito

328 1207 406 1234 con
449 1197 701 1232 sacramento
720 1221 732 1240 ‚
776 1189 1069 1230 manifestando
1110 1189 1147 1230 el
1174 1205 1301 1230 zorno
1328 1191 1434 1231 della
1462 1191 1664 1247 bataglia,
1693 1193 1769 1234 che

328 1262 411 1288 non
447 1247 537 1286 vole
577 1246 682 1285 altro
720 1245 931 1299 guadagno
973 1245 1048 1284 che
1085 1243 1123 1284 le
1164 1259 1278 1285 mure
1316 1246 1421 1285 della
1449 1248 1557 1289 cita:
1589 1247 1617 1287 li
1643 1250 1767 1289 tesori

330 1307 566 1343 veramente
589 1307 630 1340 et
655 1298 694 1338 la
725 1299 851 1352 preda
880 1299 957 1338 deli
985 1300 1140 1339 homini
1170 1307 1209 1340 et
1241 1299 1345 1340 delle
1372 1302 1543 1351 femine,
1573 1302 1632 1343 sia
1659 1309 1769 1343 tutto

329 1371 402 1412 per
430 1364 568 1396 vostro
598 1354 826 1408 guadagnO.
880 1354 1032 1393 Alhora
1061 1361 1167 1394 tutto
1197 1354 1240 1394 lu
1268 1358 1467 1406 exercito,
1495 1356 1702 1398 laudando
1728 1358 1769 1399 el

329 1426 404 1452 suo
435 1410 591 1460 ducha,
625 1408 714 1449 levi)
745 1409 782 1447 al
810 1407 909 1447 cielo
937 1408 1048 1447 eride
1075 1417 1113 1448 et
1140 1409 1306 1449 remori.
1365 1411 1566 1452 Venendo
1595 1411 1633 1452 la
1659 1426 1766 1466 sera,

329 1467 367 1506 el
399 1465 531 1506 (1118113
573 1463 722 1503 mando
751 1463 884 1502 nuntii
931 1470 968 1501 et
995 1465 1161 1516 preconi
1192 1479 1214 1502 a
1241 1471 1344 1504 tutte
1369 1463 1407 1504 le
1433 1473 1555 1506 tenne
1581 1473 1621 1505 et
1649 1466 1767 1519 pavi-

332 1520 475 1574 glioni.
515 1519 590 1559 che
630 1519 811 1557 cadauno
852 1517 1020 1557 dovesse
1050 1518 1240 1571 apigliare
1267 1517 1367 1558 lumi
1408 1527 1447 1559 et
1474 1520 1614 1573 grandi
1642 1520 1767 1563 foebi.

332 1576 460 1616 Facto
505 1575 541 1613 81
574 1572 911 1613 comandamento
934 1587 1009 1625 per
1039 1579 1147 1612 tutto
1192 1572 1232 1612 lu
1265 1574 1440 1614 exea-cito
1466 1583 1504 1614 et
1533 1574 1694 1627 navilii,
1724 1575 1766 1616 so

332 1631 426 1670 visti
454 1629 552 1668 tanti
587 1627 698 1667 sochi
727 1635 766 1666 et
795 1627 999 1678 luminari,
1026 1627 1100 1666 8118
1127 1630 1268 1680 parive
1297 1627 1333 1668 el
1363 1628 1491 1680 cielo,
1523 1629 1562 1669 el
1591 1643 1700 1670 mare
1727 1639 1768 1671 et

333 1685 373 1725 la
401 1691 512 1724 terra
541 1683 711 1724 ardesse.
756 1688 798 1722 et
824 1682 987 1721 intorno
1026 1681 1055 1720 li
1084 1682 1195 1722 sochi
1223 1683 1329 1721 tanti
1360 1683 1484 1732 belli,
1515 1684 1634 1736 soni,
1665 1699 1767 1726 voce

333 1747 375 1780 et
403 1739 602 1779 barbarici
645 1737 813 1777 clamori
856 1751 898 1776 se
927 1736 1139 1784 aldivano,
1180 1736 1254 1776 che
1280 1738 1422 1789 pariva
1448 1738 1582 1778 tutto’l
1612 1740 1765 1780 mundo

334 1809 377 1834 se
400 1800 601 1836 111ον8558.
656 1791 814 1831 Alhora
841 1790 870 1830 li
912 1791 1057 1844 poveri
1085 1790 1227 1831 Romei
1260 1791 1362 1831 della
1389 1793 1494 1843 cita,
1523 1800 1563 1834 et
1590 1793 1617 1833 li
1647 1795 1768 1834 Greci

334 1856 375 1889 et
401 1847 538 1888 Latini
566 1847 617 1887 de
646 1846 815 1896 Galata,
843 1853 883 1886 et
913 1846 1037 1900 quelli
1067 1846 1140 1885 che
1168 1859 1290 1886 erano
1318 1847 1360 1886 in
1388 1847 1425 1887 le
1452 1861 1556 1888 nave
1578 1855 1620 1889 et
1647 1849 1767 1903 33118,

335 1903 460 1944 molto
500 1916 542 1942 se
579 1902 870 1955 impaurirono.
935 1903 981 1940 In
1007 1906 1115 1940 tutta
1156 1900 1290 1954 quella
1323 1908 1442 1941 nocte
1473 1916 1588 1956 parse
1620 1904 1769 1944 vedere

336 1959 375 1999 81
405 1958 556 1998 mundo
583 1957 654 2010 pih
685 1956 827 1997 chiaro
853 1955 953 1995 ch'el
982 1955 1076 1995 sole.
1133 1955 1250 1995 Tutti
1276 1955 1306 2001 11
1336 1956 1551 1996 Christiani
1583 1957 1767 1998 eridava-

336 2027 411 2066 no,
441 2012 680 2053 chiamando
710 2027 733 2051 3
758 2011 828 2050 (110
856 2010 1150 2060 misericordia,
1179 2010 1253 2050 che
1283 2011 1310 2050 li
1339 2010 1523 2052 liberasse
1551 2011 1654 2052 dalle
1677 2027 1766 2052 1113..

259 2076 326 2110 282
339 2082 389 2107 ne
415 2068 506 2107 delo
544 2066 726 2106 inimico.
792 2066 932 2104 Ioanni
968 2068 1186 2105 Iustiniano
1219 2066 1332 2119 passo
1360 2073 1466 2106 tutta
1490 2065 1622 2120 quella
1651 2074 1768 2107 nocte

341 2137 455 2162 senza
492 2136 650 2175 reposo.
678 2122 716 2160 la
744 2122 894 2160 matina
921 2119 1004 2160 fece
1042 2121 1105 2159 far
1134 2121 1468 2160 comandamento
1497 2120 1572 2160 che
1591 2114 1703 2162 tutte
1730 2122 1768 2162 le

339 2177 498 2230 stipulo,
528 2177 719 2217 sarmenti
747 2183 787 2216 et
811 2175 970 2224 fascine,
998 2175 1073 2215 8118
1102 2189 1144 2214 58
1172 2183 1395 2215 trovavano
1423 2177 1464 2214 in
1481 2176 1768 2216 Constantino-

340 2232 450 2286 poli,
485 2232 645 2271 fosseno
685 2232 835 2285 portati
860 2230 898 2269 al
930 2244 1046 2268 muro
1075 2237 1182 2269 rotto
1214 2244 1284 2284 per
1309 2230 1371 2269 far
1398 2231 1547 2284 ripari,
1578 2230 1765 2270 havendo

342 2287 450 2326 facto
480 2301 559 2326 uno
604 2285 707 2326 altro
745 2285 848 2325 fosso
880 2285 1030 2324 dentro
1072 2284 1139 2324 via
1166 2299 1239 2338 per
1275 2285 1428 2324 salvare
1467 2285 1494 2324 li
1517 2286 1623 2324 muri
1653 2287 1764 2324 rotti.

342 2341 391 2380 Li
421 2342 559 2380 Romei
587 2341 754 2380 essendo
783 2339 924 2379 inclusi
953 2346 992 2379 et
1020 2353 1102 2378 non
1132 2340 1330 2392 possando
1361 2340 1428 2391 pia
1456 2339 1566 2378 uscir
1593 2339 1682 2379 fora
1715 2339 1766 2378 ad

341 2402 566 2435 contrastar
596 2410 671 2435 con
697 2397 711 2434 i
739 2394 922 2444 Turehi,
955 2394 1005 2433 da
1044 2394 1173 2433 alcuni
1198 2394 1310 2434 vechi
1337 2394 1366 2432 li
1398 2394 1439 2433 so
1469 2400 1659 2433 mostrata
1685 2407 1767 2433 una

341 2457 466 2503 porta
493 2458 596 2490 sotto
624 2458 760 2501 terra,
791 2450 830 2488 la
858 2449 954 2503 qual
986 2448 1102 2488 molti
1131 2449 1224 2487 anni
1248 2449 1385 2488 avanti
1411 2463 1478 2488 era
1503 2454 1604 2487 stata
1631 2461 1766 2488 ascosa

341 2511 451 2545 sotto
489 2504 527 2543 el
554 2504 705 2558 palazo.
733 2504 984 2544 chiamavase
1010 2504 1324 2556 Chierchoporta
1368 2503 1409 2541 in
1435 2502 1474 2542 lo
1502 2502 1733 2555 perivoleou
1751 2533 1763 2551 ‚

342 2560 414 2599 zoe
441 2559 506 2597 nel
535 2561 732 2611 pomerio.
776 2560 817 2598 in
846 2559 966 2612 quelli
996 2558 1108 2597 zorni
1149 2559 1189 2597 lo
1222 2557 1450 2611 imperador
1476 2556 1515 2595 13
1542 2557 1624 2597 fece
1653 2557 1766 2610 apri-

342 2619 400 2654 r'e.'
427 2627 499 2667 per
523 2621 659 2666 questa
694 2621 809 2666 porta
841 2614 868 2652 li
897 2614 1038 2652 zovani
1084 2613 1272 2652 uscivano
1304 2618 1589 2651 secretamente
1617 2625 1640 2650 3
1666 2626 1766 2652 con-

343 2677 488 2708 trastar
517 2682 596 2707 con
632 2667 660 2707 li
687 2668 849 2710 inimici.
904 2668 956 2707 El
1003 2675 1177 2721 tyranno
1208 2681 1288 2705 uno
1317 2680 1436 2705 zorno
1465 2666 1515 2704 de
1542 2666 1765 2706 Domenica

346 2721 535 2764 comenzb
573 2723 612 2762 13
651 2722 825 2777 hataglia
857 2724 1069 2777 generale,
1111 2721 1149 2761 la
1186 2720 1303 2775 quale
1341 2720 1444 2760 duro
1469 2720 1520 2760 da
1544 2719 1661 2761 l’alba
1688 2721 1766 2762 fine
