1884 3216
339 145 447 204 186
575 213 577 215 ¹
675 166 858 209 nucAE
895 166 1197 212 MlCHAELls-
1217 162 1442 211 Nerons

332 262 429 322 οἴκῳ
459 265 595 311 αὐτοῦ
644 265 832 325 διάφορα
862 265 988 322 σκεύη
1034 269 1177 323 χρυσᾶ
1206 283 1249 311 τε
1275 272 1349 312 καί
1376 269 1543 323 α’ργυριῖ
1571 267 1646 312 καὶ
1668 282 1780 327 ,χρυ-

331 329 548 387 σούφαπα
587 333 753 385 πέπλοι,
796 335 870 374 καί
895 332 1133 388 ἐγγράφους
1164 332 1398 385 οἴποδεΐξεις
1429 333 1479 383 ἃς
1506 334 1640 376 ε’ποιόι
1670 333 1776 383 κατὰ

330 398 408 439 τοῦ
434 397 644 450 βασιλέως
672 398 743 454 (τὰ
774 399 821 440 δὲ
851 396 980 452 σκεύη
1009 398 1204 441 ἐδίδοσαν
1234 398 1348 454 παρὰ
1380 400 1457 441 τοῦ
1487 399 1782 454 βασιλέως,οἱς

332 461 669 516 οἷποκομισόμενα
708 465 767 521 τῷ
800 461 969 520 Τούρκῳ
980 494 996 512 ,
1048 463 1071 504 ὅ
1101 465 1137 504 δ’
1166 463 1296 510 αὐτὸς
1324 463 1565 520 ἑνοσφίζετο
1591 465 1780 523 ταῦτα),

330 528 422 572 τότε
454 527 492 571 οἱ
520 531 693 584 Κρῆται
733 528 940 584 σύραντες
973 526 1100 571 αὐτόν
1145 527 1216 571 διὰ
1242 530 1316 584 τῆς
1347 527 1568 586 λεωφόρου
1598 532 1679 580 ἓως
1707 532 1819 586 τῆςὸ

331 595 464 649 πύλης
489 596 560 649 τῆς
577 596 809 648 βασιλικῆς,
837 595 927 636 ἐκεῖ
951 593 1048 643 τούς
1079 590 1330 650 ὀφθαλμούς
1357 594 1652 650 έξορύττουσιν
1676 597 1782 652 α’νη-

333 663 437 710 λεῶς
459 662 532 702 καί
552 656 846 713 ἀπανθρώπως
866 675 877 686 ·
911 655 1016 700 οὕτω
1041 658 1117 714 γὰρ
1140 661 1374 714 ἐξέγλυψαν
1401 660 1499 710 τούς
1529 656 1782 717 ὄφθαλμούς

203 730 237 764 Ρ.
260 731 322 775 104
335 726 464 767 αύτοῦ
479 723 535 774 ὥς
552 725 659 779 μηδὲ
674 722 806 766 τύπον
819 723 1048 780 φαίνεσθαι
1061 722 1286 781 βλεφάρων
1301 720 1328 780 ἢ
1348 727 1567 781 δέρματος,
1583 724 1781 780 βαλόντες

332 790 468 833 τοίνυν
488 792 534 832 ἐν
561 793 612 847 τῇ
629 790 795 846 φυλακῇ
815 791 859 832 έν
878 788 1012 844 τρισίν
1033 787 1209 845 ἡμέραις
1237 790 1435 844 α’πέθανε,
1461 789 1538 848 τὴν
1566 793 1614 834 δὲ
1645 792 1780 834 οἶκιάν

331 858 466 898 αὐτοῦ
505 856 787 910 δημεύσαντες
814 856 1046 909 ἐνέπρησαν
1073 853 1203 897 πολύν
1231 854 1450 911 θησαυρὸν
1474 859 1699 911 γέμουσαν.
1756 854 1779 898 ὅ
1798 871 1845 899 lo

327 919 516 975 Μουράτ
545 916 621 962 οὖν
647 919 832 968 α’κούσας
857 918 927 963 τὸν
946 917 1127 962 θάνατον
1155 922 1229 962 τοῦ
1242 919 1463 975 Θεολόγου,
1481 923 1556 964 καί
1579 919 1688 979 τίςῆ
1714 924 1781 967 αι’-

327 988 394 1029 τιἀ
412 989 490 1028 τοῦ
509 985 655 1042 φόνου,
679 983 887 1041 ἐθυμώθη
909 1002 951 1028 τε
969 985 1043 1028 καί
1065 985 1270 1042 ἐλυπήθη,
1299 989 1376 1028 καί
1390 1002 1496 1036 τινες
1525 989 1779 1044 παρέδωκαν

327 1053 387 1101 εἰς
416 1051 543 1095 αὐτὸν
575 1051 631 1101 ὥς
663 1048 728 1094 ὅτι
758 1051 887 1101 αἴτιος
917 1053 993 1094 τοῦ
1020 1050 1152 1108 φόνου
1181 1054 1258 1094 τοῦ
1275 1051 1469 1108 Κόρακος
1485 1051 1562 1094 otiu
1579 1045 1631 1108 ἦν
1649 1048 1782 1102 ,ἄλλος

328 1120 368 1160 εἰ
395 1116 453 1172 μή
471 1116 655 1172 Μιχαήλ
685 1116 706 1159 ὁ
725 1117 915 1173 Πύλλης.
945 1111 1061 1168 οὗτος
1090 1116 1170 1172 γάρ
1201 1118 1223 1159 ὅ
1252 1116 1432 1173 Πύλλης
1457 1113 1510 1173 ἦν
1536 1121 1581 1170 ἐξ
1605 1119 1780 1175 Ἐφέσου

318 1187 525 1237 Ῥωμαῖος
564 1186 698 1238 γένει,
743 1182 788 1226 τὸ
817 1185 943 1237 σέβας
963 1181 1241 1238 Χριστιανός,
1268 1183 1342 1238 τήν
1369 1182 1501 1239 τύχην
1527 1186 1572 1235 ἐξ
1601 1183 1782 1239 εὐγενῶν
1798 1185 1847 1227 15

323 1250 394 1303 τῆς
418 1250 548 1304 αὐτῆς
574 1248 750 1302 πόλεως,
778 1248 855 1303 τήν
883 1251 1032 1304 τέχνην
1059 1247 1132 1290 καί
1151 1247 1196 1291 τὸ
1225 1248 1486 1303 ἐπιτήδευμα
1515 1248 1709 1307 γραφεύς
1730 1250 1782 1296 ,ἐν

322 1316 379 1371 τῷ
397 1315 586 1372 παλατίῳ
604 1316 679 1356 τοῦ
704 1312 906 1369 ἡγεμόνος
930 1315 974 1356 ἐν
1001 1314 1221 1370 γράμμασι
1234 1314 1482 1368 Ῥωμαϊκοῖς
1508 1317 1583 1357 καί
1612 1316 1780 1371 Ἀραβι-

283 1385 410 1428 Βκοῖς
428 1412 440 1434 ,
471 1378 549 1435 την
590 1381 741 1436 πρᾶξιν
770 1379 842 1422 καὶ
867 1379 939 1423 τὸν
965 1378 1117 1435 τρόπον
1146 1380 1408 1436 δύσχρηστος
1436 1379 1585 1435 λάγνος
1614 1365 1779 1434 ἄσωτος

321 1448 396 1487 καί
423 1447 703 1500 παμβέβηλος.
765 1441 887 1495 οὗτος
912 1445 1052 1487 συνών
1082 1446 1175 1489 τότε
1203 1447 1259 1503 τῷ
1289 1443 1498 1503 τυράννῳ,
1527 1446 1778 1500 παρέδωκαν

321 1506 453 1553 αὐτὸν
491 1514 674 1564 λέγοντες
703 1508 765 1553 ὅτι
797 1505 918 1560 οὗτος
966 1508 988 1551 ὅ
1016 1508 1194 1566 Πύλλης
1220 1510 1381 1566 ἔγραψε
1411 1508 1505 1553 τότε
1528 1512 1589 1568 ,τῷ
1611 1513 1844 1565 βασιλεῖοο

321 1579 410 1626 πῶς
434 1576 457 1619 ὅ
489 1575 692 1631 Θεολόγος
735 1579 878 1629 μέλλει
905 1578 1133 1632 προδοῦναι
1164 1575 1240 1631 τήν
1267 1575 1411 1631 πόλιν,
1446 1578 1520 1619 καί
1546 1578 1643 1632 παρ’
1673 1577 1780 1619 ἑκεί-

192 1651 310 1687 ›v.83
322 1657 396 1684 νου
439 1645 517 1684 τοῦ
542 1642 782 1697 μηνύματος
823 1639 1033 1684 ἀπέθανεν
1075 1642 1098 1683 ὅ
1143 1641 1308 1697 Κόραξ.
1388 1642 1675 1695 δεσμώσαντες
1703 1636 1779 1684 οὖν

321 1709 468 1750 τοῦτον
496 1706 570 1749 καὶ
585 1709 887 1761 βασανίσαντες
909 1709 1093 1763 α’νηλεῶς
1124 1702 1196 1763 (ἦν
1214 1705 1293 1763 γάρ
1324 1706 1498 1763 μισητός
1524 1707 1641 1764 παρὰ
1671 1705 1778 1750 πάν-

322 1776 452 1829 των),
482 1771 656 1830 ὕστερον
683 1773 895 1829 πυρκαϊάν
924 1771 1166 1826 οἷνάψαντες
1197 1776 1463 1829 παρέστησαν
1493 1774 1539 1816 ἐν
1568 1775 1679 1829 αὐτῇ
1706 1771 1777 1815 τὸν

322 1951 528 1996 anquiritur
562 1952 750 1985 tormentis
776 1951 972 1994 adhibitis;
990 1974 995 1978 -
1016 1957 1053 1985 et
1076 1950 1213 1985 indicia
1238 1950 1416 1997 quaedam
1441 1954 1566 1984 exacte
1590 1950 1778 1996 inquiren-

322 1998 421 2032 tibus
446 2003 652 2044 patuerunt,
677 1999 834 2032 inventis
859 1999 898 2032 in
923 1999 1000 2032 eius
1024 1998 1130 2031 domo
1155 1998 1248 2032 vasis
1274 1998 1390 2031 aureis
1415 1997 1667 2043 argenteisque
1693 1997 1779 2043 plu-

323 2046 448 2086 rimis,
474 2044 635 2079 vestibus
661 2056 748 2078 auro
775 2045 941 2086 intextis,
967 2045 1103 2078 libellis
1130 2045 1298 2078 adversus
1323 2045 1575 2090 imperatorem
1599 2043 1780 2089 composi-

321 2092 381 2125 tis.
405 2103 490 2126 vasa
525 2096 646 2125 autem
683 2091 727 2124 ab
768 2092 984 2137 imperatore
1013 2093 1083 2136 ipsi
1111 2092 1245 2125 tradita
1273 2095 1393 2132 erant,
1419 2096 1461 2124 ut
1483 2090 1529 2123 ad
1552 2090 1690 2126 Turcos
1714 2089 1778 2123 (le-

323 2138 456 2179 ferret3
497 2149 589 2183 quae
614 2143 691 2171 erat
715 2139 866 2172 furatus.
892 2144 978 2172 tunc
1003 2138 1191 2171 Cretenses
1225 2150 1289 2183 per
1308 2139 1400 2171 viam
1426 2136 1471 2170 ad
1500 2142 1639 2182 portam
1662 2137 1778 2181 impe—

324 2185 494 2217 ratoriam
518 2190 634 2218 tracto
659 2185 782 2218 oculos
809 2185 956 2218 immani
989 2186 1139 2218 saevitia
1167 2184 1366 2225 effodiunt,
1389 2189 1430 2219 ut
1453 2194 1498 2217 ne
1521 2183 1670 2228 vestigia
1695 2183 1779 2228 qui-

324 2231 406 2264 dem
434 2231 689 2275 palpebrarum
714 2237 777 2265 aut
802 2232 897 2265 cutis
920 2237 1144 2276 apparerent.
1171 2232 1356 2264 coniectus
1382 2229 1514 2262 deinde
1538 2229 1576 2263 in
1601 2240 1779 2263 carcerem

322 2283 407 2323 post
432 2278 602 2311 ¹triduum
634 2279 810 2320 moritur;
848 2279 998 2323 eiusque
1032 2277 1178 2318 domus,
1220 2278 1344 2310 multis
1382 2275 1560 2309 thesauris
1584 2277 1647 2322 qui
1676 2276 1715 2309 in
1736 2286 1779 2311 ea

324 2330 428 2357 eraut
458 2324 630 2368 direptis,
665 2325 836 2358 incendio
871 2325 1022 2358 deletur.
1053 2324 1239 2357 intellecta
1271 2323 1448 2367 Thoologi
1486 2322 1596 2355 caede
1627 2323 1779 2367 eiusque

324 2382 452 2411 causa,
490 2371 647 2404 Morates
681 2372 734 2404 ira
773 2382 814 2404 ac
850 2372 975 2404 dolore
1010 2382 1178 2403 accensus
1219 2375 1294 2411 est3
1330 2370 1387 2402 eui
1414 2374 1607 2414 suggerunt
1629 2368 1778 2414 quidam

324 2417 437 2449 alium
477 2427 551 2451 non
591 2428 668 2450 esse
702 2418 810 2452 huius
847 2417 967 2451 caedis
1009 2424 1191 2450 auctorem
1227 2422 1368 2461 praeter
1391 2415 1608 2450 Michaelem
1632 2416 1777 2460 Pyllem.

324 2464 386 2496 hic
418 2463 533 2506 Pylles
560 2463 736 2508 Ephesius
773 2471 868 2506 erat,
906 2475 1034 2508 genere
1058 2465 1252 2503 Romaeus,
1292 2463 1363 2496 ritu
1390 2462 1614 2495 Christianus
1630 2487 1640 2503 ,
1666 2473 1709 2495 ex
1731 2462 1778 2494 il-

325 2510 396 2545 lius
420 2509 521 2542 urbis
555 2509 692 2543 familia
733 2511 850 2544 nobili
885 2510 1070 2543 oriundus.
1128 2510 1316 2543 Romaicae
1355 2514 1391 2542 et
1415 2508 1590 2543 Arabicae
1632 2509 1778 2553 linguae

325 2557 464 2601 peritus
498 2556 670 2600 scriptum
712 2558 750 2590 in
773 2557 947 2602 praefecti
974 2557 1112 2602 palati-o
1138 2555 1316 2596 faciebat,
1352 2555 1513 2588 moribus
1538 2555 1714 2599 corruptis
1741 2559 1778 2590 et

326 2602 525 2647 improbis,
560 2602 702 2635 luxuria
743 2599 779 2636 et
808 2604 1086 2648 intemperantia
1119 2603 1307 2642 diffluens,
1345 2602 1565 2646 omninoque
1593 2601 1776 2645 profanus.

328 2661 409 2683 eum
438 2650 476 2682 in
502 2650 645 2692 tyranni
671 2650 753 2682 aula
780 2656 864 2683 tuuc
891 2656 1090 2683 versantem
1119 2654 1276 2693 arguunt
1299 2649 1508 2693 imperatori
1532 2647 1705 2686 Manueli‚
1735 2652 1776 2680 ut

328 2697 442 2729 Corax
466 2695 674 2739 Theologus
700 2696 824 2729 urdem
850 2697 1059 2742 proditurus
1086 2696 1215 2735 suerit,
1243 2695 1397 2741 epistola
1424 2694 1649 2739 patefecisse,
1679 2694 1777 2727 eius-

328 2754 399 2790 que
422 2741 556 2777 indicio
582 2742 717 2788 perisse
742 2743 921 2777 Coracem.
949 2743 1109 2779 vinctum
1134 2741 1266 2775 deinde
1296 2742 1407 2775 saevis
1433 2740 1619 2776 tormentis
1634 2744 1775 2780 vexant,
