1916 3210
428 162 642 206 namen
689 163 1023 208 nnmerum
1062 161 1317 208 menam.
1490 144 1603 222 377

154 265 396 323 dmi-to
416 263 458 307 ul
489 262 644 306 mundo
677 278 722 306 se
757 265 926 307 πονοι-ὲ
961 265 1007 307 di
1037 268 1134 306 me?
1202 263 1347 306 Aldito
1380 263 1419 306 el
1445 277 1608 307 sermon

154 322 431 371 «blame,
460 319 659 373 Paiusith,
695 319 819 361 homo
854 321 985 363 molto
1014 327 1180 363 versuto
1209 326 1253 362 et
1282 320 1444 371 fallace,
1477 320 1609 363 dirizb

154 377 202 419 1⁸»
211 383 362 424 {mente
383 390 458 418 sua
490 374 546 416 ad
573 377 682 416 altro
709 377 910 430 pensiere,
944 385 985 419 et
1012 391 1092 418 con
1118 377 1310 418 simulata
1336 376 1514 416 amicitia
1539 391 1610 416 ex-

154 432 298 488 eogitb
326 439 449 473 tonza
473 431 653 485 hataglia
684 434 886 485 aquistare
915 433 954 472 la
995 432 1143 474 citade.
1199 431 1355 472 Mando
1386 447 1410 471 a
1440 431 1530 471 dire
1556 431 1610 471 ad

152 487 360 532 Emmuel
386 486 641 541 imperadore
666 487 743 527 che
767 489 1056 530 iniustamente
1083 489 1223 529 teniva
1239 487 1607 541 Constantinopoli,

151 542 237 585 che
256 542 310 584 de
331 556 458 584 naxon
488 548 659 583 toceava
687 557 711 581 a
738 543 908 584 Zuanne
934 558 1008 584 suo
1042 550 1217 598 nepote,
1248 544 1425 598 legitimo
1452 542 1610 584 herede

153 597 209 639 do
235 597 462 652 l’imperio,
491 603 532 637 et
555 598 631 638 che
658 611 702 638 se
730 598 882 639 fecesse
912 599 969 639 lui
1000 600 1091 640 fora
1116 600 1220 640 della
1248 599 1362 650 cittii,
1395 605 1436 639 et
1463 598 1611 638 lassas-

152 660 364 695 utentur
398 653 570 694 Zuanne
610 653 788 707 legitimo
827 654 1099 707 imperadore.
1172 654 1228 695 Et
1256 655 1315 695 lui
1342 655 1413 709 poi
1437 653 1612 694 haveria

150 708 321 764 pacifica
343 710 620 750 conventione
649 723 726 749 con
749 711 763 749 i
793 710 973 753 citadini.
1032 711 1092 750 Lo
1124 709 1382 764 imperadore
1409 710 1530 765 pieno
1558 709 1611 750 de

150 765 352 819 supientia
378 771 420 806 et
446 764 654 811 bontade‚
687 765 937 805 intendendo
964 764 1064 806 ch'el
1094 766 1248 821 populo
1279 780 1400 821 gasso,
1425 779 1613 805 murmu-

149 833 275 871 ravit,
305 827 350 861 et
390 819 528 861 alcuni
577 827 851 875 apertamente
897 822 1153 862 assentivano
1193 822 1257 861 ala
1306 820 1506 861 rechiesta
1546 820 1614 861 del

149 881 330 930 tyranno
349 904 362 924 ,
390 875 595 916 dicendo:
628 875 778 930 perche
808 891 888 916 non
932 876 1031 917 cede
1073 892 1096 916 a
1123 877 1258 931 quello
1286 876 1363 916 che
1397 876 1449 916 de
1481 890 1614 915 raxon

149 937 274 971 toeca
299 931 528 986 l'imperio?
555 931 631 973 che
661 945 732 985 per
762 931 961 985 imperare
989 931 1047 972 lui
1076 946 1161 972 non
1192 931 1246 971 ha
1270 946 1374 972 cura
1400 932 1451 971 de
1479 931 1518 971 la
1545 946 1615 971 sa·-

150 985 239 1027 lute
267 984 320 1027 de
347 988 443 1028 tutti
471 987 556 1029 noi.
629 987 1069 1040 Sapieiitissimamente
1097 987 1388 1041 consigliadose
1412 985 1560 1027 nuntio
1590 1002 1615 1026 a

150 1040 344 1091 zamam,
390 1042 429 1083 el
467 1042 564 1096 qual
611 1056 655 1082 se
693 1049 865 1082 trovava
901 1057 978 1084 con
1005 1043 1047 1083 X
1087 1043 1199 1083 milia
1227 1043 1385 1082 Turchi
1416 1055 1560 1096 presso
1589 1055 1615 1082 a

149 1096 532 1152 Constantinopoli,
562 1096 664 1137 ch'el
692 1111 857 1138 venesse
889 1114 914 1138 a
939 1099 1003 1138 far
1033 1098 1070 1138 la
1097 1112 1170 1139 sua
1200 1098 1353 1137 intrata
1378 1097 1419 1137 in
1448 1098 1488 1136 la
1516 1098 1614 1138 cita:

150 1151 231 1194 ehe
258 1153 316 1193 lui
342 1166 412 1192 era
449 1153 629 1207 disposto
657 1168 682 1193 a
711 1153 954 1207 consignarli
997 1153 1222 1207 l’imperio‚
1252 1159 1295 1193 et
1326 1167 1415 1193 esso
1441 1155 1616 1207 partirse

150 1220 232 1248 eon
258 1207 298 1248 le
322 1208 428 1262 galie
445 1235 458 1260 ,
486 1208 525 1248 le
553 1208 673 1263 quale
703 1222 747 1250 se
777 1215 955 1249 trovava
982 1208 1160 1257 havere,
1192 1215 1233 1249 et
1259 1208 1395 1248 undar
1423 1223 1447 1248 a
1477 1208 1614 1262 quello

150 1262 246 1304 loeo
285 1263 365 1306 che
399 1264 563 1318 piacerii
599 1263 734 1304 al'alto
779 1263 863 1305 dio.
920 1264 976 1304 Et
1015 1263 1113 1304 dato
1152 1270 1192 1303 et
1241 1270 1433 1303 rezevuto
1474 1277 1615 1304 sacra·
1628 1260 1674 1297 55

149 1324 291 1361 mento
327 1317 380 1359 de
421 1318 646 1360 observare
686 1324 842 1372 quanto
885 1319 913 1358 li
956 1318 1085 1359 havea
1114 1332 1345 1372 promesso‚
1378 1319 1549 1358 Zuanne
1577 1318 1619 1359 so

150 1373 205 1415 da
231 1374 400 1414 Manuel
427 1374 747 1428 benignamente
778 1381 1002 1428 acceptato.
1059 1374 1185 1414 Alora
1218 1374 1259 1413 in
1289 1374 1494 1428 presentia
1523 1373 1621 1414 delli

150 1428 360 1470 excellenti
391 1435 433 1469 et
462 1429 516 1469 de
543 1436 650 1469 tutto
684 1429 723 1469 el
750 1430 903 1483 popolo
950 1429 1186 1469 ricomandb
1216 1430 1255 1469 la
1284 1429 1365 1469 cita
1392 1436 1434 1469 et
1463 1428 1622 1483 l’impe..

151 1485 219 1525 rio
246 1498 272 1524 a
299 1485 484 1525 Zuanne.
540 1484 620 1524 Poi
649 1485 755 1524 usito
785 1485 836 1525 de
863 1485 1217 1538 Constantinopoli
1252 1499 1331 1524 con
1362 1485 1400 1523 la
1427 1485 1622 1539 mogliera

156 1545 200 1580 et
226 1538 371 1594 figlioli
406 1540 450 1579 in
493 1540 599 1595 galia
629 1539 802 1590 monto,
847 1554 963 1580 come
993 1554 1063 1580 era
1092 1547 1198 1580 stato
1226 1540 1266 1579 la
1305 1540 1529 1580 intentione
1569 1540 1622 1581 de

149 1594 333 1637 Paiasith
377 1601 418 1634 et
440 1593 493 1636 de
520 1596 703 1635 Zuanne.
772 1594 925 1636 Paiasit
966 1609 1068 1635 vero
1101 1610 1177 1649 per
1203 1603 1348 1649 questo
1380 1610 1462 1635 non
1489 1595 1622 1636 havea

152 1649 192 1691 el
221 1663 297 1690 suo
325 1649 539 1704 desyderio
567 1650 751 1704 adcpito,
787 1651 940 1704 perche
965 1651 1031 1690 nel
1059 1665 1133 1691 cor
1161 1665 1235 1690 suo
1266 1651 1373 1690 altro
1404 1665 1486 1690 non
1519 1665 1623 1705 pen·-

153 1717 252 1746 sava
281 1705 356 1746 che
383 1705 514 1746 haver
544 1706 924 1759 Constantinopoli,
965 1720 1040 1760 per
1067 1707 1105 1745 la
1131 1706 1251 1760 quale
1282 1706 1412 1746 havea
1441 1721 1623 1760 promes-

152 1774 201 1801 so
229 1775 256 1800 a
284 1761 456 1806 Zuanne
482 1761 586 1801 darli
618 1762 656 1801 el
683 1761 969 1815 Peloponeso,
1002 1769 1042 1801 et
1073 1761 1247 1801 facendo
1283 1768 1428 1814 questo
1458 1763 1621 1802 cambio

159 1829 238 1856 eon
280 1816 338 1856 lui
381 1829 547 1856 servare
589 1823 734 1856 eterna
783 1831 895 1869 paxe.
974 1818 1043 1856 Ma
1073 1816 1244 1856 Zuanne
1273 1817 1621 1858 christianissimo

151 1870 433 1925 imperadore,
464 1872 637 1912 zelatore
666 1871 719 1911 de
746 1872 784 1910 la
815 1871 907 1911 fede
938 1873 1187 1925 evangelica,
1220 1871 1409 1912 vedendo
1438 1872 1477 1911 la
1493 1887 1623 1926 gran-

153 1925 207 1967 de
235 1926 372 1981 inopia
402 1932 443 1966 et
470 1928 639 1970 carestia
658 1926 699 1965 in
725 1927 766 1965 la
794 1927 894 1976 cita,
926 1931 966 1968 et
986 1927 1062 1966 che
1081 1928 1215 1966 valiva
1244 1927 1281 1966 el
1310 1927 1516 1966 frumento
1535 1928 1620 1968 XX

151 1981 319 2036 iperper
345 1981 386 2021 la
413 1995 572 2021 mesura
589 2010 600 2031 ‚
634 1988 674 2021 et
702 1982 731 2020 li
763 1980 921 2021 subditi
948 1995 1025 2035 per
1058 1983 1097 2021 la
1128 1983 1336 2021 extremita
1364 1982 1415 2022 de
1443 1989 1549 2022 tutte
1578 1983 1617 2023 le

153 2051 252 2077 cose
279 2038 324 2077 za
353 2051 485 2078 erano
514 2036 613 2076 tutti
643 2037 871 2076 consumati
888 2042 943 2076 et
971 2050 1214 2076 comenzava
1243 2051 1267 2076 a
1287 2036 1536 2078 descendere
1565 2037 1619 2078 ad

153 2092 366 2136 infidelita.
396 2106 462 2132 ma
490 2107 568 2146 pur
590 2092 653 2131 col
681 2106 752 2131 cor
782 2092 932 2132 devoto
963 2100 1002 2131 et
1029 2093 1205 2132 contrito
1233 2107 1257 2131 a
1285 2091 1356 2132 dio
1385 2107 1428 2133 se
1458 2093 1620 2133 confes-'-

150 2162 250 2189 sava
267 2177 280 2198 ,
315 2148 588 2188 humilmente
614 2147 770 2186 orando
799 2147 876 2187 che
917 2148 953 2186 la
982 2149 1046 2187 ira
1075 2161 1151 2186 sua
1181 2150 1286 2187 iusta
1317 2162 1393 2201 per
1421 2148 1435 2187 i
1461 2150 1618 2202 peccati

150 2203 194 2242 di
226 2204 346 2246 Greci
373 2218 416 2243 se
444 2210 698 2243 convertesse
727 2202 827 2242 ch’el
857 2203 1010 2256 populo
1056 2216 1131 2242 suo
1159 2216 1200 2242 se
1238 2210 1534 2244 sottomettesse
1576 2205 1615 2244 al

152 2259 251 2313 iugo
287 2259 339 2301 de
367 2258 396 2301 li
444 2259 598 2299 inimici
643 2258 732 2309 soi,
777 2265 817 2298 et
848 2258 878 2297 li
907 2259 994 2297 vasi
1020 2258 1186 2311 pretiosi
1215 2266 1255 2298 et
1284 2259 1321 2298 le
1351 2274 1445 2299 cose
1472 2258 1615 2300 sach1·e

149 2314 220 2354 del
244 2328 319 2355 suo
347 2317 580 2354 sanctuario
610 2328 793 2367 vengano
823 2314 885 2352 ale
922 2328 1045 2353 mane
1072 2313 1124 2353 de
1154 2314 1180 2352 li
1209 2314 1381 2368 imperii.
1440 2315 1488 2354 In
1511 2329 1612 2369 que·
1625 2317 1673 2352 56

148 2375 214 2410 sto
242 2376 378 2424 tempo
409 2369 608 2410 Emanuel
644 2383 821 2423 pervene
863 2369 916 2408 ali
946 2370 1008 2408 liti
1039 2368 1091 2408 de
1119 2368 1270 2423 Pelope
1289 2399 1302 2423 ‚
1333 2377 1373 2409 ct
1402 2371 1560 2410 arivato
1587 2385 1614 2411 a

149 2424 330 2466 Modone
375 2424 481 2466 lasso
526 2427 569 2465 in
615 2426 753 2479 quella
797 2432 909 2465 terra
948 2425 987 2464 la
1014 2425 1274 2477 imperatrice
1305 2432 1345 2465 et
1373 2425 1440 2465 doi
1468 2427 1611 2479 piccoli

148 2480 312 2534 flglioli,
340 2481 511 2521 Zuanne
536 2495 684 2523 ancora
713 2480 925 2529 infantulo,
959 2487 999 2520 et
1026 2479 1245 2520 Theodoro
1271 2480 1323 2521 de
1350 2482 1413 2521 eta
1441 2483 1611 2536 alquan-

148 2542 193 2575 to
218 2536 292 2590 pin
318 2543 535 2590 provecto.
604 2538 661 2576 Le
706 2536 810 2589 galie
840 2535 1038 2574 remando
1066 2535 1248 2575 indietro
1268 2565 1281 2587 ‚
1311 2543 1351 2576 et
1379 2536 1438 2576 lui
1466 2537 1609 2578 monto

150 2589 195 2630 in
221 2605 306 2632 una
332 2592 487 2646 grande
514 2606 639 2640 nave,
671 2598 713 2632 et
737 2591 886 2645 navigo
916 2605 939 2630 a
958 2591 1146 2631 venezia.
1176 2591 1228 2632 de
1267 2591 1297 2631 n
1333 2591 1440 2632 ando
1478 2608 1502 2633 a
1530 2594 1613 2632 Mi-

154 2645 277 2694 lano,
307 2661 331 2686 a
359 2649 532 2698 Genua,
564 2663 588 2686 a
617 2647 842 2695 Fiorenza,
878 2661 902 2685 a
932 2647 1122 2688 Ferrum.
1153 2654 1193 2686 et
1223 2647 1321 2687 tutti
1350 2648 1378 2687 li
1408 2649 1611 2701 potentati

151 2699 204 2741 de
231 2702 348 2742 ltalia
377 2703 543 2751 visitati,
579 2702 631 2742 da
648 2703 857 2742 Provcnza
888 2701 1006 2755 passo
1038 2702 1077 2740 in
1101 2704 1319 2742 Germania
1350 2710 1391 2743 et
1420 2703 1460 2743 in
1478 2705 1611 2743 Fran-

152 2769 215 2798 za.
270 2757 326 2798 Et
357 2757 409 2798 da
437 2760 532 2799 tutti
560 2759 661 2813 regi,
691 2758 786 2798 duci
813 2764 853 2797 et
878 2758 1051 2812 principi
1079 2757 1131 2799 de
1145 2758 1330 2799 Ponente
1353 2773 1430 2799 con
1457 2759 1610 2815 grande
