1916 3210
692 170 768 211 AD
805 170 924 212 CAP.
953 169 1018 213 11:
1048 171 1249 213 NOTAE.
1587 153 1699 221 533

178 303 182 307 .
207 275 372 326 'jstrata
402 269 642 312 Macedonia
671 277 713 311 et
737 270 915 311 Thracia
945 285 1016 327 per
1053 278 1245 312 aestatem
1279 271 1468 313 Nicaeam
1496 274 1705 315 recessisse

209 323 288 367 &t
311 326 358 367 in
385 325 572 383 hyberna
599 325 772 366 militem
803 327 1024 375 dimisisse,
1048 334 1099 368 et
1129 341 1220 381 cap.
1252 341 1299 368 12
1329 328 1555 369 Iohannem
1583 329 1702 369 aedi..

243 381 383 423 fleam
409 381 642 438 Magnesiae
682 382 883 436 templum
913 377 1041 434 ὄνομα
1080 381 1153 436 τῆς
1183 379 1440 437 θεομήτορος
1467 382 1703 437 Σώσανὸρα

243 435 524 488 καλούμενον,
554 436 747 491 aliudque
787 434 904 484 ὲντὸς
934 438 1006 492 τῆς
1036 435 1221 485 Νικαίας
1249 437 1311 486 εἰς
1338 431 1476 490 ὄνομα
1504 437 1704 482 Ἀντωνιῖ-

243 503 296 532 συ
325 492 406 532 τοῦ
448 491 650 546 μεγάλου.
689 492 756 532 hic
782 492 952 532 Vatacia
992 493 1326 548 Didymotoecho
1356 496 1556 535 oriundus
1586 502 1699 544 erat,

241 554 285 587 et
311 547 625 589 Protovestiarii
651 547 893 602 dignitatem
924 549 1096 602 adeptus
1138 563 1162 589 a
1190 549 1350 590 Lascari
1373 564 1498 605 gener
1525 551 1702 591 adscitus

240 607 320 644 est·
377 604 579 658 Georgius
606 602 836 657 Logotheta
867 604 908 643 in
938 603 1163 645 Chronico.

298 675 302 683 “
353 657 405 702 Ρ.
440 658 503 709 ¹5,
535 658 574 711 4.
631 655 852 712 Θεόδωρος
879 655 1104 711 Λάσκαρις
1131 655 1203 711 ἔτη
1231 657 1282 714 δ’]
1342 661 1421 702 Hic
1448 661 1701 702 Theodorus

241 713 382 754 iunior
422 714 597 755 senioris
638 727 683 753 ex
711 714 791 754 filia
819 729 945 768 nepos
963 745 974 766 ‚
1006 729 1133 755 annos
1163 716 1213 755 53
1244 723 1363 756 natus
1393 724 1505 767 erat,
1535 717 1701 771 quando

242 768 372 810 fasces
400 769 558 825 imperii
584 771 774 823 suscepit.
805 784 915 810 anno
946 772 1055 823 enim
1081 785 1166 825 quo
1195 778 1310 823 pater
1343 774 1469 827 ipsius
1495 773 1701 813 lohannes
1713 774 1834 809 Ram

242 824 471 878 imperator
497 825 727 880 designatus
767 826 872 873 fuit,
914 833 1034 866 natus
1076 834 1135 868 est
1172 826 1440 879 Theodorus,
1468 833 1516 867 ut
1542 829 1704 883 scripsit

240 880 449 935 Gregoras
474 881 547 921 lib.
581 896 623 922 2.
651 881 729 921 sub
759 882 899 922 finem.

354 936 406 977 P.
426 938 488 987 15,
505 937 542 978 5.
564 929 760 989 Ἰωάννης
771 932 1025 991 Λάσκαρις]
1069 937 1145 977 Hic
1165 936 1271 978 filius
1286 937 1501 978 Theodori
1530 938 1704 986 iunioris
1724 969 1725 972 η

7 1032 10 1034 ,
241 990 348 1043 fuit,
379 994 447 1032 eui
475 999 593 1046 pater
618 992 800 1032 moriens
827 992 1051 1032 Arsenium
1079 993 1354 1046 patriarcham
1379 1001 1418 1033 et
1446 993 1704 1033 Muzalonem

0 1043 25 1109 ἓ
239 1049 603 1101 protovestiarium
621 1054 778 1088 tutores
806 1046 986 1097 dederat,
1018 1055 1064 1088 ut
1085 1063 1148 1088 res
1175 1050 1333 1102 imperii
1354 1049 1700 1098 administrarent,

242 1101 379 1143 donec
421 1102 650 1155 Iohannes,
690 1104 762 1158 qui
801 1105 984 1143 sexennis
1013 1103 1271 1144 solummodo
1301 1111 1414 1156 erat,
1445 1103 1699 1144 adolevisset.

19 1204 21 1208 ¹
240 1157 425 1209 ramulo,
463 1158 565 1200 dum
591 1159 712 1199 funus
731 1158 939 1198 Theodori
967 1158 1135 1199 effertur
1164 1167 1204 1200 et
1223 1161 1453 1213 Magnesiae
1480 1161 1521 1199 in
1554 1164 1704 1214 magno

0 1205 26 1251 s?
239 1213 399 1267 templo
435 1213 657 1255 Sosandrio
698 1214 878 1254 defuncti
905 1215 1242 1255 commemoratio
1282 1216 1441 1268 agitur,
1489 1215 1538 1254 ad
1571 1217 1703 1268 ipsam

0 1266 18 1283 ‘⁴
239 1281 396 1310 sacram
423 1283 607 1310 mensam
637 1269 691 1310 ab
716 1270 967 1310 irruentibus
995 1269 1191 1310 militibus
1223 1270 1476 1310 confoditur.
1536 1271 1704 1310 Arseni·

4 1362 14 1375 2
240 1337 290 1364 us
336 1324 486 1365 deinde
528 1325 760 1379 patriarcha
799 1339 937 1366 rerum
978 1340 1054 1366 usu
1085 1340 1132 1365 ac
1173 1326 1340 1366 consilio
1367 1326 1588 1366 destitutus
1619 1327 1705 1365 Mi-

0 1378 23 1437 3„
239 1379 425 1422 chaelem
449 1379 745 1445 Palaeologum
773 1380 815 1420 in
845 1381 1136 1434 imperatorem
1166 1388 1364 1429 coronat,
1395 1395 1441 1422 ea
1469 1382 1706 1422 conditione

11 1438 17 1446 ⁴
240 1442 290 1476 ut
317 1434 458 1477 adulto
487 1436 663 1477 lohanm
691 1437 864 1490 imperio
891 1436 1009 1477 cedat
1035 1451 1161 1490 seque
1187 1437 1365 1476 abdicet.
1423 1436 1601 1476 Michael
1629 1451 1705 1476 co-

240 1499 414 1532 ronatus
458 1491 684 1532 Iohannem
721 1491 1033 1532 custodiendum
1069 1493 1321 1546 Magnesiam
1348 1492 1504 1543 mittit,
1536 1491 1705 1532 tandem

0 1563 23 1629 ξ
242 1560 325 1602 que
349 1555 566 1614 excaecat,
606 1547 770 1602 hocque
795 1547 946 1610 scelere
986 1550 1172 1601 ineptum
1199 1562 1249 1587 ac
1275 1547 1499 1612 inhabilem
1530 1548 1704 1602 imperio

0 1635 27 1704 ἢ
133 1628 137 1635 ’
238 1602 623 1714 ἒῖξῑῗξιηῗῒέἷθῖ·
644 1602 985 1711 ιῖζῗθῗοὶἶῖὲῗὴὲ
1009 1603 1142 1700 {5¹²3
1170 1604 1398 1698 ⁶⁰53&AE
1413 1603 1707 1711 ”31243010‘233

0 1676 21 1765 ξ
239 1723 288 1753 ‘ex
315 1720 434 1768 gente
461 1715 635 1767 antiqua
681 1721 720 1753 et
747 1713 997 1754 nobilissima
1026 1713 1223 1754 oriundus
1253 1721 1339 1753 erat
1358 1743 1370 1765 ‚
1403 1728 1526 1767 quam
1543 1742 1554 1762 ‚
1583 1720 1630 1752 ut
1656 1727 1706 1753 ex

0 1766 27 1838 ᾗ
240 1769 332 1808 aliis
358 1769 506 1809 Petrus
539 1769 704 1809 Bizarus
734 1770 864 1809 refert
892 1768 964 1808 lib.
1006 1783 1015 1807 ι
1056 1770 1106 1808 de
1137 1769 1246 1808 hello
1274 1769 1462 1819 Veneto,
1494 1782 1550 1808 ex
1578 1768 1706 1808 Italia

238 1824 421 1880 adeoque
450 1824 495 1863 V
493 1825 620 1864 iterbo
646 1826 753 1878 ipso,
792 1824 1014 1863 Ηεῑνιιινάε
1057 1826 1220 1863 civitate
1247 1825 1366 1863 haud
1388 1838 1488 1863 sane
1517 1824 1704 1875 ignobili,

239 1890 351 1933 quae
385 1878 483 1919 olim
505 1879 551 1919 V
547 1880 660 1919 eiusa
681 1889 912 1934 nuncupata
936 1889 1136 1933 tanquam
1170 1878 1292 1918 trium
1312 1879 1470 1917 urbium
1500 1887 1610 1933 septa
1638 1878 1707 1918 vec

247 1935 409 1975 moenia
436 1936 480 1974 in
507 1949 548 1974 se
574 1935 858 1988 complectens,
894 1935 1090 1987 originem
1115 1935 1289 1979 traxisse
1318 1933 1522 1973 nonnullis
1546 1933 1704 1987 placet.

354 1990 408 2030 P.
430 1991 495 2039 13,
520 2004 559 2044 7.
624 1985 870 2041 ἐξώσθησαν
886 1987 958 2028 καὶ
976 1987 1012 2028 οἱ
1034 1991 1216 2028 Λατῖνοι
1229 1988 1303 2039 τῆς
1319 1983 1512 2042 πόλεως]
1559 1988 1706 2029 mundi

237 2059 348 2086 anno
365 2045 492 2100 6768,
514 2045 664 2085 Christi
690 2044 811 2093 1260,
835 2044 928 2083 Iulii
949 2046 1017 2085 25.
1043 2045 1203 2083 Referri
1234 2043 1355 2083 debet
1377 2042 1477 2082 haec
1496 2044 1700 2097 temporis

239 2108 341 2141 nota
369 2101 424 2141 ad
447 2115 603 2140 annum
636 2115 649 2140 1
679 2098 839 2152 imperii
862 2099 1075 2139 Michaelis
1097 2099 1348 2152 Palaeologi.
1372 2101 1524 2152 quippe
1551 2099 1653 2138 urbs
1680 2115 1707 2140 a

239 2157 407 2197 Graecis
434 2163 670 2210 recuperata
700 2154 778 2194 fuit
806 2169 916 2194 anno
947 2155 1095 2194 Christi
1123 2155 1238 2204 1262,
1268 2155 1413 2193 mundi
1443 2155 1552 2194 iuxta
1571 2157 1705 2207 Grae-

239 2226 310 2252 cos
335 2226 444 2252 anno
461 2212 585 2267 6770.
619 2224 713 2250 nam
742 2209 922 2250 collectis
953 2211 1071 2249 annis
1089 2209 1300 2249 Theodori
1323 2210 1524 2259 Lascaris,
1554 2210 1706 2249 lohan-

239 2268 304 2308 nis
331 2267 552 2319 Vataciae‚
593 2265 805 2306 Theodori
831 2275 871 2305 et
900 2265 1096 2305 Iohannis
1139 2268 1254 2304 annis
1282 2265 1418 2305 tribus
1460 2265 1504 2303 fit
1546 2279 1706 2306 summa

239 2337 446 2364 annorum
463 2322 545 2374 583
573 2323 645 2378 qui
671 2336 766 2362 cum
798 2321 927 2361 additi
954 2321 1108 2360 fuerint
1141 2322 1258 2360 annis
1293 2321 1426 2371 1204,
1456 2320 1707 2362 exhibebunt

239 2393 396 2419 annum
428 2378 530 2419 1262
549 2408 561 2430 ‚
592 2392 677 2433 quo
708 2377 927 2428 Iohannes,
958 2376 1025 2415 cui
1056 2375 1274 2428 imperialis
1306 2390 1461 2416 corona
1489 2390 1704 2430 nunquam

239 2434 435 2488 imposita
467 2434 572 2486 fuit,
613 2449 636 2474 a
671 2432 917 2485 Palaeologo
950 2430 1149 2470 Michaele
1191 2438 1426 2471 excaecatus
1454 2439 1495 2471 et
1525 2432 1703 2485 imperio

240 2491 384 2544 pulsus
424 2498 510 2538 est,
558 2497 596 2529 et
633 2491 767 2528 Latini
797 2488 903 2527 urbe
936 2487 1065 2527 exacti
1095 2494 1206 2526 sunt.
1252 2486 1356 2526 libro
1387 2489 1509 2542 etiam
1541 2486 1567 2539 4
1597 2491 1704 2527 Gre-

239 2560 358 2598 goras
386 2546 438 2585 de
464 2546 572 2586 urbe
600 2552 835 2608 recuperata
865 2557 941 2597 per
974 2544 1190 2582 Caesarem
1211 2543 1550 2597 Strategopulum
1577 2544 1704 2583 verba

241 2602 394 2642 faciens
422 2608 560 2649 notat,
593 2596 667 2638 δύο
697 2598 790 2650 εξῆς
818 2596 967 2651 ἠνύετο
997 2595 1071 2650 ἔτη
1099 2591 1177 2651 ἀφ’
1206 2591 1259 2636 οὗ
1286 2598 1369 2638 τῶν
1395 2611 1442 2637 τε
1471 2598 1707 2649 βασνλικῶν

241 2654 406 2710 θρόνων
442 2651 644 2708 ἐγκρατής
692 2653 713 2693 ὁ
738 2648 926 2706 Malam
963 2650 1155 2705 ἐγεγόνει.
1197 2667 1278 2706 quo
1319 2653 1444 2707 igitur
1471 2667 1579 2692 anno
1608 2654 1706 2693 urbs

242 2720 361 2765 capta
389 2720 477 2763 est,
507 2713 587 2750 iarn
633 2710 737 2750 duos
767 2712 808 2749 in
841 2710 1012 2762 imperio
1040 2722 1168 2748 annos
1196 2712 1380 2762 integros
1406 2707 1582 2755 Michael
1612 2723 1706 2748 exe-

245 2775 381 2822 gerat:
430 2767 538 2823 unde
581 2773 736 2805 constat
780 2767 914 2820 ipsum
942 2765 1086 2819 clypeo
1132 2764 1374 2805 insidentem
1416 2767 1705 2818 imperatorem
