1916 3210
310 151 427 220 404
767 165 956 208 DUCAE
1002 165 1259 212 ffls‘romA

307 285 362 310 na
382 269 527 325 gloria,
557 268 597 308 in
620 268 820 322 presentia
844 265 909 305 del
936 265 1138 318 portador
1165 266 1217 308 de
1244 266 1376 321 quella
1409 267 1566 316 lettera,
1593 264 1653 311 et*
1685 278 1754 314 m

307 332 421 366 sente
460 322 681 374 Auduliat,
715 321 881 361 essendo
930 321 985 358 fin
1013 319 1147 374 quella
1175 321 1278 362 hora
1310 336 1384 362 suo
1431 321 1621 376 schiavo,
1677 337 1755 380 1⁸8¹?

306 393 427 420 verso
457 377 683 418 Auduliat:
728 377 779 415 de
818 375 884 414 chi
921 374 976 414 sei
1020 383 1065 414 tu
1092 380 1236 416 servo?
1292 376 1439 429 Quello
1466 371 1754 432 respondendo

308 434 444 475 disse:
475 433 526 473 de
556 439 627 472 tua
655 429 860 484 Signoria.
933 429 1076 471 Zenait
1103 445 1257 472 ancora
1289 431 1578 473 domandando
1607 432 1714 484 dmg
1735 447 1751 476 z

231 521 234 524 .
306 490 358 530 de
385 489 460 529 che
505 487 739 542 generationi
784 485 841 524 sei
871 488 949 524 tu?
1005 485 1205 526 Auduliat
1229 487 1515 540 respondendo
1541 487 1669 529 disse:
1699 486 1754 539 de

306 543 526 584 Albanitti.
583 542 638 581 Et
666 540 715 579 de
744 539 819 578 che
847 538 959 579 leze?
1014 539 1175 580 Albora
1204 541 1403 595 Audulat:
1435 543 1473 582 io
1501 557 1571 583 era
1597 542 1752 587 insede-

305 598 372 650 le3
416 597 556 639 alhora
597 609 697 635 sono
726 593 998 635 Musulmano.
1069 596 1210 636 Zenait
1251 604 1482 637 veramente
1513 596 1753 642 voltandose

304 667 426 694 verso
472 651 503 691 li
531 651 590 690 soi
621 648 768 690 baroni
813 649 948 689 disse:
981 663 1079 690 ecco
1111 651 1186 690 che
1213 651 1278 691 nel
1307 659 1492 705 presente
1522 667 1677 704 zorno,
1707 654 1752 697 in

303 707 504 761 presentia
535 704 587 744 de
617 705 713 744 tutti
743 703 836 755 voi,
868 704 920 743 do
943 705 981 743 la
1010 704 1090 745 mia
1119 706 1263 758 figliola
1281 707 1465 754 secondo*
1485 706 1524 747 le
1553 707 1636 748 leze
1663 721 1751 749 ma·

304 760 538 802 trimoniale
562 755 599 799 al
626 759 710 799 mio
729 773 849 799 servo
862 758 1077 811 Auduliat,
1095 767 1135 799 et
1151 761 1280 800 saccio
1300 760 1437 815 quello
1457 760 1585 802 libero
1602 761 1642 804 et
1667 762 1753 802 mio

304 831 459 870 genero
481 816 532 854 da
548 822 691 868 questo
713 828 839 854 zorno
857 843 870 866 ,
900 820 941 853 et
965 828 1045 854 uno
1073 814 1116 854 di
1138 817 1214 855 mei
1244 819 1398 868 parenti
1428 816 1517 857 dela
1538 818 1618 857 mia
1647 832 1750 862 casa.

302 872 421 911 Tutti
451 877 685 910 veramente
708 869 784 908 che
812 876 1049 920 sentemno,
1081 870 1310 910 laudavano
1337 872 1494 916 Zenait.
1551 871 1604 913 El
1630 872 1752 927 quale

303 925 487 979 aprendo
516 925 586 978 poi
613 924 652 964 la
682 938 755 964 sua
786 923 942 964 boccha
973 938 1089 964 verso
1119 924 1156 964 el
1187 925 1352 975 nuntio,
1384 926 1487 966 disse
1516 934 1656 980 queste
1677 942 1754 982 pa·

302 980 416 1020 role:
449 979 593 1019 nuntia
621 980 660 1018 al
686 986 757 1019 tuo
788 980 926 1034 signor
951 979 1150 1029 Paiasith,
1177 994 1295 1020 come
1324 981 1364 1020 io
1391 980 1444 1020 ho
1470 980 1571 1021 tolio
1601 996 1752 1024 zenero

303 1035 387 1075 dali
429 1034 630 1074 Albanitti
652 1063 664 1086 ‚
713 1041 754 1073 et
791 1047 905 1073 come
950 1048 1018 1074 era
1044 1048 1160 1074 servo
1198 1049 1274 1089 per
1310 1049 1383 1075 0ιό
1413 1043 1677 1090 comparate,
1708 1044 1752 1078 et

302 1104 420 1130 come
449 1089 471 1130 ὲ
499 1089 552 1130 ad
591 1089 730 1142 signor
767 1089 895 1128 simile
942 1089 1143 1143 d'aspecto
1165 1119 1177 1140 ‚
1219 1091 1290 1144 pii]
1329 1104 1482 1131 zouane
1521 1090 1572 1132 de
1603 1090 1686 1141 lui,
1713 1099 1754 1133 et

299 1144 373 1199 piu
402 1146 514 1185 savio
551 1144 601 1184 de
629 1144 703 1183 lui.
761 1143 813 1184 ΕΙ
840 1144 985 1184 nuntio
1018 1151 1264 1184 certamente
1281 1174 1293 1197 ,
1340 1159 1458 1185 senza
1485 1145 1642 1186 dimora
1666 1153 1752 1188 tor-

305 1207 404 1240 nato
445 1199 486 1240 al
525 1214 600 1240 suo
629 1199 819 1253 signore,
850 1199 971 1238 referi
1018 1199 1122 1239 delle
1150 1199 1290 1254 parole
1321 1199 1428 1240 dicte
1450 1206 1558 1241 tutta
1586 1200 1625 1242 la
1652 1201 1754 1242 suh.

301 1255 463 1298 stantia.
533 1255 598 1294 Da
638 1253 772 1307 quella
812 1253 918 1293 hora
954 1254 1134 1294 Paiasith
1174 1262 1406 1308 concepette
1435 1255 1500 1296 nel
1530 1270 1605 1295 suo
1635 1263 1752 1311 petto

298 1310 429 1350 hodio
446 1338 458 1360 ,
503 1315 543 1349 et
579 1308 867 1348 nutricandolo
914 1308 1008 1362 ogni
1036 1309 1138 1348 hora
1166 1310 1343 1349 cresciva
1372 1318 1516 1350 contra
1543 1311 1687 1352 Zenait
1711 1318 1754 1352 et

300 1372 443 1404 contra
471 1363 650 1404 Audulat
680 1377 755 1403 suo
783 1377 952 1416 genero.
1008 1364 1193 1417 Capitato
1219 1364 1257 1403 el
1284 1371 1424 1418 tempo
1456 1364 1495 1404 al
1522 1378 1599 1405 suo
1633 1367 1751 1421 desy-

302 1419 415 1460 derio
459 1425 670 1472 oportuno
689 1448 700 1466 ,
741 1418 816 1457 che
851 1417 1031 1458 Audulat
1075 1420 1116 1458 fo
1143 1433 1264 1472 preso
1293 1419 1360 1458 nel
1388 1421 1511 1460 castel
1538 1419 1589 1460 de
1619 1421 1752 1475 Nym..

302 1474 440 1528 pheo,
468 1474 497 1514 li
525 1473 612 1513 fece
639 1471 807 1526 tagliare
833 1471 862 1512 li
893 1471 1069 1526 coglioni
1096 1480 1136 1512 et
1157 1472 1286 1513 fecelo
1301 1473 1514 1516 Eunucho.
1569 1475 1639 1514 Ma
1664 1483 1751 1516 tor-

302 1543 426 1569 namo
457 1528 639 1568 hon-amai
672 1529 736 1567 ala
763 1527 944 1581 hystoria
981 1535 1137 1571 nostra.
1192 1529 1375 1568 Essendo
1402 1536 1554 1570 venuto
1587 1530 1752 1571 Meche·

248 1588 250 1590 ’
302 1583 418 1623 meth
446 1582 524 1623 8118
552 1583 737 1632 Smirne,
789 1589 828 1621 et
855 1582 1042 1622 havendo
1067 1582 1306 1622 circundata
1333 1583 1370 1622 la
1399 1590 1529 1635 terra,
1559 1584 1679 1625 trovb
1712 1586 1751 1626 el

160 1682 162 1684 ,
227 1638 457 1693 106grande
499 1639 690 1691 magistro
727 1637 779 1676 de
810 1636 944 1676 Rhodi
982 1652 1057 1676 con
1101 1638 1162 1676 tre
1191 1637 1293 1691 galie
1330 1653 1502 1678 renovat
1524 1646 1564 1678 et
1596 1640 1752 1680 instau-

304 1709 399 1734 rare
427 1693 464 1733 el
488 1692 635 1743 castel,
667 1691 705 1732 el
740 1690 836 1745 qual
866 1691 911 1731 fu
941 1692 1116 1731 desfacto
1152 1692 1205 1730 da
1232 1693 1368 1731 Demir
1388 1693 1487 1735 Can.
1541 1694 1596 1734 Et
1625 1694 1752 1736 intesa

303 1747 343 1788 ia
367 1756 520 1788 venata
549 1748 598 1789 de
621 1746 900 1796 Mechemeth,
931 1745 961 1785 li
989 1746 1143 1799 signori
1167 1747 1257 1786 dele
1279 1747 1407 1787 insule
1431 1749 1749 1800 circumstante,

303 1811 442 1843 contra
470 1802 508 1842 el
531 1801 649 1842 voler
681 1802 731 1841 de
762 1802 931 1851 zenan,
966 1815 1150 1841 vennero
1178 1801 1241 1841 818
1267 1802 1427 1842 Smirne
1455 1818 1478 1842 a
1503 1810 1658 1856 prester
1675 1805 1751 1845 ob-

302 1858 507 1898 hedientia
537 1871 561 1897 a
593 1855 863 1897 Mechemeth.
917 1856 972 1895 Et
994 1864 1134 1909 questo
1163 1871 1234 1909 per
1269 1858 1348 1897 doe
1381 1871 1562 1898 caxone:
1593 1858 1632 1898 18
1659 1861 1752 1913 pri..

302 1928 370 1952 ma
406 1928 482 1966 per
522 1912 563 1952 la
588 1911 804 1951 humanit&
844 1917 886 1950 et
916 1912 1067 1963 grande
1101 1913 1282 1964 potentia
1312 1912 1364 1951 de
1398 1912 1683 1963 Mechemeth‚
1711 1913 1752 1954 la

303 1969 476 2007 secunda
518 1982 592 2021 per
625 1966 664 2006 la
697 1965 888 2020 superbia
926 1966 1239 2020 incomparabile
1286 1975 1326 2006 et
1353 1967 1574 2006 inhumana
1605 1967 1753 2011 crude-

303 2022 374 2062 lita
408 2023 458 2062 de
479 2024 634 2064 Zenait.
665 2022 854 2061 Vennero
887 2020 1080 2075 adunque
1107 2022 1132 2060 li
1162 2022 1291 2061 nobili
1323 2022 1409 2061 dele
1438 2022 1612 2072 Fochia,
1639 2022 1767 2064 alcu-¹

303 2080 347 2117 ni
385 2093 454 2130 per
484 2092 627 2128 mare,
659 2076 795 2116 alcuni
831 2090 904 2129 per
923 2083 1065 2124 terra,
1110 2074 1157 2116 e'l
1180 2078 1364 2115 Carmian
1397 2077 1486 2117 dela
1518 2077 1654 2131 Frigia
1683 2093 1752 2118 su·

302 2135 486 2186 periore,
514 2132 760 2172 Mandachia
788 2130 840 2170 de
875 2131 1018 2180 Caria,
1055 2131 1091 2170 el
1121 2134 1254 2184 signor
1283 2132 1333 2170 de
1353 2132 1530 2172 Mitilino
1548 2161 1560 2183 ‚
1586 2132 1616 2171 li
1633 2134 1751 2172 Mao-

303 2189 388 2226 nesi
423 2188 473 2226 de
514 2190 636 2237 Asio,
677 2187 704 2225 li
750 2186 870 2225 fereri
912 2186 962 2225 de
1005 2186 1155 2226 Rhodo
1205 2201 1278 2225 con
1325 2185 1362 2226 le
1399 2187 1514 2241 galie.
1570 2188 1625 2226 Et
1652 2188 1750 2227 tutti

303 2243 540 2294 promiseno
585 2243 682 2281 dare
735 2240 995 2280 obhedientia
1043 2248 1083 2280 et
1116 2240 1322 2280 adiutorio
1365 2256 1388 2279 a
1411 2242 1664 2281 Mechemeth
1695 2242 1747 2281 ad

304 2297 530 2336 desfatione
556 2297 620 2336 dei
652 2310 868 2336 commune
911 2296 1076 2334 inimico
1110 2297 1262 2339 Zenait.
1320 2295 1369 2334 Li
1401 2295 1512 2349 quali
1539 2296 1636 2336 tutti
1667 2310 1746 2336 con

304 2348 483 2405 benigno
518 2359 558 2391 et
595 2354 771 2405 gratioso
811 2357 981 2404 accepto
1011 2351 1154 2390 foi-ono
1179 2351 1361 2394 rezevuti
1389 2352 1440 2390 da
1476 2352 1747 2394 Mechemeth.

303 2407 414 2445 Dexe
448 2409 556 2445 zoi-ni
587 2406 873 2446 combattendo
911 2406 1078 2445 demorb
1115 2405 1279 2455 intorno
1311 2405 1387 2444 alle
1414 2406 1598 2456 Smirne,
1631 2420 1748 2456 exer-

305 2462 509 2500 citandos-‚e
539 2461 663 2515 quelli
688 2460 793 2500 dalle
823 2461 951 2499 insule
986 2475 1056 2513 per
1095 2474 1206 2499 mare
1233 2461 1420 2513 dagando
1454 2462 1544 2513 ogni
1570 2460 1746 2500 aimei-Io

303 2515 497 2568 possibile
530 2531 553 2555 a
580 2515 851 2558 Mechemeth.
908 2515 971 2554 Ali
993 2515 1140 2554 undexi
1165 2516 1274 2564 zorni
1306 2515 1400 2554 ‹lelu
1437 2517 1567 2554 asedio
1597 2515 1634 2554 la
1662 2530 1747 2555 ma-

304 2576 370 2609 tre
407 2572 458 2609 de
489 2571 632 2610 Zenait
664 2578 703 2610 et
741 2572 778 2610 la
815 2570 1007 2624 mogliera
1058 2585 1136 2609 con
1174 2570 1187 2608 i
1220 2569 1358 2622 figlioli
1395 2584 1438 2609 se
1465 2571 1689 2610 reuderono
1721 2585 1746 2610 a

303 2625 580 2675 Mechemeth‚
628 2626 889 2665 confessando
919 2625 948 2664 li
977 2625 1068 2664 loro
1117 2625 1247 2665 errati
1288 2632 1326 2664 et
1365 2624 1652 2664 domandando
1683 2639 1748 2665 re·

304 2679 493 2719 missione
525 2687 567 2719 et
593 2682 828 2733 penitentia.
888 2681 1090 2720 Rezevute
1125 2680 1312 2733 adonque
1335 2680 1374 2719 le
1404 2680 1562 2719 Smirne
1589 2680 1629 2718 in
1670 2693 1746 2721 suo

304 2733 491 2787 domino,
518 2735 773 2776 Mechemeth
804 2736 890 2776 fece
917 2737 959 2776 in
979 2734 1106 2776 molte
1128 2742 1244 2790 parte
1265 2734 1369 2775 della
1398 2740 1506 2774 terra
1534 2735 1747 2789 expianere
