1890 3204
584 138 658 179 ΑΒ
700 136 819 180 CAP.
864 136 976 177 xm.
1016 134 1216 177 NOTAE.
1511 117 1628 196 *557

168 240 272 282 olim
299 239 513 280 foederum
544 239 650 278 inter
677 240 961 293 imperatorem
987 232 1244 278 Fridericum
1275 235 1438 278 Siciliae
1464 252 1601 300 regem
1617 274 1628 292 ,

173 304 231 338 et·
262 294 395 336 Abu-
414 296 522 335 issac
565 294 615 337 F.
645 294 740 334 Abu
760 294 978 346 -ebraim‚
1021 295 1180 348 nepotis
1218 293 1490 346 Abi-Hafri,
1520 311 1631 338 anno

169 351 351 407 Hegirae
379 351 463 392 628
510 348 846 401 Ziumadiachir‚
882 349 926 389 id
954 355 1040 398 est,
1084 347 1265 390 secundo
1315 348 1520 390 mediante
1560 366 1631 393 seu

171 406 240 447 die
270 405 338 448 15.
371 402 449 445 fuit
477 418 609 445 annus
642 405 798 445 Christi
834 405 930 445 1231
949 436 962 456 ‚
1002 404 1157 458 Aprilis
1186 417 1234 443 21
1257 433 1270 456 ,
1302 403 1370 443 die
1396 404 1630 448 dominica:

170 474 426 516 cenamque
467 475 576 500 auno
624 459 759 501 littera
794 459 1051 500 dominicalis
1077 459 1156 500 fuit
1183 458 1235 499 E.
1267 458 1407 513 coepit
1431 474 1531 502 vero
1559 477 1633 503 an-

172 529 254 557 nus
282 515 459 571 Hegirae
491 514 576 556 628
601 529 711 556 anno
744 517 847 556 1230
868 545 880 566 ‚
906 515 1152 556 Novembris
1182 529 1238 569 9,
1267 514 1366 555 feria
1398 530 1438 570 7.
1468 517 1510 556 in
1540 517 1632 558 illo-

165 583 264 612 rum
307 567 519 611 foederum
553 565 779 624 diplomate
820 570 918 611 talia
960 570 1087 611 verba
1124 572 1318 624 leguntur
1354 583 1400 609 ex
1439 574 1632 614 versione

161 627 302 667 -Marci
316 626 453 667 Obelii
481 626 699 666 Citeronis.
718 636 757 667 et
781 633 824 666 ut
859 628 983 666 etiam
1020 627 1139 666 detur
1164 626 1248 665 illis
1263 625 1477 666 dimidium
1492 629 1634 669 tributi

170 681 333 722 insulae
352 681 520 722 Cosirae
543 683 746 735 signatum
767 691 806 722 et
819 681 1075 721 ordinarium
1107 691 1283 734 tempore
1320 683 1452 720 messis
1477 684 1628 724 solitae.

168 749 293 793 neque
303 733 483 777 habeant
493 736 715 777 Christiani
724 738 769 777 in
781 736 998 792 praedicta
1012 738 1143 776 insula
1157 737 1300 776 Cosira
1313 737 1630 780 iurisdictionem

169 791 292 848 snper
308 792 435 831 ullum
448 792 808 842 ΜαΙιωηεεαιιιιηι,
826 801 996 847 praeter
1013 793 1270 846 praefectum
1288 792 1629 835 Malmmetanum

169 847 332 886 missum
355 861 383 887 a
402 847 621 903 praedicto
647 862 740 902 rege
769 847 939 888 Siciliae
967 849 1130 887 nomine
1157 861 1228 887 suo
1245 847 1305 886 ad
1318 847 1513 900 regendos
1534 858 1628 890 tan-

168 902 373 942 cummodo
403 903 573 958 populos
597 902 776 943 Unitatis
793 932 805 955 ‚
833 913 873 943 et
903 905 955 942 sit
978 912 1197 957 occupatus
1220 903 1265 941 in
1292 904 1461 955 negotiis
1485 907 1632 959 populi

175 955 380 1008 Unitatis,
409 970 526 1014 quem
557 959 656 998 deus
684 958 926 1013 honorificet.
947 972 994 998 ex
1022 959 1172 1012 quibus
1198 964 1317 1011 patet
1345 958 1517 1000 omnino
1534 962 1629 1000 Mu-

170 1011 382 1053 sulmanos
424 1027 494 1063 seu
526 1013 841 1054 Mahumetanos
887 1027 1048 1067 semper
1085 1014 1124 1052 in
1155 1027 1205 1053 eo
1245 1012 1447 1054 laborasse
1468 1043 1482 1067 ,
1526 1024 1573 1056 ut
1604 1031 1629 1057 a

167 1067 412 1108 Christianis
438 1068 642 1109 iudicibus
669 1068 762 1110 lites
799 1083 941 1109 eorum
970 1069 1135 1108 minime
1166 1068 1477 1120 dirimerentur,
1511 1072 1579 1111 sed
1605 1087 1629 1111 a

171 1125 256 1163 suis
292 1122 486 1164 Cadizfis.
525 1125 568 1164 in
599 1125 739 1165 verbis
782 1125 964 1179 allegatis
1001 1123 1231 1164 notandum
1261 1131 1321 1164 est
1348 1125 1534 1165 Cosiram
1561 1128 1628 1167 vel

168 1178 390 1234 Cossyram
418 1178 592 1219 insulam
622 1181 753 1221 iacere
781 1180 887 1220 inter
914 1180 1095 1220 Siciliam
1122 1186 1165 1219 et
1180 1179 1364 1219 Africam
1379 1211 1391 1230 ‚
1420 1181 1628 1236 hodieque

169 1233 470 1275 Pantalan’am
519 1234 731 1290 appellari.
776 1250 853 1290 per
898 1235 1074 1290 populos
1115 1234 1302 1275 Unitatis
1341 1236 1627 1278 Muhametani

168 1288 424 1344 intelligendi
455 1298 574 1341 sunt,
608 1305 689 1330 non
722 1298 938 1345 propterea
979 1290 1093 1345 quod
1120 1289 1243 1330 deum
1269 1291 1380 1330 haud
1408 1292 1452 1331 in
1481 1307 1627 1346 perso-

170 1358 318 1384 narum
360 1345 549 1386 trinitate
577 1346 647 1386 sed
687 1347 728 1386 in
758 1348 912 1386 unitate
938 1354 1022 1386 tam
1051 1346 1248 1386 essentiae
1277 1360 1399 1400 quam
1427 1361 1627 1401 personae

167 1399 372 1452 θεῖοι-βοῦς
404 1413 548 1440 verum
573 1402 771 1441 dicuntur
794 1402 938 1456 populi
965 1402 1159 1451 unitatis,
1187 1401 1229 1440 id
1258 1410 1317 1441 est
1343 1404 1591 1444 concordiae
1612 1435 1624 1456 ‚

169 1455 366 1510 quoniam
394 1455 503 1495 inter
524 1471 568 1496 se
595 1457 862 1497 concordiam
895 1464 935 1498 et
957 1470 1203 1497 consensum
1232 1457 1456 1498 diutissime
1483 1474 1626 1499 serva..

167 1518 291 1559 runt,
319 1517 363 1550 et
391 1518 606 1565 propterea
632 1512 782 1552 Islami
798 1543 810 1564 ‚
843 1512 887 1553 id
917 1520 974 1553 est
1004 1513 1243 1563 unanimes,
1273 1520 1370 1552 sunt
1396 1514 1621 1567 appellati,

165 1573 213 1605 ut
241 1565 391 1620 passim
419 1567 591 1608 adnotat
619 1569 902 1609 Leunclavius.
973 1568 1239 1619 Fridericus‚
1266 1567 1337 1621 qui
1369 1583 1462 1608 cum
1493 1571 1679 1614 Abu-V.
1703 1581 1766 1626 136

164 1620 274 1661 lssac
319 1621 464 1662 foedus
501 1623 622 1662 inivit
644 1653 656 1672 ‚
697 1625 862 1663 nomine
892 1624 1096 1664 secundus
1135 1630 1225 1673 est,
1255 1623 1455 1664 Friderici
1484 1625 1628 1666 Aeno-

165 1675 288 1716 barbi
331 1691 473 1732 nepos.
504 1679 557 1718 de
581 1679 660 1719 isto
692 1680 823 1719 iudice
853 1680 1118 1719 Musulmano
1149 1678 1271 1731 Cpoli
1298 1679 1487 1720 instituto
1516 1682 1626 1721 Lao-

166 1730 282 1771 nicus
305 1731 376 1771 lib.
420 1746 443 1771 2
482 1733 652 1773 adnotat
692 1735 974 1774 Andronicum
1012 1734 1234 1773 luminibus
1280 1735 1490 1788 privatum
1516 1736 1626 1776 hauc

164 1786 444 1826 conditionem
488 1788 680 1837 Baiaziti‚
729 1791 845 1829 cuius
871 1790 1020 1843 opibus
1051 1804 1097 1828 ac
1125 1788 1283 1828 viribus
1312 1789 1528 1843 imperium
1557 1807 1626 1832 re-

163 1855 367 1896 cuperare
393 1844 610 1896 sperabat,
641 1845 916 1899 proposuisse,
946 1852 1108 1898 praeter
1133 1844 1305 1898 vectigal
1335 1860 1519 1885 annuum
1545 1848 1626 1886 im·-

165 1897 273 1951 perii
301 1911 423 1937 causa
450 1897 696 1938 solvendum
713 1929 726 1949 ‚
756 1899 831 1939 καί
857 1896 1069 1952 ἁρμοστὴν
1093 1897 1205 1950 ἔχειν
1232 1899 1278 1939 ἐν
1303 1899 1354 1953 τῇ
1382 1895 1529 1947 πόλει,
1561 1903 1625 1942 iu-

132 1950 134 1953 ’
161 1952 291 1992 dicem
317 1967 359 1992 se
386 1954 429 1992 in
459 1954 551 1993 urbe
578 1956 829 2004 habiturum,-
858 1970 979 2008 quem
1001 1955 1154 1994 scilicet
1181 1968 1203 1993 e
1219 1955 1488 1996 Musulmanis
1503 1958 1624 1997 Baia-

162 2007 260 2048 2ites
301 2008 490 2048 dedisset.
533 2024 675 2049 verum
705 2010 871 2050 Laonici
898 2011 1162 2064 perturbatae
1188 2010 1414 2052 narrationi
1443 2026 1489 2052 ac
1518 2026 1622 2053 con-

163 2064 277 2104 fusae
304 2078 452 2117 parum
483 2064 577 2104 fidei
604 2065 881 2105 adhibendum
911 2080 997 2105 esse
1025 2065 1126 2104 mihi
1153 2066 1332 2105 videtur.

277 2117 327 2160 P.
358 2117 428 2174 49,
462 2133 527 2163 20.
585 2117 672 2160 τότε
703 2118 726 2160 ὅ
745 2117 962 2174 τύραννος]
1020 2120 1288 2160 Leunclavius
1314 2120 1390 2160 lib.
1410 2121 1438 2162 6
1467 2123 1508 2162 iu
1529 2123 1620 2164 Gil-

164 2174 322 2216 derune
351 2175 530 2215 Baiazite
572 2191 720 2230 agrum
757 2175 1165 2216 Thessalonicensem
1212 2183 1313 2216 tunc
1358 2176 1621 2220 solummodo

164 2236 409 2284 occupatum
452 2231 575 2271 fuisse
622 2247 645 2272 a
687 2233 724 2271 T
728 2232 835 2271 urcis
888 2239 1112 2285 memorat,
1159 2231 1307 2272 urbem
1352 2233 1619 2288 neutiquam,

161 2293 287 2341 prout
316 2299 339 2324 a
371 2287 616 2340 quibusdam
646 2288 844 2327 traditum
873 2294 949 2330 est.

275 2342 328 2384 P.
363 2340 432 2396 49,
463 2355 530 2382 22.
591 2337 674 2382 οἶηὸ
709 2342 929 2396 Πανίδου]
987 2342 1169 2383 Pauidus
1198 2342 1294 2383 urbs
1316 2343 1367 2383 ad
1387 2344 1618 2398 Proponti-

164 2395 256 2436 dem
286 2396 378 2444 sita,
401 2395 500 2436 olim
530 2398 682 2454 Pactya
710 2398 818 2438 dicta
846 2405 888 2438 et
915 2399 1061 2438 Paros.
1118 2397 1254 2439 Plinio
1285 2398 1360 2439 lib.
1392 2398 1418 2451 4
1448 2396 1540 2455 cap.
1569 2415 1611 2442 ιι

163 2451 309 2492 Pactie
357 2459 544 2492 vocatur.

275 2507 326 2548 P.
342 2507 408 2558 50,
445 2522 476 2547 ι.
543 2502 628 2549 εἷλε
663 2507 736 2547 καί
778 2506 1106 2563 Θεσσαλονίκην]
1170 2510 1291 2550 Anno
1332 2510 1506 2565 Hegirae
1535 2513 1615 2565 793

163 2562 596 2617 Ziumasiulachi1·19,
629 2563 781 2602 Christi
817 2565 935 2618 1591,
965 2564 1062 2603 Maii
1085 2563 1138 2605 25
1164 2564 1454 2606 Thessalonica
1480 2574 1611 2619 capta.

273 2618 323 2657 P.
342 2617 409 2670 50,
433 2633 470 2658 2.
490 2613 746 2671 Ἀβρανέζην
764 2616 969 2673 ἀρχηγόν]
1005 2620 1078 2659 His
1096 2621 1348 2673 temporibus
1374 2637 1437 2661 res
1456 2623 1617 2674 gessisse

163 2672 414 2714 Eurenosem
426 2676 466 2713 in
481 2673 689 2714 Thessalia
707 2675 756 2713 ad
767 2675 907 2715 Serras
919 2675 1191 2715 Leunclavius
1207 2677 1351 2727 tradit,
1367 2677 1436 2716 sed
1451 2677 1614 2716 Phran-

164 2742 227 2769 zes
264 2728 337 2769 lib.
377 2743 390 2769 ι
444 2744 535 2784 cap.
570 2744 642 2779 20,
683 2730 778 2770 item
811 2745 904 2785 cap.
935 2745 1021 2787 29,
1061 2732 1283 2772 Brenezem
1331 2734 1373 2772 iu
1407 2733 1613 2787 Pelopon-
