1884 3216
341 167 638 213 nrsmmffl
676 167 1364 239 nmmumcst.xxx1x.
1482 146 1587 204 281

146 269 251 325 ἄλλο
274 269 452 330 ,χρῄζει
474 271 624 327 κέρδος
664 269 772 326 πλὴν
811 269 888 321 τοὶς
934 267 1159 325 οἰκοδομὰς
1199 270 1274 311 καὶ
1299 267 1352 310 τοὶ
1381 265 1498 323 τειβζη
1525 267 1599 323 τῆς

147 337 334 389 πόλεως,
377 335 453 381 τὸν
491 339 534 380 δ’
574 332 699 379 ἄλλον
743 332 908 391 ἅπαντα
950 335 1171 393 θησαυρόν
1204 335 1277 377 καί
1303 335 1600 389 αἰχμαλωσίαν

147 403 337 453 ἔστωσαν
370 402 496 457 &aab
533 403 676 458 κέρδη.
731 401 828 444 τότε
858 402 898 445 οἱ
921 403 1074 452 πάντες
1100 398 1364 459 εῦφήμησαν.
1419 395 1602 455 ἑσπέρας

151 471 210 512 δὲ’
228 461 453 524 γενομένης
475 467 662 525 κήρυκας
688 467 825 526 κύκλῳ
841 471 920 510 τοῦ
938 469 1221 524 στρατοπέδου
1252 467 1420 516 στείλας
1448 462 1603 521 ἐπράσ-

111 540 278 589 ὅταπςε
321 536 369 578 ἐν
401 534 517 593 πάσῃ
557 535 687 592 σκηνῇ
725 537 847 591 φῶτα
878 534 1043 589 μεγάλα
1067 536 1140 576 καί
1168 532 1379 591 πυρκαϊὰς
1407 532 1602 587 ἀνάψαι,

149 599 228 646 καὶ
250 601 338 651 ταῖν
373 598 526 657 φώτων
562 600 839 658 α’ναφθέντων
876 601 1037 651 πάντας
1069 598 1149 644 σῦν
1177 597 1268 658 ἤχῳ
1297 598 1370 642 καί
1392 601 1474 657 βοῇ
1499 600 1604 640 ἅλα-
1615 601 1736 647 V.127

150 664 282 719 λάξαι
317 663 394 722 ςῆν
431 665 596 721 μιαρὰν
633 663 775 710 αὐτῶν
814 666 959 724 φωνήν
997 665 1074 723 τήν
1114 669 1326 722 δηλοῦσαν
1361 666 1434 722 τήν
1463 664 1605 707 αῦταῖν

148 733 361 787 οἷάβειαν.
423 731 500 774 καί
541 728 594 787 ἦν
632 733 736 775 ἰδεῖν
769 732 843 775 καί
884 733 1066 775 οἰκοῦσαι
1095 735 1210 784 ξένον
1236 733 1382 788 τέρας·
1437 729 1487 774 τοὶ
1522 728 1603 787 γὰρ

148 800 282 855 veiim
300 797 646 853 ὖπερεκχυθὲντα
663 801 708 842 ἑν
726 801 777 856 γῇ
794 800 867 841 καί
894 800 1090 856 θαλάσσῃ
1118 798 1226 855 ὖπὲρ
1254 797 1322 841 τὸν
1338 795 1456 854 ἥλιον
1475 794 1605 851 ἕλαμ-
1618 807 1650 841 D

90 877 229 913 mm
262 862 342 919 τὴν
379 864 521 906 πᾶσαν
561 863 709 920 πόλιν,
754 863 826 907 τὸν
855 867 1074 916 Γαλατᾶν,
1103 863 1181 915 τοὶς
1210 866 1314 920 νῆας
1342 861 1509 912 ἁπάσας
1536 865 1611 905 καί

105 955 109 958 -
148 929 201 977 ni
240 932 516 986 πλοῖαπέρα
555 930 601 972 τὸ
648 929 929 986 Σκουτοῖριον,
971 934 1044 972 καί
1094 928 1320 986 ἐπιφάνεια
1371 932 1488 972 πᾶσα
1535 931 1610 984 τῆς

141 995 284 1052 ,ὑγροῖς
299 999 496 1040 τοσοῦτον
514 994 860 1053 ὑπερήστραπτεν
887 993 987 1039 ὅσον
1016 995 1128 1038 εἴποι
1154 1012 1219 1046 τις
1245 997 1452 1052 κεραυνοῦ
1479 994 1610 1051 δίκην.

148 1061 224 1104 καί
248 1059 329 1117 γὰρ
357 1061 448 1104 εἴθε
476 1057 528 1117 ἦν
557 1062 762 1119 κεραυνὸς
787 1065 843 1104 ου’
869 1065 1063 1119 φωτίζων
1088 1060 1217 1115 μόνον
1243 1060 1350 1104 οἶλλοὶ
1382 1062 1457 1103 καί
1483 1078 1610 1103 κατα·-

149 1128 283 1171 καίων
308 1129 385 1170 καὶ
410 1129 633 1172 δαπανῶνέ
665 1128 703 1171 οἱ
733 1131 780 1171 δὲ
801 1129 1009 1182 Ῥωμαῖοι
1037 1129 1211 1171 ἐδόκουν
1224 1131 1310 1183 πῦρ
1339 1130 1535 1182 ἐμπεσεῖν
1562 1129 1610 1170 ἐν

93 1195 208 1250 ι5τῷ
246 1194 564 1249 στρατεύματι,
605 1196 679 1236 καί
724 1197 977 1250 κατέτρεχον
1019 1195 1098 1244 ἕως
1143 1196 1220 1235 τοῦ
1266 1195 1469 1248 ἐρειπιόυ.
1539 1191 1614 1235 καὶ

0 1283 7 1318 f
153 1259 336 1316 ὗρώῗυτες
365 1258 517 1302 ἀὐτῶν
543 1258 619 1311 τὰς
646 1259 867 1315 ὀρχήσεις,
909 1261 985 1302 καί
1013 1258 1092 1308 τοὶς
1119 1259 1410 1315 εῦφροσύνους
1436 1256 1612 1302 οἷκονόν-

0 1320 2 1322 i
151 1341 222 1375 τες
245 1323 463 1380 ἀλαλαγὰς
508 1323 585 1375 τάς
612 1327 861 1381 γενομένας,
886 1322 1110 1382 προεώρων
1149 1323 1197 1367 τὸ
1225 1328 1402 1380 μέλλον,
1431 1324 1505 1367 καί
1533 1323 1614 1367 σύν

151 1392 308 1450 καρδίᾳ
343 1395 674 1450 συντετριμμένῃ
715 1390 822 1448 πρὸς
848 1390 923 1435 τόν
950 1390 1049 1434 θεὸν
1090 1389 1230 1447 ἔλεγον
1256 1389 1433 1447 „mim-5,
1464 1396 1614 1449 φεῖσαι

151 1455 267 1514 ἡμᾶς
292 1458 368 1515 τῆς
417 1458 583 1509 δικαίας
611 1475 685 1502 σου
722 1460 923 1514 α’πειλῆς,
968 1459 1043 1500 καί
1070 1457 1287 1515 λῦτρωσαι
1315 1459 1428 1513 ἡμᾶς
1453 1460 1499 1501 ἐκ
1527 1460 1610 1501 τῶν

91 1540 143 1568 20
154 1526 310 1580 χειρῶν
334 1527 412 1567 τοῦ
445 1526 771 1580 ἅντικειμένου,”
829 1524 867 1567 οἱ
906 1526 952 1567 δὲ
982 1525 1164 1579 δημόται
1190 1524 1318 1579 μόνον
1346 1524 1507 1575 ἰδόντες
1534 1523 1610 1581 τὴν
1622 1526 1658 1560 Ρ.
1675 1527 1741 1574 ι59

153 1593 361 1646 τοσαύτην
386 1594 494 1635 θέαν
523 1595 596 1635 καί
623 1592 700 1648 τήν
726 1591 828 1648 βοὴν
856 1591 1111 1642 οἷκούσαντες
1131 1592 1186 1642 ὦς
1207 1592 1434 1648 ἦμιθανεῖς
1453 1589 1612 1646 ἔπνεον,

153 1656 214 1713 μὴ
243 1658 470 1713 δυνάμενοι
505 1660 638 1702 ἕλκειν
681 1662 844 1714 πνεῦμα
871 1658 969 1714 μήτ’
997 1654 1243 1716 ἄποφυσᾶν.
1304 1657 1326 1700 ὅ
1352 1659 1399 1700 δὲ
1415 1655 1612 1713 Ἰωάννης

159 1832 331 1872 tyrannus
350 1827 538 1862 deditione
553 1834 681 1875 sponte
697 1830 794 1863 faeta
817 1830 943 1864 urbem
959 1831 1119 1877 recipere
1136 1829 1359 1875 desperavit3
1377 1827 1611 1874 quamobrem

159 1875 274 1920 copiis
300 1876 374 1909 suis
401 1887 466 1921 per
500 1882 615 1909 castra
637 1878 917 1922 oppugnationis
944 1878 1039 1912 diem
1067 1878 1202 1919 edixit3
1231 1876 1364 1922 quibus
1397 1876 1535 1909 iuratus
1562 1876 1612 1908 si—

159 1922 327 1967 gnificat,
363 1923 434 1955 alia
460 1923 594 1968 praeda
618 1930 762 1969 praeter
787 1926 931 1958 moenia
967 1931 1003 1959 et
1031 1925 1155 1958 domos
1181 1924 1281 1957 urbis
1307 1935 1345 1957 se
1370 1933 1444 1956 non
1470 1922 1613 1967 indige-

160 1980 221 2012 τος
247 1969 436 2003 thesauros
462 1981 503 2003 ac
526 1971 705 2015 mancipia
735 1977 965 2017 ceteramque
988 1972 1159 2017 praedam
1187 1971 1297 2004 militi
1323 1981 1387 2004 suo
1413 1970 1611 2003 remittere.

158 2015 230 2050 hac
253 2015 299 2050 de
341 2028 448 2050 causa
471 2018 661 2052 universae
694 2018 727 2051 ei
753 2019 880 2063 copiae
906 2031 986 2052 cum
1012 2020 1142 2064 plausu
1168 2019 1420 2051 acclamarunt.
1440 2017 1507 2050 sub
1532 2028 1613 2050 ves-

187 2075 284 2098 eram
318 2075 384 2109 per
418 2065 584 2098 universa
626 2072 740 2098 castra
775 2067 1016 2110 praeconibus
1040 2066 1179 2105 missis,
1205 2066 1242 2098 in
1270 2064 1437 2098 tentoriis
1460 2064 1612 2108 singulis

177 2111 300 2145 umina
327 2117 365 2145 et
388 2112 488 2156 ignes
511 2113 674 2157 ingentes
701 2113 850 2146 accendi
876 2114 999 2155 iubet3
1036 2113 1310 2157 luminibusque
1337 2111 1495 2144 accensis
1524 2123 1613 2144 cun-

161 2163 238 2192 ctos
262 2169 387 2192 vocem
413 2159 623 2201 infandam,
660 2161 793 2205 impiae
819 2172 941 2194 eorum
969 2161 1154 2206 religionis
1178 2160 1319 2204 signum
1336 2184 1346 2200 ,
1373 2159 1528 2192 clamore
1553 2158 1613 2192 in-

159 2211 267 2240 tenso
292 2217 431 2239 sonare.
455 2213 626 2251 portento
652 2208 742 2253 quid
770 2208 887 2242 simile
905 2207 1101 2242 videndum
1127 2206 1422 2252 audiendumque
1448 2205 1613 2239 oblatum

163 2258 239 2287 est:
264 2253 434 2287 lucernae
470 2255 605 2287 etenim
629 2260 723 2288 terra
754 2256 918 2300 marique
945 2256 1134 2289 confertim
1159 2254 1355 2299 dispositae
1379 2253 1466 2287 solis
1490 2253 1614 2298 splen-

165 2299 291 2334 dorem
314 2300 529 2343 vincebant3
555 2308 746 2348 totumque
773 2303 970 2348 oppidum,
997 2303 1183 2343 Galatam,
1207 2313 1315 2335 naves
1341 2311 1464 2334 omnes
1486 2307 1524 2334 et
1547 2312 1614 2333 na-

163 2347 260 2392 vigia
288 2347 383 2381 ultra
408 2347 611 2382 scutarium
650 2352 782 2384 stantia
809 2350 1060 2391 illustrabant;
1098 2350 1280 2394 marisque
1305 2348 1513 2394 superficies
1541 2348 1616 2381 sul-

125 2415 128 2419 ·
164 2395 273 2428 minis
299 2394 414 2428 instar
450 2397 690 2430 corruscabat.
728 2405 837 2444 atque
863 2399 1000 2431 utinam
1040 2398 1192 2430 fulmine
1228 2407 1302 2430 non
1344 2396 1462 2429 solum
1498 2395 1616 2428 collu-

165 2446 322 2483 nti-ante,
356 2441 420 2475 sed
455 2448 492 2476 et
516 2445 750 2479 comburente
791 2457 831 2478 ac
856 2445 1068 2481 absumente
1086 2480 1090 2485 ,
1107 2444 1229 2478 classis
1268 2448 1304 2477 et
1332 2449 1447 2477 castra
1469 2442 1613 2487 tyranni

165 2494 264 2524 tacta
287 2494 376 2522 tunc
399 2489 574 2525 fuissent!
618 2493 764 2526 Romaei
798 2492 968 2525 incendio
1002 2491 1128 2526 ardere
1158 2496 1273 2526 castra
1307 2491 1400 2532 rati,
1425 2501 1541 2536 usque
1567 2489 1614 2523 ad

165 2537 260 2571 muri
287 2537 428 2570 ruinam
452 2539 675 2583 exploraturi
704 2551 926 2585 processere:
953 2552 996 2572 ex
1021 2540 1221 2584 conspectis
1246 2549 1330 2573 vero
1356 2549 1480 2571 eorum
1505 2539 1616 2571 salta-

166 2583 343 2625 tionibus,
365 2585 496 2629 plausu
523 2587 704 2632 laetisque
731 2599 851 2620 eorum
876 2587 1026 2620 vocibus
1048 2586 1202 2628 auditis,
1227 2587 1327 2632 quod
1340 2586 1502 2620 futurum
1528 2591 1615 2627 erat,

169 2631 380 2674 coniecere3
417 2637 454 2664 et
491 2633 538 2667 ad
563 2634 671 2667 deum
707 2635 814 2668 corde
851 2635 997 2668 contriti
1033 2635 1084 2668 sic
1108 2635 1322 2668 clamavere:
1347 2644 1454 2678 parce
1483 2632 1617 2673 nobis,

171 2677 339 2720 domine,
376 2678 562 2727 iustasque
598 2683 713 2715 minas
745 2688 825 2716 tuas
850 2688 994 2724 averte3
1025 2687 1062 2715 et
1085 2693 1104 2715 e
1131 2681 1298 2715 manibus
1330 2680 1616 2725 oppugnantium

171 2737 237 2761 nos
262 2729 370 2774 eripe.
396 2726 499 2770 plebs
526 2729 633 2763 etiam
674 2730 741 2762 hoc
768 2730 874 2762 unico
901 2730 1107 2774 spectaculo
1133 2742 1173 2763 ac
1195 2729 1454 2763 vociferatione
1480 2733 1617 2772 perter-

172 2775 241 2809 rita
277 2786 318 2810 ac
354 2773 608 2818 semimortua,
644 2777 881 2822 respiratione
918 2778 1019 2810 velut
1056 2777 1256 2823 intercepta
1298 2777 1432 2810 ducens
1464 2775 1616 2821 suspiria
