1890 3204
580 136 655 178 An
695 136 815 187 CAP-
855 135 962 187 xvi
999 135 1202 209 Noun
1508 119 1619 179 563

161 239 295 295 refodi
339 254 390 284 ae
421 238 638 292 comburi,
679 247 863 281 stercore
887 241 1011 281 etiam
1042 240 1226 281 humano
1255 239 1523 295 sepulchrum
1549 257 1622 297 op-

158 298 264 408 geri
299 295 434 341 iussit.
471 294 586 351 quod
626 310 724 348 eigo
753 295 906 336 Iezidcs
932 297 1121 337 Damasci
1149 296 1336 351 sepultus
1363 305 1494 349 esset,
1523 313 1623 352 erga

199 364 434 396 amascenos
470 358 558 392 tam
597 327 822 391 crudeliter
863 366 913 392 ac
950 352 1183 393 immaniter
1222 366 1266 392 se
1305 351 1440 407 gessit.
1473 354 1622 394 mitiori

160 422 264 453 vero
295 406 424 448 modo
452 406 737 458 Hamusenos‚
770 406 870 447 olim
901 409 1112 448 Emisenos
1151 407 1308 458 dictos,
1337 407 1483 448 habuit
1508 409 1622 463 quod

160 464 269 507 inter
300 461 413 517 ipsos
441 461 599 502 Helidis
626 463 714 516 (qui
741 460 899 503 Vel1d1s
913 458 1043 518 filius
1080 468 1181 513 erat)
1207 469 1250 503 et
1272 465 1405 504 Amru
1426 463 1624 512 (Humem

154 528 298 576 patre
295 518 418 570 nati)
445 517 688 559 Mobametis
713 518 919 558 sociorum
944 533 990 558 ac
1011 517 1303 574 discipulorum
1330 518 1543 574 sepulchia
1578 519 1677 560 acV
1700 522 1762 569 ¹78

161 579 428 623 monumenta
458 579 661 613 extarent.

164 659 169 665 ⁴
271 630 330 674 P
341 629 414 677 61,
431 642 497 668 21.
529 629 626 682 Cap·
647 627 708 668 16.
737 623 1064 683 Ταυροσκύθας]
1097 629 1406 684 Tauioscythae
1422 635 1533 678 sunt,
1550 629 1623 684 qui

157 674 266 730 inter
278 684 572 739 Borysthenem
585 692 623 726 et
634 684 808 724 Tanaim
823 691 865 724 et
876 685 1094 724 Tauricam
1107 685 1405 726 Chersonesum
1425 685 1625 727 habitant.

161 733 307 785 Zinchi
351 740 496 794 populi
543 746 642 780 sunt
681 740 732 779 ad
770 740 978 779 Euxinum
1010 747 1210 794 pontum,
1238 740 1357 780 Sindi
1386 738 1485 781 alias
1512 740 1624 783 dicti.

161 795 320 837 Plinius
349 796 422 836 lib.
449 795 478 836 6
518 810 595 849 cap
638 810 688 850 7:
733 811 760 834 a
791 796 1008 835 Cimmerio
1037 798 1227 836 accolunt
1258 797 1452 845 Μεοιὶοἰ,
1490 797 1623 846 Vati,

157 851 275 900 Serbi
349 849 508 900 Archi,
547 850 698 903 Ζὶηςί,
744 850 884 892 Psesii.
924 852 995 904 qui
1033 852 1164 906 Zyngi
1204 851 1368 903 Plinio,
1400 852 1426 891 ii
1469 853 1627 906 Zynchi

103 931 108 937 ν
160 863 342 957 sunnin
374 906 586 960 peninsula
615 906 934 946 Coloeondama
961 906 1042 946 siti.
1099 907 1214 947 Sindi
1248 915 1289 947 ct
1310 906 1456 947 Zinchi
1501 908 1627 947 iidem

157 970 254 1004 sunt
290 962 507 1003 Eustathio
541 962 591 1001 ad
628 957 932 1029 Πεοιηγήσεως
956 959 1187 1002 Διονυσίου
1219 962 1328 1002 hune
1356 976 1551 1012 versum,

387 1013 532 1058 >swani
563 1015 808 1068 Κιμμέριοί
834 1030 879 1056 τε
908 1031 977 1056 και
1010 1015 1048 1056 οἱ
1076 1018 1206 1064 πέλας
1226 1015 1460 1066 Ευξείνοιο.

162 1066 226 1122 ὅτι
254 1067 540 1138 Σαυρομάτας
570 1072 773 1124 επέχουσι
799 1069 838 1112 οἱ
880 1071 1026 1112 Σινὸοι
1063 1070 1103 1112 οἱ
1133 1070 1208 1112 καί
1235 1072 1387 1125 Ζιῖσχοι
1414 1069 1629 1125 λεγόμενοι

161 1123 268 1176 κατά
297 1142 426 1175 τινας.
495 1126 750 1168 Sauromacis
787 1127 1004 1167 succedunt
1030 1127 1176 1176 Sindi,
1205 1129 1278 1196 qui
1302 1128 1416 1183 apud
1438 1129 1630 1183 quosdam

160 1182 312 1230 ΖίηεΙιί
352 1183 634 1239 appellantur.
673 1184 786 1237 regio
822 1183 1087 1236 Zyncliorum
1132 1182 1301 1235 Ζυκχία
1328 1183 1559 1237 appellatur
1588 1185 1629 1224 in

159 1236 352 1287 biblioth.
371 1240 520 1294 Regiae
538 1239 624 1279 MS.
651 1238 787 1287 libro,
817 1237 860 1276 in
892 1236 1086 1278 formulis
1117 1239 1463 1293 subscriptionum
1493 1244 1535 1279 et
1566 1239 1631 1280 in-

162 1271 456 1348 scriptionum„
467 1295 732 1349 epistolarum
769 1292 1029 1348 patrianchae
1055 1294 1256 1348 Cpoleos;
1288 1302 1329 1334 ct
1358 1294 1535 1334 habetur
1564 1296 1675 1334 ιιι-Ρ.
1695 1303 1762 1337 232

159 1357 224 1397 ter
252 1349 567 1419 metropolitas,
595 1350 743 1404 quibus
777 1350 924 1390 scribit
950 1350 1215 1403 ρειῐι“ἰι“ιιοίιιι,
1243 1324 1272 1389 ὅ
1302 1346 1552 1403 Μετράχων
1583 1346 1630 1396 ὃς

160 1419 231 1447 και
266 1402 474 1458 Ζηκχίας.
534 1405 826 1448 Constantinus
862 1405 1107 1458 PorphyrgO
1097 1407 1244 1447 enitus
1273 1404 1385 1444 libro
1416 1406 1468 1444 de
1499 1405 1631 1445 admi-

162 1462 404 1507 nistratione
434 1461 595 1527 imperii
639 1460 717 1500 sub
747 1458 870 1500 finem
899 1460 950 1499 dc
976 1461 1148 1500 Zinchia
1178 1460 1258 1500 hoc
1286 1460 1527 1500 adnotatum
1559 1475 1630 1500 re..

161 1515 330 1582 liquit:
339 1514 478 1558 ιστέον
521 1528 588 1556 οτι
626 1515 673 1556 ἐν
698 1516 752 1570 τῇ
785 1515 952 1571 Ζηκχία
997 1512 1103 1567 πρὸς
1130 1511 1199 1556 τὸν
1234 1512 1363 1555 τόπον
1390 1516 1465 1568 τῆς
1496 1531 1581 1567 ua)
1585 1516 1631 1570 ἧς

158 1571 236 1626 τῆς
276 1584 416 1636 ουσης
445 1568 553 1624 πρὸς
592 1567 640 1611 τὸ
668 1572 841 1633 μέρος
841 1571 930 1632 τῆς
963 1570 1226 1622 Παπαγίας,
1256 1570 1301 1611 ἐν
1330 1564 1359 1625 ᾗ
1384 1584 1581 1609 κατοικοι
1586 1582 1631 1610 σι

162 1627 351 1680 Ζηκχοί,
387 1621 507 1666 ἔννεα
533 1626 671 1677 παγαί
710 1626 793 1667 εἰσι
821 1617 973 1679 ἄφθαν
1012 1624 1311 1666 α’ναόιὸοῦσαι.
1340 1627 1552 1666 tenendum
1585 1627 1630 1666 in

163 1683 371 1723 Ziswhiae
395 1691 510 1736 parte
539 1681 600 1721 ad
609 1682 777 1734 fontem
806 1683 877 1736 qui
903 1680 1139 1737 Papagiam
1171 1683 1356 1737 respicit,
1378 1696 1499 1736 quam
1526 1684 1625 1721 Zin-

165 1738 231 1777 chi
257 1737 451 1788 incolunt,
484 1749 625 1776 novem
654 1751 737 1775 esse
747 1738 893 1788 sontes
906 1768 919 1788 ,
946 1751 1115 1792 quorum
1145 1750 1256 1793 aqua
1281 1746 1380 1791 poca
1409 1738 1542 1776 ulcera
1564 1737 1629 1776 la-

161 1791 242 1832 biis
271 1801 394 1847 alque
420 1793 604 1846 pustulas
634 1790 787 1860 affere.

275 1847 330 1889 P.
347 1846 416 1896 62,
438 1860 496 1885 ιο.
525 1846 742 1900 πληκεύων
758 1840 825 1900 ἧν]
856 1846 1011 1887 Leonis
1029 1846 1624 1913 imperatorisTacticaelih.1

162 1916 253 1957 cap.
270 1916 292 1942 α
317 1902 426 1941 hunc
444 1901 611 1941 titulum
639 1901 776 1951 habet,
807 1915 905 1954 περι
935 1899 1156 1954 α’πλήκτων
1187 1897 1393 1952 διαταξις.
1420 1895 1632 1955 ἄπληκτον

162 1972 261 2005 vero
290 1963 333 1998 et
342 1953 566 2023 φοσσάτον
592 1957 735 1997 eadem
757 1964 851 1998 sunt
873 1964 915 1996 et
949 1967 1090 1997 castra
1104 1958 1347 2012 significant,
1379 1964 1421 1998 ct
1451 1958 1630 1997 verbum

163 2007 416 2067 α’πληκεύειν
445 2021 577 2052 castra
605 2012 740 2052 locare
771 2012 912 2053 codem
943 2012 1035 2052 loco
1063 2013 1193 2068 signif
1199 2021 1279 2054 cit
1311 2028 1382 2068 pei
1410 2027 1628 2078 apocopen

162 2069 240 2108 τοῦ
267 2083 295 2107 α
341 2069 498 2121 scripsit
537 2069 674 2108 Dueas
716 2065 957 2121 πληκεύων,
1003 2081 1108 2122 quae
1149 2067 1280 2124 figura
1311 2068 1480 2109 Graecis
1507 2071 1631 2109 etiam

162 2138 275 2163 nunc
303 2131 388 2163 tam
427 2122 642 2163 familiaris
687 2131 772 2174 est,
800 2129 848 2162 ut
877 2138 1007 2162 unum
1042 2124 1211 2164 verbum
1246 2125 1311 2166 vix
1336 2127 1546 2176 integrum
1576 2125 1630 2163 ab

161 2179 213 2222 iis
246 2178 687 2234 pronuncietu1‚nec
728 2179 885 2233 antiqui
930 2180 1077 2220 Graeci
1117 2180 1319 2221 idiomatis
1345 2180 1514 2234 vestigia
1538 2194 1629 2220 eer-

164 2242 331 2278 uantur.

279 2290 331 2331 P.
359 2290 432 2341 62,
464 2303 525 2329 11.
584 2286 814 2343 Ἀγκύρας]
861 2289 1037 2359 Ancyia
1065 2290 1165 2330 ulbs
1200 2289 1387 2330 Galatiae
1418 2295 1493 2330 cst.

273 2345 326 2388 P.
353 2345 426 2396 63,
464 2359 523 2386 ιι.
581 2344 626 2384 ἐν
653 2343 699 2384 δὲ
727 2348 821 2391 ταῖς
850 2341 1029 2409 ἡμέραις
1055 2344 1247 2399 suscitate]
1282 2345 1487 2386 lohannes
1509 2347 1628 2386 luve-

163 2401 265 2446 nalis
284 2400 482 2441 Ursinius
510 2399 620 2440 illius
650 2408 854 2448 cometae,
896 2402 966 2454 qui
996 2415 1103 2440 anno
1139 2400 1234 2453 1401
1272 2400 1413 2451 fulsit,
1443 2409 1485 2441 et
1517 2403 1628 2440 Bun-

161 2459 299 2522 tingue
343 2457 384 2496 in
427 2457 706 2508 Chronologia
755 2457 1053 2508 meminerunt3
1082 2457 1230 2511 hicque
1271 2471 1408 2496 mense
1439 2455 1627 2497 Februa..

164 2512 230 2553 rio
261 2515 395 2553 visum
423 2526 510 2552 esse
539 2511 664 2554 addit.
697 2519 857 2552 cometa
885 2518 1023 2552 autem
1042 2488 1300 2590 Τλαμπαδάις
1328 2512 1480 2566 dictus,
1511 2513 1627 2567 quod

163 2567 354 2609 ardentes
385 2568 569 2608 imitetur
598 2568 717 2607 faces.
751 2566 859 2606 Plin.
892 2566 966 2607 lib.
990 2582 1014 2607 α
1060 2582 1147 2622 cap.
1166 2570 1234 2610 25.

276 2624 326 2665 P.
340 2623 409 2674 65,
429 2638 486 2678 ¹9.
514 2618 847 2677 Τζιαβούζιὸας]
871 2623 988 2663 nanc
1000 2624 1220 2677 periodum
1234 2638 1314 2663 non
1329 2625 1384 2663 ita
1404 2621 1558 2663 claram
1575 2622 1629 2660 ob

167 2680 347 2719 auctoris
372 2694 507 2732 impui
511 2693 579 2718 um
610 2677 760 2731 stylum
781 2678 1219 2733 constructionemque
1239 2680 1470 2727 barbarum,
1502 2679 1630 2717 verti-

171 2747 262 2775 mus
288 2735 370 2776 hoc
404 2749 554 2786 sensu,
585 2740 630 2772 ut
660 2733 875 2775 Baiazitem
915 2734 1054 2776 Persis
1084 2735 1287 2790 ignaviam
1316 2736 1629 2790 expiem-antem
