1904 3198
343 133 414 206 74
670 153 854 196 nume
890 153 1178 197 mrciffims
1218 156 1442 199 NEPOTIS

337 252 492 302 ἐξιέναι
521 253 676 308 μικροῦ
708 253 782 294 καί
806 250 994 306 ἀριθμὸν
1021 250 1293 307 ὗπερβαῖνον,
1333 253 1378 297 τό
1412 271 1456 298 τε
1483 258 1557 312 τῆς
1582 258 1782 315 κινήσεως

336 311 570 373 εὔστροφον
606 319 680 360 καί
718 315 916 369 ὀξύτατον
926 349 943 367 ,
985 315 1060 359 καί
1101 315 1125 359 ὃ
1168 319 1328 364 τούτων
1360 324 1531 376 μεῖζον,
1562 321 1608 364 τὸ
1635 328 1783 376 τελέως

334 381 530 436 ’ἀφειδεῖν
567 378 732 426 ἑαυτῶν
774 384 849 426 καί
896 382 1001 426 κατὰ
1034 383 1258 438 πρόσωπον
1302 386 1420 443 δίκην
1452 388 1610 443 ἀγρίων
1634 393 1784 446 θηρῶν

335 448 520 490 ἀπαντᾶν
547 450 607 500 εἷς
637 448 712 500 τὰς
736 450 894 504 μάχας.
969 447 1188 503 διαβάντες
1215 454 1353 495 τοίνυν
1378 452 1424 496 τό
1454 453 1584 508 στόμα
1613 455 1695 496 τοῦ
1716 459 1781 501 λι-

331 513 456 566 μένος
483 514 556 556 καί
590 513 878 572 παραστάντες
908 514 986 570 τὴν
1012 514 1189 572 τάφρον,
1229 517 1266 560 οἱ
1294 521 1374 572 μὲν
1398 521 1570 576 φρέριοι
1598 517 1669 565 διὰ
1695 522 1818 564 τῶνό

330 580 466 631 βελῶν
505 579 708 635 ἀνδρείως
746 580 952 634 ἐμάχοντο
982 582 1028 622 ἐκ
1069 584 1151 623 τῶν
1197 582 1489 639 προμαχιόνων
1509 616 1522 640 ,
1561 586 1635 627 καί
1662 587 1781 642 δίκην

332 645 518 699 α’κριΰων
556 647 931 698 κατακοπτομένων
976 644 1058 687 ὑπὸ
1101 650 1319 703 στρουθῶν
1364 650 1411 692 ἐν
1438 653 1492 708 τῇ
1517 647 1666 710 τάφρῳ
1693 652 1782 695 ἐνέ-

332 725 507 763 πιπτον,
535 713 608 752 καί
636 711 659 764 ἦ
691 711 852 766 τάφρος
885 710 1050 764 ὑψοῦτο
1078 717 1161 762 τοῖς
1190 711 1358 767 σώμασι
1383 716 1469 757 τῶν
1490 717 1683 768 Σκυθῶν,
1710 714 1785 758 καὶ

333 774 371 816 οἱ
404 775 568 818 ,Σκύθαι
591 775 649 826 ὥς
681 774 726 817 αἱ
755 778 939 832 κεφαλαὶ
963 779 1038 831 τῆς
1065 775 1199 832 ὕδρας
1243 777 1435 834 ἐφύοντο.
1489 782 1782 837 πληρωθείσης

296 837 412 886 οοῦν
444 844 515 896 τῆς
553 841 717 898 τάφρου
753 843 837 884 τῶν
861 842 1093 897 σωμάτων,
1143 844 1184 885 οἱ
1212 844 1548 900 περιλειπόμενοι
1573 845 1684 902 §neq
1705 848 1847 900 μέ-Ιθ

332 922 430 962 τρον
461 906 627 948 Σκύθαι
666 907 924 962 πατήσαντες
961 907 1013 950 τὰ
1055 907 1284 964 τεθνηκότα
1331 911 1414 952 τῶν
1456 902 1661 964 σωμάτων
1699 910 1785 954 ,καὶ

331 974 536 1024 κλιζαακας
575 975 788 1022 ἐπιθέντες
830 973 1076 1027 ἀνέβαινον,
1115 972 1154 1016 οἱ
1181 975 1262 1028 μὲν
1289 970 1400 1029 ἅνω,
1428 973 1468 1018 οἶ
1496 976 1543 1019 δὲ
1569 973 1783 1032 τὴνπρός

320 1035 481 1094 ‘'Atd‘qv
512 1039 727 1093 φέρουσαν
753 1039 966 1094 κάθοδον,
1009 1039 1069 1096 μὴ
1102 1041 1335 1096 φροντίζων
1361 1037 1383 1082 ὃ
1413 1042 1496 1093 ζῶν
1523 1040 1595 1084 διὰ
1620 1039 1690 1084 τὸν
1711 1057 1784 1085 τε·

328 1105 513 1158 amacina
543 1106 584 1145 εἰ
609 1103 745 1159 πατήρ
775 1107 887 1149 ἐστιν
920 1100 947 1161 ἢ
980 1105 1074 1155 υἱὸς
1099 1106 1293 1161 γνήσιος·
1332 1104 1440 1149 α’λλὰ
1469 1104 1516 1149 τὸ
1544 1105 1781 1158 σπουδαζό-

327 1185 455 1222 μενον
482 1171 526 1211 ’ἐν
553 1165 604 1225 ἦν
629 1173 675 1213 έν
716 1176 809 1221 ταῖς
835 1175 921 1214 τῶν
949 1170 1148 1214 ἁπάντων
1178 1178 1361 1226 ψυχαῖς,
1389 1171 1456 1223 τίς
1483 1173 1649 1227 πρῶτος
1676 1169 1847 1216 ἄνα-’5

329 1238 490 1289 βαίνειν
520 1236 593 1278 καί
616 1237 663 1278 τὸ
693 1240 897 1293 σκῆπτρον
927 1241 1069 1279 θεῖναι
1095 1238 1141 1279 ἐν
1183 1238 1240 1295 τῷ
1268 1237 1428 1297 πύργῳ.
1486 1236 1577 1281 τότε
1602 1239 1650 1280 ἐκ
1677 1239 1782 1280 πάν-

330 1317 416 1343 των
444 1303 526 1343 τῶν
558 1306 700 1357 μερῶν
728 1302 958 1357 ἀναβάντες
994 1302 1068 1345 καί
1093 1304 1190 1354 τούς
1221 1306 1425 1361 φρερίους
1452 1303 1513 1353 εἷς
1538 1302 1584 1346 τὸ
1617 1302 1782 1346 ἐνδότε-

330 1382 404 1420 ρον
430 1365 787 1422 καταδιώξαντες,
818 1369 932 1426 φυγῇ
956 1367 1032 1425 τήν
1058 1372 1270 1425 σωτηρίαν
1300 1371 1598 1422 έπιμελοῦντο,
1627 1367 1705 1418 vde
1733 1370 1783 1410 δὲ

329 1430 513 1487 τριήρεις
538 1432 658 1488 ἐγγύς
688 1435 761 1490 τῆς
789 1433 1055 1489 ἀκροπόλεως
1089 1432 1336 1484 ἑλκύσαντες
1360 1435 1528 1491 φύρδην
1563 1435 1638 1477 κατ’
1679 1435 1781 1477 droi-

329 1514 435 1548 κτως
467 1496 711 1554 εἰσήρχοντο
730 1531 742 1554 ,
788 1498 955 1553 ἔχοντες
994 1500 1069 1542 τὸν
1106 1501 1364 1543 Μηαίουλον
1404 1497 1534 1542 αὐτὸν
1571 1498 1682 1553 ὅμοῦ
1709 1498 1846 1542 natan

288 1562 427 1613 Βτούς
469 1564 640 1614 λοιπούς
685 1567 899 1621 φρερίους,
955 1567 993 1609 οἱ
1032 1567 1078 1608 δὲ
1109 1566 1300 1616 ἐλθόντες
1328 1566 1406 1608 τοῦ
1434 1567 1709 1622 φυλαχθῆναι
1735 1566 1783 1608 ἐκ

330 1630 415 1672 τῶν
452 1629 572 1679 έκτός
599 1632 857 1686 Χριστιανοὶ
883 1629 1065 1682 ἅπαντες
1107 1630 1188 1674 σύν
1225 1631 1393 1686 γυναιξί
1432 1631 1506 1675 καί
1532 1634 1713 1685 τέκνοις,
1741 1631 1782 1674 οἱ

329 1698 407 1750 μὲν
431 1697 475 1738 ἐν
502 1696 556 1752 τῇ
592 1694 813 1754 θαλάσσῃ,
844 1696 882 1740 οἱ
912 1699 959 1740 δὲ
1003 1699 1248 1753 κρατοῦντες
1274 1695 1325 1741 τὰ
1352 1697 1536 1752 πηδάλια
1561 1699 1643 1740 τῶν
1666 1696 1782 1754 τριή-

430 1809 481 1832 10.
505 1797 835 1843 παραλειπόμενοι
859 1798 894 1831 Ρ.

331 1886 378 1919 ad
404 1886 503 1932 quod
535 1892 618 1932 apte
651 1897 688 1921 se
720 1894 950 1935 comparant,
979 1888 1066 1923 dum
1096 1899 1245 1922 numero
1270 1899 1433 1933 magnam
1456 1888 1543 1922 satis
1569 1888 1780 1922 multitudi-

331 1944 435 1974 nem,
470 1944 621 1979 eamque
646 1935 800 1968 celerem
827 1946 870 1968 ac
892 1935 1098 1980 expeditam
1133 1934 1302 1969 educunt.
1326 1935 1498 1981 quodque
1523 1934 1651 1968 horum
1673 1946 1779 1983 prae-

331 1980 478 2025 cipuum
518 1986 592 2021 est,
627 1981 698 2014 sibi
723 1982 932 2016 nullatenus
966 1987 1142 2028 parcunt,
1175 1987 1213 2016 et
1250 1981 1418 2016 adversus
1458 1981 1579 2015 hostes
1621 1982 1779 2016 ferarum

330 2027 524 2071 agrestium
556 2038 656 2063 more
682 2028 720 2062 in
744 2040 899 2074 pugnam
928 2029 1139 2074 procedunt.
1174 2034 1300 2074 portus
1325 2028 1418 2062 ostio
1441 2028 1513 2061 iam
1535 2033 1703 2075 superato
1731 2028 1779 2062 ad

332 2074 445 2107 fossas
485 2074 612 2119 oppidi
647 2076 818 2109 accedere
844 2076 1016 2120 Scythae:
1052 2082 1089 2110 at
1112 2076 1253 2121 equites
1277 2074 1408 2108 Rhodii
1435 2075 1579 2109 fortiter
1599 2086 1619 2108 e
1642 2086 1779 2121 propu—

330 2121 491 2165 gnaculis
506 2120 693 2163 obsistere,
713 2122 947 2168 Scythasque,
961 2128 1002 2165 ut
1025 2131 1186 2168 passeres
1212 2122 1382 2163 locustas,
1405 2122 1444 2156 in
1467 2122 1580 2156 fossas
1606 2121 1778 2163 deiicere,

332 2178 426 2212 quae
456 2178 579 2201 eorum
604 2168 838 2204 cadaveribus
863 2169 1147 2215 complebantur.
1184 2169 1223 2203 hi
1246 2179 1330 2202 vero
1349 2194 1359 2209 ,
1399 2173 1440 2201 ut
1476 2167 1611 2211 hydrae
1636 2167 1776 2215 capita,

329 2224 564 2247 succrescere.
587 2222 753 2259 congesta
772 2217 896 2262 itaque
915 2216 1146 2250 cadaveribus
1174 2216 1269 2249 fossa
1289 2214 1424 2249 residui
1438 2214 1611 2249 immenso
1625 2225 1776 2248 numero

329 2260 484 2303 Scythae
521 2273 703 2297 caesorum
729 2263 907 2297 calcantes
939 2263 1110 2297 cadavera
1135 2262 1322 2307 scalasque
1349 2260 1578 2296 admoventes
1603 2260 1778 2295 ascende-

329 2313 436 2347 runt,
473 2307 610 2352 aliique
637 2309 675 2343 in
696 2311 922 2343 moeniorum
957 2311 1087 2356 pinnas
1112 2313 1320 2349 evaserunt,
1344 2308 1427 2348 alii,
1453 2318 1546 2352 quae
1571 2307 1618 2340 ad
1640 2308 1776 2342 inferos

328 2358 367 2386 et
393 2354 504 2386 letum
542 2354 658 2396 ducit,
694 2357 787 2390 viam
813 2357 965 2401 ingressi
991 2361 1084 2391 suut.
1106 2366 1226 2401 neque
1251 2359 1430 2400 superstes
1455 2365 1639 2387 caesorum
1662 2354 1776 2399 patris

327 2405 393 2432 aut
418 2400 614 2436 liberorum
640 2402 811 2437 cadavera
836 2405 973 2438 calcare
1004 2402 1254 2443 aversabatur,
1281 2406 1344 2434 aut
1368 2411 1490 2433 eorum
1515 2400 1560 2433 ab
1590 2401 1672 2434 aliis
1700 2400 1776 2434 dis-

328 2446 464 2479 crimen
502 2447 653 2493 aliquod
684 2450 858 2484 faciebat:
897 2451 961 2484 sed
983 2450 1046 2483 uni
1070 2454 1210 2483 tantum
1234 2449 1286 2481 rei
1310 2447 1470 2481 intentus
1498 2452 1575 2481 erat
1596 2447 1774 2492 quisque,

328 2493 512 2537 quomodo
545 2495 644 2539 prior
680 2497 891 2531 ascenderet
921 2497 1166 2541 vexillumque
1197 2495 1289 2528 turri
1327 2494 1502 2537 infigeret.
1528 2493 1774 2539 undequaque

328 2540 437 2583 igitur
458 2552 578 2574 muros
603 2541 799 2576 subeuntes
824 2544 862 2576 in
891 2545 1100 2579 interiorem
1126 2542 1215 2575 arcis
1239 2541 1358 2574 locum
1385 2541 1512 2574 fratres
1540 2540 1774 2586 compellunt3

327 2586 391 2630 qui
415 2587 567 2620 salutem
602 2588 685 2632 suga
722 2597 935 2633 quaerentes
958 2591 1121 2625 triremes
1151 2598 1264 2634 prope
1290 2598 1407 2620 arcem
1431 2587 1635 2628 adducunt,
1658 2587 1773 2632 ipsas-

327 2644 398 2677 que
421 2635 682 2668 tumultuantes
720 2648 760 2668 ac
784 2637 1008 2681 trepidantes
1032 2636 1178 2681 ingressi
1208 2640 1292 2668 sunt
1317 2634 1475 2667 Ballivus
1500 2639 1539 2668 et
1562 2633 1672 2667 ceteri
1700 2633 1772 2665 fra-

326 2686 408 2713 tres.
435 2686 472 2713 at
496 2680 704 2722 Christiani,
729 2684 791 2727 qui
816 2684 853 2716 in
882 2684 920 2719 id
951 2683 1125 2729 oppidum
1149 2681 1350 2715 securitatis
1376 2692 1482 2714 causa
1508 2692 1552 2714 ex
1576 2680 1657 2713 aliis
1681 2679 1771 2712 loeis

326 2737 363 2760 se
388 2734 621 2775 receperant,
662 2740 782 2763 onmes
821 2742 900 2765 cum
938 2730 1110 2765 uxoribus
1137 2735 1174 2764 et
1203 2728 1328 2763 liberis
1365 2739 1462 2762 mare
1489 2726 1662 2772 ingressi,
1689 2737 1771 2773 par-
