<?xml version="1.0" encoding="UTF-8"?>
<!DOCTYPE html PUBLIC "-//W3C//DTD XHTML 1.0 Transitional//EN"
    "http://www.w3.org/TR/xhtml1/DTD/xhtml1-transitional.dtd">
<html xmlns="http://www.w3.org/1999/xhtml" xml:lang="en" lang="en">
 <head>
  <title>
</title>
<meta http-equiv="Content-Type" content="text/html;charset=utf-8" />
  <meta name='ocr-system' content='tesseract 3.04.00' />
  <meta name='ocr-capabilities' content='ocr_page ocr_carea ocr_par ocr_line ocrx_word'/>
</head>
<body>
  <div class='ocr_page' id='page_1' title='image "./corpusscriptorum11niebuoft_0413.png"; bbox 0 0 1916 3210; ppageno 0'>
   <div class='ocr_carea' id='block_1_1' title="bbox 0 0 95 844">
    <p class='ocr_par' dir='ltr' id='par_1_1' title="bbox 0 0 95 844">
     <span class='ocr_line' id='line_1_1' title="bbox 0 0 95 844; baseline 0 0"><span class='ocrx_word' id='word_1_1' title='bbox 0 0 95 844; x_wconf 95' lang='lat' dir='ltr'><strong> </strong></span> 
     </span>
    </p>
   </div>
   <div class='ocr_carea' id='block_1_2' title="bbox 427 182 1594 258">
    <p class='ocr_par' dir='ltr' id='par_1_2' title="bbox 427 182 1594 258">
     <span class='ocr_line' id='line_1_2' title="bbox 427 182 1594 258; baseline 0 -14"><span class='ocrx_word' id='word_1_2' title='bbox 427 201 643 244; x_wconf 64' lang='lat' dir='ltr'><strong>muer:</strong></span> <span class='ocrx_word' id='word_1_3' title='bbox 678 203 1024 258; x_wconf 39' lang='grc' dir='ltr'><strong>ὰιιηἰἘιὶΡιὶιὲιτε’</strong></span> <span class='ocrx_word' id='word_1_4' title='bbox 1057 201 1309 250; x_wconf 72' lang='lat' dir='ltr'><strong>mcER&#39;ro.</strong></span> <span class='ocrx_word' id='word_1_5' title='bbox 1481 182 1594 258; x_wconf 81' lang='grc'><strong>395.</strong></span> 
     </span>
    </p>
   </div>
   <div class='ocr_carea' id='block_1_3' title="bbox 136 305 1605 1748">
    <p class='ocr_par' dir='ltr' id='par_1_3' title="bbox 136 305 1605 1748">
     <span class='ocr_line' id='line_1_3' title="bbox 146 305 1598 353; baseline -0.001 -5"><span class='ocrx_word' id='word_1_6' title='bbox 146 315 209 352; x_wconf 68' lang='lat' dir='ltr'><strong>tm</strong></span> <span class='ocrx_word' id='word_1_7' title='bbox 226 307 493 350; x_wconf 20' lang='lat' dir='ltr'><strong>*vnMwMoses</strong></span> <span class='ocrx_word' id='word_1_8' title='bbox 522 320 617 347; x_wconf 83' lang='lat' dir='ltr'><strong>-non</strong></span> <span class='ocrx_word' id='word_1_9' title='bbox 645 321 808 348; x_wconf 82' lang='lat' dir='ltr'><strong>cessava</strong></span> <span class='ocrx_word' id='word_1_10' title='bbox 839 307 1174 348; x_wconf 78' lang='lat' dir='ltr'><strong>continuamente</strong></span> <span class='ocrx_word' id='word_1_11' title='bbox 1212 306 1393 347; x_wconf 81' lang='lat' dir='ltr'><strong>scrivere</strong></span> <span class='ocrx_word' id='word_1_12' title='bbox 1417 305 1489 347; x_wconf 78' lang='lat' dir='ltr'><strong>alli</strong></span> <span class='ocrx_word' id='word_1_13' title='bbox 1519 306 1598 353; x_wconf 55' lang='lat' dir='ltr'><strong>bar-2</strong></span> 
     </span>
     <span class='ocr_line' id='line_1_4' title="bbox 141 360 1599 419; baseline -0.002 -15"><span class='ocrx_word' id='word_1_14' title='bbox 141 361 274 411; x_wconf 42' lang='lat' dir='ltr'><strong>roni&amp;</strong></span> <span class='ocrx_word' id='word_1_15' title='bbox 296 360 623 418; x_wconf 69' lang='lat' dir='ltr'><strong>promentendoli</strong></span> <span class='ocrx_word' id='word_1_16' title='bbox 651 377 748 404; x_wconf 87' lang='lat' dir='ltr'><strong>cose</strong></span> <span class='ocrx_word' id='word_1_17' title='bbox 775 363 955 417; x_wconf 83' lang='lat' dir='ltr'>grande,</span> <span class='ocrx_word' id='word_1_18' title='bbox 984 377 1027 404; x_wconf 89' lang='lat' dir='ltr'><strong>se</strong></span> <span class='ocrx_word' id='word_1_19' title='bbox 1053 363 1259 419; x_wconf 64' lang='lat' dir='ltr'><strong>aquistarh</strong></span> <span class='ocrx_word' id='word_1_20' title='bbox 1283 361 1322 403; x_wconf 89' lang='lat' dir='ltr'><strong>el</strong></span> <span class='ocrx_word' id='word_1_21' title='bbox 1352 362 1518 404; x_wconf 81' lang='lat' dir='ltr'><strong>ducato.</strong></span> <span class='ocrx_word' id='word_1_22' title='bbox 1549 362 1599 401; x_wconf 86' lang='lat' dir='ltr'><strong>ln</strong></span> 
     </span>
     <span class='ocr_line' id='line_1_5' title="bbox 145 416 1597 473; baseline -0.003 -12"><span class='ocrx_word' id='word_1_23' title='bbox 145 425 295 473; x_wconf 71' lang='lat' dir='ltr'><strong>questo</strong></span> <span class='ocrx_word' id='word_1_24' title='bbox 346 425 488 472; x_wconf 77' lang='lat' dir='ltr'><strong>tempo</strong></span> <span class='ocrx_word' id='word_1_25' title='bbox 537 417 615 461; x_wconf 82' lang='lat' dir='ltr'><strong>che</strong></span> <span class='ocrx_word' id='word_1_26' title='bbox 651 419 916 460; x_wconf 82' lang='lat' dir='ltr'><strong>Musulmano</strong></span> <span class='ocrx_word' id='word_1_27' title='bbox 942 419 1060 460; x_wconf 81' lang='lat' dir='ltr'><strong>vivea</strong></span> <span class='ocrx_word' id='word_1_28' title='bbox 1107 418 1194 460; x_wconf 83' lang='lat' dir='ltr'><strong>cosi</strong></span> <span class='ocrx_word' id='word_1_29' title='bbox 1232 416 1597 465; x_wconf 78' lang='lat' dir='ltr'><strong>dissolutamente‚</strong></span> 
     </span>
     <span class='ocr_line' id='line_1_6' title="bbox 142 471 1599 529; baseline -0.002 -14"><span class='ocrx_word' id='word_1_30' title='bbox 142 475 285 516; x_wconf 66' lang='lat' dir='ltr'><strong>Moses</strong></span> <span class='ocrx_word' id='word_1_31' title='bbox 309 487 397 517; x_wconf 76' lang='lat' dir='ltr'><strong>aee</strong></span> <span class='ocrx_word' id='word_1_32' title='bbox 423 471 649 515; x_wconf 80' lang='lat' dir='ltr'><strong>conciliava</strong></span> <span class='ocrx_word' id='word_1_33' title='bbox 678 473 706 514; x_wconf 87' lang='lat' dir='ltr'><strong>li</strong></span> <span class='ocrx_word' id='word_1_34' title='bbox 741 475 911 528; x_wconf 84' lang='lat' dir='ltr'><strong>signori.</strong></span> <span class='ocrx_word' id='word_1_35' title='bbox 970 475 1235 529; x_wconf 80' lang='lat' dir='ltr'><strong>Congregava</strong></span> <span class='ocrx_word' id='word_1_36' title='bbox 1262 473 1292 514; x_wconf 85' lang='lat' dir='ltr'><strong>li</strong></span> <span class='ocrx_word' id='word_1_37' title='bbox 1321 473 1476 513; x_wconf 86' lang='lat' dir='ltr'><strong>Turcbi</strong></span> <span class='ocrx_word' id='word_1_38' title='bbox 1508 472 1599 513; x_wconf 82' lang='lat' dir='ltr'><strong>dale</strong></span> 
     </span>
     <span class='ocr_line' id='line_1_7' title="bbox 142 528 1599 584; baseline -0.001 -13"><span class='ocrx_word' id='word_1_39' title='bbox 142 536 274 582; x_wconf 62' lang='lat' dir='ltr'><strong>piari-e¹</strong></span> <span class='ocrx_word' id='word_1_40' title='bbox 293 529 552 583; x_wconf 60' lang='lat' dir='ltr'><strong>deflystro,</strong></span> <span class='ocrx_word' id='word_1_41' title='bbox 597 529 695 569; x_wconf 77' lang='lat' dir='ltr'><strong>dani</strong></span> <span class='ocrx_word' id='word_1_42' title='bbox 725 530 837 584; x_wconf 83' lang='lat' dir='ltr'><strong>quali</strong></span> <span class='ocrx_word' id='word_1_43' title='bbox 866 529 1015 570; x_wconf 82' lang='lat' dir='ltr'><strong>veniva</strong></span> <span class='ocrx_word' id='word_1_44' title='bbox 1041 530 1245 571; x_wconf 80' lang='lat' dir='ltr'><strong>chiamato</strong></span> <span class='ocrx_word' id='word_1_45' title='bbox 1278 528 1385 572; x_wconf 82' lang='lat' dir='ltr'><strong>duca</strong></span> <span class='ocrx_word' id='word_1_46' title='bbox 1413 529 1463 568; x_wconf 87' lang='lat' dir='ltr'><strong>de</strong></span> <span class='ocrx_word' id='word_1_47' title='bbox 1493 535 1599 569; x_wconf 80' lang='lat' dir='ltr'><strong>tutta</strong></span> 
     </span>
     <span class='ocr_line' id='line_1_8' title="bbox 143 583 1600 640; baseline -0.001 -15"><span class='ocrx_word' id='word_1_48' title='bbox 143 583 330 634; x_wconf 55' lang='lat' dir='ltr'><strong>bocia„</strong></span> <span class='ocrx_word' id='word_1_49' title='bbox 356 583 409 626; x_wconf 78' lang='lat' dir='ltr'><strong>de</strong></span> <span class='ocrx_word' id='word_1_50' title='bbox 435 583 624 632; x_wconf 68' lang='lat' dir='ltr'><strong>Thetalia</strong></span> <span class='ocrx_word' id='word_1_51' title='bbox 651 592 694 625; x_wconf 86' lang='lat' dir='ltr'><strong>et</strong></span> <span class='ocrx_word' id='word_1_52' title='bbox 733 586 785 626; x_wconf 86' lang='lat' dir='ltr'><strong>de</strong></span> <span class='ocrx_word' id='word_1_53' title='bbox 814 585 1018 640; x_wconf 79' lang='lat' dir='ltr'><strong>Hilyrico.</strong></span> <span class='ocrx_word' id='word_1_54' title='bbox 1072 586 1307 626; x_wconf 82' lang='lat' dir='ltr'><strong>Musulman</strong></span> <span class='ocrx_word' id='word_1_55' title='bbox 1337 584 1488 626; x_wconf 62' lang='lat' dir='ltr'><strong>mande</strong></span> <span class='ocrx_word' id='word_1_56' title='bbox 1521 584 1600 623; x_wconf 80' lang='lat' dir='ltr'><strong>Ze-</strong></span> 
     </span>
     <span class='ocr_line' id='line_1_9' title="bbox 142 638 1599 695; baseline -0.002 -14"><span class='ocrx_word' id='word_1_57' title='bbox 142 638 244 682; x_wconf 57' lang='lat' dir='ltr'><strong>uaita</strong></span> <span class='ocrx_word' id='word_1_58' title='bbox 270 638 479 693; x_wconf 75' lang='lat' dir='ltr'><strong>capitanio</strong></span> <span class='ocrx_word' id='word_1_59' title='bbox 521 653 641 680; x_wconf 88' lang='lat' dir='ltr'><strong>verso</strong></span> <span class='ocrx_word' id='word_1_60' title='bbox 682 640 721 681; x_wconf 88' lang='lat' dir='ltr'><strong>le</strong></span> <span class='ocrx_word' id='word_1_61' title='bbox 759 649 878 694; x_wconf 83' lang='lat' dir='ltr'><strong>parte</strong></span> <span class='ocrx_word' id='word_1_62' title='bbox 917 641 968 681; x_wconf 82' lang='lat' dir='ltr'><strong>de</strong></span> <span class='ocrx_word' id='word_1_63' title='bbox 1001 640 1191 695; x_wconf 85' lang='lat' dir='ltr'><strong>Bulgaria</strong></span> <span class='ocrx_word' id='word_1_64' title='bbox 1230 647 1274 681; x_wconf 80' lang='lat' dir='ltr'><strong>et</strong></span> <span class='ocrx_word' id='word_1_65' title='bbox 1314 639 1365 680; x_wconf 88' lang='lat' dir='ltr'><strong>de</strong></span> <span class='ocrx_word' id='word_1_66' title='bbox 1391 639 1599 683; x_wconf 85' lang='lat' dir='ltr'><strong>Acridon.</strong></span> 
     </span>
     <span class='ocr_line' id='line_1_10' title="bbox 139 693 1599 750; baseline -0.002 -13"><span class='ocrx_word' id='word_1_67' title='bbox 139 693 509 737; x_wconf 59' lang='lat' dir='ltr'><strong>Eas02=verumente</strong></span> <span class='ocrx_word' id='word_1_68' title='bbox 537 695 623 736; x_wconf 77' lang='lat' dir='ltr'><strong>fece</strong></span> <span class='ocrx_word' id='word_1_69' title='bbox 655 695 695 736; x_wconf 87' lang='grc'><strong>13</strong></span> <span class='ocrx_word' id='word_1_70' title='bbox 731 698 798 737; x_wconf 88' lang='lat' dir='ltr'><strong>via</strong></span> <span class='ocrx_word' id='word_1_71' title='bbox 826 696 878 737; x_wconf 88' lang='lat' dir='ltr'><strong>de</strong></span> <span class='ocrx_word' id='word_1_72' title='bbox 901 697 1204 750; x_wconf 82' lang='lat' dir='ltr'><strong>Andrinopoli,</strong></span> <span class='ocrx_word' id='word_1_73' title='bbox 1233 702 1276 736; x_wconf 85' lang='lat' dir='ltr'><strong>et</strong></span> <span class='ocrx_word' id='word_1_74' title='bbox 1298 702 1462 736; x_wconf 80' lang='lat' dir='ltr'><strong>entrato</strong></span> <span class='ocrx_word' id='word_1_75' title='bbox 1489 696 1531 735; x_wconf 89' lang='lat' dir='ltr'><strong>in</strong></span> <span class='ocrx_word' id='word_1_76' title='bbox 1558 694 1599 734; x_wconf 80' lang='grc'><strong>13</strong></span> 
     </span>
     <span class='ocr_line' id='line_1_11' title="bbox 139 748 1600 798; baseline -0.004 -4"><span class='ocrx_word' id='word_1_77' title='bbox 139 749 252 798; x_wconf 57' lang='grc' dir='ltr'><strong>οἰῶ,</strong></span> <span class='ocrx_word' id='word_1_78' title='bbox 274 749 378 793; x_wconf 60' lang='lat' dir='ltr'><strong>:tutti</strong></span> <span class='ocrx_word' id='word_1_79' title='bbox 407 748 451 790; x_wconf 88' lang='lat' dir='ltr'><strong>lu</strong></span> <span class='ocrx_word' id='word_1_80' title='bbox 477 750 692 792; x_wconf 84' lang='lat' dir='ltr'><strong>chiamava</strong></span> <span class='ocrx_word' id='word_1_81' title='bbox 720 751 927 792; x_wconf 78' lang='lat' dir='ltr'><strong>salvatore</strong></span> <span class='ocrx_word' id='word_1_82' title='bbox 961 752 1011 792; x_wconf 91' lang='lat' dir='ltr'><strong>de</strong></span> <span class='ocrx_word' id='word_1_83' title='bbox 1040 753 1138 792; x_wconf 85' lang='lat' dir='ltr'><strong>tutti</strong></span> <span class='ocrx_word' id='word_1_84' title='bbox 1166 751 1196 792; x_wconf 84' lang='lat' dir='ltr'><strong>li</strong></span> <span class='ocrx_word' id='word_1_85' title='bbox 1224 751 1337 791; x_wconf 89' lang='lat' dir='ltr'><strong>boni.</strong></span> <span class='ocrx_word' id='word_1_86' title='bbox 1394 751 1450 791; x_wconf 85' lang='lat' dir='ltr'><strong>Et</strong></span> <span class='ocrx_word' id='word_1_87' title='bbox 1477 764 1600 790; x_wconf 81' lang='lat' dir='ltr'><strong>vera-</strong></span> 
     </span>
     <span class='ocr_line' id='line_1_12' title="bbox 141 805 1599 861; baseline 0.002 -15"><span class='ocrx_word' id='word_1_88' title='bbox 141 810 290 847; x_wconf 70' lang='lat' dir='ltr'><strong>mente·</strong></span> <span class='ocrx_word' id='word_1_89' title='bbox 308 805 396 847; x_wconf 78' lang='lat' dir='ltr'><strong>cosi</strong></span> <span class='ocrx_word' id='word_1_90' title='bbox 424 805 479 847; x_wconf 82' lang='lat' dir='ltr'><strong>da</strong></span> <span class='ocrx_word' id='word_1_91' title='bbox 505 813 659 847; x_wconf 82' lang='lat' dir='ltr'><strong>natura</strong></span> <span class='ocrx_word' id='word_1_92' title='bbox 686 808 853 861; x_wconf 84' lang='lat' dir='ltr'><strong>predito</strong></span> <span class='ocrx_word' id='word_1_93' title='bbox 884 807 1134 858; x_wconf 77' lang='lat' dir='ltr'><strong>Musulman,</strong></span> <span class='ocrx_word' id='word_1_94' title='bbox 1160 807 1200 847; x_wconf 67' lang='grc'><strong>13</strong></span> <span class='ocrx_word' id='word_1_95' title='bbox 1229 805 1307 847; x_wconf 87' lang='lat' dir='ltr'><strong>che</strong></span> <span class='ocrx_word' id='word_1_96' title='bbox 1336 806 1495 847; x_wconf 79' lang='lat' dir='ltr'><strong>andava</strong></span> <span class='ocrx_word' id='word_1_97' title='bbox 1511 835 1524 855; x_wconf 92' lang='lat'>,</span> <span class='ocrx_word' id='word_1_98' title='bbox 1557 806 1599 849; x_wconf 81' lang='lat' dir='ltr'><strong>in</strong></span> 
     </span>
     <span class='ocr_line' id='line_1_13' title="bbox 140 860 1602 916; baseline -0.001 -15"><span class='ocrx_word' id='word_1_99' title='bbox 140 860 224 901; x_wconf 61' lang='lat' dir='ltr'><strong>citit</strong></span> <span class='ocrx_word' id='word_1_100' title='bbox 252 869 356 902; x_wconf 83' lang='lat' dir='ltr'><strong>over</strong></span> <span class='ocrx_word' id='word_1_101' title='bbox 397 860 525 911; x_wconf 86' lang='lat' dir='ltr'><strong>villa,</strong></span> <span class='ocrx_word' id='word_1_102' title='bbox 571 876 651 903; x_wconf 89' lang='lat' dir='ltr'><strong>ove</strong></span> <span class='ocrx_word' id='word_1_103' title='bbox 680 863 932 914; x_wconf 85' lang='lat' dir='ltr'><strong>demorava‚</strong></span> <span class='ocrx_word' id='word_1_104' title='bbox 963 862 1093 903; x_wconf 84' lang='lat' dir='ltr'><strong>ricchi</strong></span> <span class='ocrx_word' id='word_1_105' title='bbox 1126 870 1168 903; x_wconf 89' lang='lat' dir='ltr'><strong>et</strong></span> <span class='ocrx_word' id='word_1_106' title='bbox 1194 861 1371 916; x_wconf 81' lang='lat' dir='ltr'><strong>poveri,</strong></span> <span class='ocrx_word' id='word_1_107' title='bbox 1401 867 1444 902; x_wconf 87' lang='lat' dir='ltr'><strong>et</strong></span> <span class='ocrx_word' id='word_1_108' title='bbox 1477 860 1602 916; x_wconf 88' lang='lat' dir='ltr'><strong>quelli</strong></span> 
     </span>
     <span class='ocr_line' id='line_1_14' title="bbox 138 915 1601 970; baseline 0 -14"><span class='ocrx_word' id='word_1_109' title='bbox 138 915 218 957; x_wconf 79' lang='lat' dir='ltr'><strong>che</strong></span> <span class='ocrx_word' id='word_1_110' title='bbox 243 929 320 970; x_wconf 79' lang='lat' dir='ltr'><strong>per</strong></span> <span class='ocrx_word' id='word_1_111' title='bbox 348 918 544 957; x_wconf 66' lang='lat' dir='ltr'><strong>necessita</strong></span> <span class='ocrx_word' id='word_1_112' title='bbox 571 918 811 958; x_wconf 82' lang='lat' dir='ltr'><strong>mendicava</strong></span> <span class='ocrx_word' id='word_1_113' title='bbox 841 919 877 959; x_wconf 91' lang='lat' dir='ltr'><strong>el</strong></span> <span class='ocrx_word' id='word_1_114' title='bbox 905 919 1026 970; x_wconf 87' lang='lat' dir='ltr'><strong>cibo,</strong></span> <span class='ocrx_word' id='word_1_115' title='bbox 1056 919 1152 958; x_wconf 81' lang='lat' dir='ltr'><strong>tutti</strong></span> <span class='ocrx_word' id='word_1_116' title='bbox 1182 917 1235 958; x_wconf 82' lang='lat' dir='ltr'><strong>da</strong></span> <span class='ocrx_word' id='word_1_117' title='bbox 1261 916 1320 957; x_wconf 91' lang='lat' dir='ltr'><strong>lui</strong></span> <span class='ocrx_word' id='word_1_118' title='bbox 1350 917 1499 957; x_wconf 85' lang='lat' dir='ltr'><strong>veniva</strong></span> <span class='ocrx_word' id='word_1_119' title='bbox 1528 931 1601 957; x_wconf 86' lang='lat' dir='ltr'><strong>so..</strong></span> 
     </span>
     <span class='ocr_line' id='line_1_15' title="bbox 139 971 1601 1028; baseline -0.001 -17"><span class='ocrx_word' id='word_1_120' title='bbox 139 971 301 1012; x_wconf 80' lang='lat' dir='ltr'><strong>venuti.</strong></span> <span class='ocrx_word' id='word_1_121' title='bbox 369 971 636 1013; x_wconf 86' lang='lat' dir='ltr'><strong>Demorando</strong></span> <span class='ocrx_word' id='word_1_122' title='bbox 688 974 883 1028; x_wconf 85' lang='lat' dir='ltr'><strong>adunque</strong></span> <span class='ocrx_word' id='word_1_123' title='bbox 924 973 1157 1014; x_wconf 86' lang='lat' dir='ltr'><strong>Musulman</strong></span> <span class='ocrx_word' id='word_1_124' title='bbox 1215 974 1256 1012; x_wconf 90' lang='lat' dir='ltr'><strong>in</strong></span> <span class='ocrx_word' id='word_1_125' title='bbox 1295 971 1601 1025; x_wconf 81' lang='lat' dir='ltr'><strong>Andrinopuli,</strong></span> 
     </span>
     <span class='ocr_line' id='line_1_16' title="bbox 139 1026 1599 1084; baseline 0.001 -18"><span class='ocrx_word' id='word_1_126' title='bbox 139 1033 386 1081; x_wconf 82' lang='lat' dir='ltr'><strong>congregato</strong></span> <span class='ocrx_word' id='word_1_127' title='bbox 425 1026 464 1067; x_wconf 89' lang='lat' dir='ltr'><strong>el</strong></span> <span class='ocrx_word' id='word_1_128' title='bbox 500 1043 576 1068; x_wconf 88' lang='lat' dir='ltr'><strong>suo</strong></span> <span class='ocrx_word' id='word_1_129' title='bbox 607 1031 808 1080; x_wconf 87' lang='lat' dir='ltr'><strong>exercito,</strong></span> <span class='ocrx_word' id='word_1_130' title='bbox 855 1036 897 1070; x_wconf 83' lang='lat' dir='ltr'><strong>et</strong></span> <span class='ocrx_word' id='word_1_131' title='bbox 922 1029 1062 1084; x_wconf 85' lang='lat' dir='ltr'><strong>quello</strong></span> <span class='ocrx_word' id='word_1_132' title='bbox 1092 1029 1243 1077; x_wconf 68' lang='lat' dir='ltr'><strong>mando</strong></span> <span class='ocrx_word' id='word_1_133' title='bbox 1267 1035 1411 1068; x_wconf 84' lang='lat' dir='ltr'><strong>contra</strong></span> <span class='ocrx_word' id='word_1_134' title='bbox 1439 1030 1599 1075; x_wconf 90' lang='lat' dir='ltr'><strong>Moses,</strong></span> 
     </span>
     <span class='ocr_line' id='line_1_17' title="bbox 139 1081 1603 1139; baseline -0.001 -16"><span class='ocrx_word' id='word_1_135' title='bbox 139 1089 183 1123; x_wconf 78' lang='lat' dir='ltr'><strong>et</strong></span> <span class='ocrx_word' id='word_1_136' title='bbox 209 1081 269 1126; x_wconf 82' lang='lat' dir='ltr'><strong>lui</strong></span> <span class='ocrx_word' id='word_1_137' title='bbox 297 1088 468 1124; x_wconf 78' lang='lat' dir='ltr'><strong>sentava</strong></span> <span class='ocrx_word' id='word_1_138' title='bbox 493 1082 573 1124; x_wconf 84' lang='lat' dir='ltr'><strong>alle</strong></span> <span class='ocrx_word' id='word_1_139' title='bbox 600 1083 782 1125; x_wconf 86' lang='lat' dir='ltr'><strong>beverie.</strong></span> <span class='ocrx_word' id='word_1_140' title='bbox 856 1086 925 1125; x_wconf 84' lang='lat' dir='ltr'><strong>Ma</strong></span> <span class='ocrx_word' id='word_1_141' title='bbox 957 1091 1115 1139; x_wconf 86' lang='lat' dir='ltr'><strong>quanto</strong></span> <span class='ocrx_word' id='word_1_142' title='bbox 1145 1083 1380 1125; x_wconf 81' lang='lat' dir='ltr'><strong>Musulman</strong></span> <span class='ocrx_word' id='word_1_143' title='bbox 1408 1083 1530 1125; x_wconf 80' lang='lat' dir='ltr'><strong>havia</strong></span> <span class='ocrx_word' id='word_1_144' title='bbox 1558 1082 1603 1123; x_wconf 88' lang='lat' dir='ltr'><strong>lu</strong></span> 
     </span>
     <span class='ocr_line' id='line_1_18' title="bbox 138 1137 1601 1193; baseline 0.001 -17"><span class='ocrx_word' id='word_1_145' title='bbox 138 1137 281 1179; x_wconf 76' lang='lat' dir='ltr'><strong>animo</strong></span> <span class='ocrx_word' id='word_1_146' title='bbox 326 1137 367 1179; x_wconf 77' lang='lat' dir='ltr'><strong>ul</strong></span> <span class='ocrx_word' id='word_1_147' title='bbox 395 1137 495 1180; x_wconf 86' lang='lat' dir='ltr'><strong>vino</strong></span> <span class='ocrx_word' id='word_1_148' title='bbox 515 1168 529 1189; x_wconf 88' lang='lat'>‚</span> <span class='ocrx_word' id='word_1_149' title='bbox 574 1145 690 1180; x_wconf 84' lang='lat' dir='ltr'><strong>tanto</strong></span> <span class='ocrx_word' id='word_1_150' title='bbox 734 1141 871 1180; x_wconf 90' lang='lat' dir='ltr'><strong>Moses</strong></span> <span class='ocrx_word' id='word_1_151' title='bbox 910 1140 1134 1180; x_wconf 82' lang='lat' dir='ltr'><strong>attendeva</strong></span> <span class='ocrx_word' id='word_1_152' title='bbox 1177 1139 1216 1179; x_wconf 87' lang='lat' dir='ltr'><strong>al</strong></span> <span class='ocrx_word' id='word_1_153' title='bbox 1243 1139 1496 1193; x_wconf 78' lang='lat' dir='ltr'><strong>principato.</strong></span> <span class='ocrx_word' id='word_1_154' title='bbox 1554 1139 1601 1178; x_wconf 86' lang='lat' dir='ltr'><strong>In</strong></span> 
     </span>
     <span class='ocr_line' id='line_1_19' title="bbox 138 1193 1601 1247; baseline 0.001 -15"><span class='ocrx_word' id='word_1_155' title='bbox 138 1193 458 1247; x_wconf 71' lang='lat' dir='ltr'><strong>Sophia-venne</strong></span> <span class='ocrx_word' id='word_1_156' title='bbox 494 1193 532 1237; x_wconf 89' lang='lat' dir='ltr'><strong>el</strong></span> <span class='ocrx_word' id='word_1_157' title='bbox 561 1194 755 1236; x_wconf 84' lang='lat' dir='ltr'><strong>conflicto</strong></span> <span class='ocrx_word' id='word_1_158' title='bbox 797 1210 876 1235; x_wconf 91' lang='lat' dir='ltr'><strong>con</strong></span> <span class='ocrx_word' id='word_1_159' title='bbox 912 1197 952 1235; x_wconf 87' lang='lat' dir='ltr'><strong>lu</strong></span> <span class='ocrx_word' id='word_1_160' title='bbox 982 1197 1157 1236; x_wconf 87' lang='lat' dir='ltr'><strong>exercito</strong></span> <span class='ocrx_word' id='word_1_161' title='bbox 1184 1195 1235 1235; x_wconf 89' lang='lat' dir='ltr'><strong>de</strong></span> <span class='ocrx_word' id='word_1_162' title='bbox 1261 1193 1496 1234; x_wconf 85' lang='lat' dir='ltr'><strong>Musulman</strong></span> <span class='ocrx_word' id='word_1_163' title='bbox 1514 1223 1526 1240; x_wconf 87' lang='lat'>‚</span> <span class='ocrx_word' id='word_1_164' title='bbox 1558 1201 1601 1234; x_wconf 88' lang='lat' dir='ltr'><strong>et</strong></span> 
     </span>
     <span class='ocr_line' id='line_1_20' title="bbox 138 1247 1604 1304; baseline 0.001 -16"><span class='ocrx_word' id='word_1_165' title='bbox 138 1247 182 1288; x_wconf 80' lang='lat' dir='ltr'><strong>fo</strong></span> <span class='ocrx_word' id='word_1_166' title='bbox 208 1247 401 1289; x_wconf 70' lang='lat' dir='ltr'><strong>vincitur.</strong></span> <span class='ocrx_word' id='word_1_167' title='bbox 467 1249 524 1290; x_wconf 86' lang='lat' dir='ltr'><strong>Et</strong></span> <span class='ocrx_word' id='word_1_168' title='bbox 560 1250 600 1290; x_wconf 81' lang='grc'><strong>13</strong></span> <span class='ocrx_word' id='word_1_169' title='bbox 636 1251 745 1291; x_wconf 83' lang='lat' dir='ltr'><strong>fama</strong></span> <span class='ocrx_word' id='word_1_170' title='bbox 787 1264 865 1304; x_wconf 88' lang='lat' dir='ltr'><strong>per</strong></span> <span class='ocrx_word' id='word_1_171' title='bbox 903 1257 1014 1291; x_wconf 81' lang='lat' dir='ltr'><strong>tutto</strong></span> <span class='ocrx_word' id='word_1_172' title='bbox 1053 1265 1096 1291; x_wconf 90' lang='lat' dir='ltr'><strong>se</strong></span> <span class='ocrx_word' id='word_1_173' title='bbox 1126 1249 1335 1303; x_wconf 81' lang='lat' dir='ltr'><strong>spandeva</strong></span> <span class='ocrx_word' id='word_1_174' title='bbox 1363 1250 1438 1289; x_wconf 87' lang='lat' dir='ltr'><strong>che</strong></span> <span class='ocrx_word' id='word_1_175' title='bbox 1464 1250 1604 1290; x_wconf 81' lang='lat' dir='ltr'><strong>Moses</strong></span> 
     </span>
     <span class='ocr_line' id='line_1_21' title="bbox 137 1303 1603 1400; baseline -0.001 -56"><span class='ocrx_word' id='word_1_176' title='bbox 137 1317 210 1344; x_wconf 76' lang='lat' dir='ltr'><strong>era</strong></span> <span class='ocrx_word' id='word_1_177' title='bbox 235 1317 311 1400; x_wconf 68' lang='lat' dir='ltr'><strong>per</strong></span> <span class='ocrx_word' id='word_1_178' title='bbox 335 1303 535 1345; x_wconf 71' lang='lat' dir='ltr'><strong>(leventur</strong></span> <span class='ocrx_word' id='word_1_179' title='bbox 561 1305 751 1360; x_wconf 81' lang='lat' dir='ltr'><strong>principe</strong></span> <span class='ocrx_word' id='word_1_180' title='bbox 783 1306 834 1346; x_wconf 90' lang='lat' dir='ltr'><strong>de</strong></span> <span class='ocrx_word' id='word_1_181' title='bbox 862 1304 902 1345; x_wconf 90' lang='lat' dir='ltr'><strong>la</strong></span> <span class='ocrx_word' id='word_1_182' title='bbox 929 1306 1087 1350; x_wconf 81' lang='lat' dir='ltr'><strong>Grecia.</strong></span> <span class='ocrx_word' id='word_1_183' title='bbox 1146 1307 1338 1346; x_wconf 85' lang='lat' dir='ltr'><strong>Percosse</strong></span> <span class='ocrx_word' id='word_1_184' title='bbox 1365 1310 1508 1359; x_wconf 81' lang='lat' dir='ltr'><strong>questa</strong></span> <span class='ocrx_word' id='word_1_185' title='bbox 1539 1304 1603 1344; x_wconf 78' lang='lat' dir='ltr'><strong>fa-</strong></span> 
     </span>
     <span class='ocr_line' id='line_1_22' title="bbox 137 1359 1602 1413; baseline 0 -12"><span class='ocrx_word' id='word_1_186' title='bbox 137 1372 209 1401; x_wconf 71' lang='lat' dir='ltr'><strong>ma</strong></span> <span class='ocrx_word' id='word_1_187' title='bbox 253 1373 277 1399; x_wconf 84' lang='lat' dir='ltr'><strong>e</strong></span> <span class='ocrx_word' id='word_1_188' title='bbox 295 1359 469 1403; x_wconf 77' lang='lat' dir='ltr'><strong>,orechie</strong></span> <span class='ocrx_word' id='word_1_189' title='bbox 493 1359 547 1400; x_wconf 87' lang='lat' dir='ltr'><strong>de</strong></span> <span class='ocrx_word' id='word_1_190' title='bbox 574 1362 808 1401; x_wconf 83' lang='lat' dir='ltr'><strong>Musulman</strong></span> <span class='ocrx_word' id='word_1_191' title='bbox 829 1390 841 1411; x_wconf 94' lang='lat'>‚</span> <span class='ocrx_word' id='word_1_192' title='bbox 875 1368 917 1401; x_wconf 82' lang='lat' dir='ltr'><strong>et</strong></span> <span class='ocrx_word' id='word_1_193' title='bbox 946 1360 1022 1401; x_wconf 85' lang='lat' dir='ltr'><strong>che</strong></span> <span class='ocrx_word' id='word_1_194' title='bbox 1049 1361 1090 1400; x_wconf 90' lang='lat' dir='ltr'><strong>in</strong></span> <span class='ocrx_word' id='word_1_195' title='bbox 1117 1362 1248 1402; x_wconf 85' lang='lat' dir='ltr'><strong>breve</strong></span> <span class='ocrx_word' id='word_1_196' title='bbox 1276 1367 1417 1413; x_wconf 87' lang='lat' dir='ltr'><strong>tempo</strong></span> <span class='ocrx_word' id='word_1_197' title='bbox 1448 1360 1536 1400; x_wconf 60' lang='lat' dir='ltr'><strong>fera</strong></span> <span class='ocrx_word' id='word_1_198' title='bbox 1562 1360 1602 1401; x_wconf 81' lang='grc'><strong>13</strong></span> 
     </span>
     <span class='ocr_line' id='line_1_23' title="bbox 138 1413 1601 1471; baseline 0 -17"><span class='ocrx_word' id='word_1_199' title='bbox 138 1413 296 1455; x_wconf 72' lang='lat' dir='ltr'><strong>intrata</strong></span> <span class='ocrx_word' id='word_1_200' title='bbox 331 1414 375 1454; x_wconf 85' lang='lat' dir='ltr'><strong>in</strong></span> <span class='ocrx_word' id='word_1_201' title='bbox 407 1415 684 1470; x_wconf 86' lang='lat' dir='ltr'><strong>Andrinopoli</strong></span> <span class='ocrx_word' id='word_1_202' title='bbox 704 1446 717 1469; x_wconf 88' lang='lat'>,</span> <span class='ocrx_word' id='word_1_203' title='bbox 755 1416 909 1470; x_wconf 68' lang='lat' dir='ltr'><strong>perche</strong></span> <span class='ocrx_word' id='word_1_204' title='bbox 950 1416 979 1456; x_wconf 89' lang='lat' dir='ltr'><strong>li</strong></span> <span class='ocrx_word' id='word_1_205' title='bbox 1011 1418 1200 1471; x_wconf 82' lang='lat' dir='ltr'><strong>capitanii</strong></span> <span class='ocrx_word' id='word_1_206' title='bbox 1231 1423 1273 1456; x_wconf 90' lang='lat' dir='ltr'><strong>et</strong></span> <span class='ocrx_word' id='word_1_207' title='bbox 1300 1417 1396 1455; x_wconf 85' lang='lat' dir='ltr'><strong>tutti</strong></span> <span class='ocrx_word' id='word_1_208' title='bbox 1423 1414 1453 1454; x_wconf 91' lang='lat' dir='ltr'><strong>li</strong></span> <span class='ocrx_word' id='word_1_209' title='bbox 1482 1415 1601 1455; x_wconf 86' lang='lat' dir='ltr'><strong>valo-</strong></span> 
     </span>
     <span class='ocr_line' id='line_1_24' title="bbox 136 1468 1602 1515; baseline 0 -5"><span class='ocrx_word' id='word_1_210' title='bbox 136 1468 410 1515; x_wconf 34' lang='lat' dir='ltr'><strong>rosishomini</strong></span> <span class='ocrx_word' id='word_1_211' title='bbox 450 1469 504 1511; x_wconf 86' lang='lat' dir='ltr'><strong>de</strong></span> <span class='ocrx_word' id='word_1_212' title='bbox 545 1486 659 1512; x_wconf 84' lang='lat' dir='ltr'><strong>arme</strong></span> <span class='ocrx_word' id='word_1_213' title='bbox 684 1473 904 1512; x_wconf 87' lang='lat' dir='ltr'><strong>corrivano</strong></span> <span class='ocrx_word' id='word_1_214' title='bbox 934 1486 957 1510; x_wconf 85' lang='lat' dir='ltr'><strong>a</strong></span> <span class='ocrx_word' id='word_1_215' title='bbox 991 1473 1143 1513; x_wconf 90' lang='lat' dir='ltr'><strong>Moses.</strong></span> <span class='ocrx_word' id='word_1_216' title='bbox 1202 1471 1441 1512; x_wconf 83' lang='lat' dir='ltr'><strong>Levandose</strong></span> <span class='ocrx_word' id='word_1_217' title='bbox 1470 1471 1602 1510; x_wconf 84' lang='lat' dir='ltr'><strong>adun-</strong></span> 
     </span>
     <span class='ocr_line' id='line_1_25' title="bbox 137 1523 1605 1579; baseline 0.001 -14"><span class='ocrx_word' id='word_1_218' title='bbox 137 1539 221 1579; x_wconf 83' lang='lat' dir='ltr'><strong>que</strong></span> <span class='ocrx_word' id='word_1_219' title='bbox 253 1523 488 1566; x_wconf 78' lang='lat' dir='ltr'><strong>Musulman</strong></span> <span class='ocrx_word' id='word_1_220' title='bbox 530 1526 599 1567; x_wconf 79' lang='lat' dir='ltr'><strong>dal</strong></span> <span class='ocrx_word' id='word_1_221' title='bbox 628 1541 748 1568; x_wconf 89' lang='lat' dir='ltr'><strong>carco</strong></span> <span class='ocrx_word' id='word_1_222' title='bbox 775 1526 885 1567; x_wconf 87' lang='lat' dir='ltr'><strong>della</strong></span> <span class='ocrx_word' id='word_1_223' title='bbox 914 1526 1106 1579; x_wconf 65' lang='lat' dir='ltr'><strong>ebraeta,</strong></span> <span class='ocrx_word' id='word_1_224' title='bbox 1145 1527 1274 1567; x_wconf 77' lang='lat' dir='ltr'><strong>dirizo</strong></span> <span class='ocrx_word' id='word_1_225' title='bbox 1306 1527 1344 1567; x_wconf 86' lang='lat' dir='ltr'><strong>el</strong></span> <span class='ocrx_word' id='word_1_226' title='bbox 1373 1540 1446 1566; x_wconf 85' lang='lat' dir='ltr'><strong>suo</strong></span> <span class='ocrx_word' id='word_1_227' title='bbox 1471 1527 1605 1567; x_wconf 80' lang='lat' dir='ltr'><strong>camin</strong></span> 
     </span>
     <span class='ocr_line' id='line_1_26' title="bbox 138 1580 1604 1637; baseline 0 -15"><span class='ocrx_word' id='word_1_228' title='bbox 138 1593 258 1622; x_wconf 80' lang='lat' dir='ltr'><strong>verso</strong></span> <span class='ocrx_word' id='word_1_229' title='bbox 285 1580 669 1636; x_wconf 73' lang='lat' dir='ltr'><strong>Constantinopoli,</strong></span> <span class='ocrx_word' id='word_1_230' title='bbox 720 1582 969 1623; x_wconf 84' lang='lat' dir='ltr'><strong>cavalcando</strong></span> <span class='ocrx_word' id='word_1_231' title='bbox 1000 1597 1081 1623; x_wconf 91' lang='lat' dir='ltr'><strong>con</strong></span> <span class='ocrx_word' id='word_1_232' title='bbox 1113 1583 1239 1637; x_wconf 88' lang='lat' dir='ltr'><strong>pochi</strong></span> <span class='ocrx_word' id='word_1_233' title='bbox 1266 1582 1424 1622; x_wconf 88' lang='lat' dir='ltr'><strong>homini</strong></span> <span class='ocrx_word' id='word_1_234' title='bbox 1453 1582 1507 1622; x_wconf 88' lang='lat' dir='ltr'><strong>da</strong></span> <span class='ocrx_word' id='word_1_235' title='bbox 1534 1597 1604 1622; x_wconf 84' lang='lat' dir='ltr'><strong>ca-</strong></span> 
     </span>
     <span class='ocr_line' id='line_1_27' title="bbox 137 1634 1604 1692; baseline 0 -15"><span class='ocrx_word' id='word_1_236' title='bbox 137 1634 262 1678; x_wconf 79' lang='lat' dir='ltr'><strong>vallo.</strong></span> <span class='ocrx_word' id='word_1_237' title='bbox 291 1642 334 1676; x_wconf 84' lang='lat' dir='ltr'><strong>et</strong></span> <span class='ocrx_word' id='word_1_238' title='bbox 365 1635 406 1677; x_wconf 86' lang='lat' dir='ltr'><strong>la</strong></span> <span class='ocrx_word' id='word_1_239' title='bbox 442 1644 562 1690; x_wconf 82' lang='lat' dir='ltr'><strong>parte</strong></span> <span class='ocrx_word' id='word_1_240' title='bbox 593 1638 645 1678; x_wconf 91' lang='lat' dir='ltr'><strong>de</strong></span> <span class='ocrx_word' id='word_1_241' title='bbox 684 1638 811 1692; x_wconf 89' lang='lat' dir='ltr'><strong>quelli</strong></span> <span class='ocrx_word' id='word_1_242' title='bbox 840 1637 1159 1687; x_wconf 71' lang='lat' dir='ltr'><strong>abbandonam,</strong></span> <span class='ocrx_word' id='word_1_243' title='bbox 1189 1638 1221 1678; x_wconf 83' lang='lat' dir='ltr'><strong>li</strong></span> <span class='ocrx_word' id='word_1_244' title='bbox 1247 1637 1359 1692; x_wconf 86' lang='lat' dir='ltr'><strong>quali</strong></span> <span class='ocrx_word' id='word_1_245' title='bbox 1390 1637 1604 1678; x_wconf 82' lang='lat' dir='ltr'><strong>andarono</strong></span> 
     </span>
     <span class='ocr_line' id='line_1_28' title="bbox 138 1692 1604 1748; baseline 0 -16"><span class='ocrx_word' id='word_1_246' title='bbox 138 1706 166 1731; x_wconf 75' lang='lat' dir='ltr'><strong>a</strong></span> <span class='ocrx_word' id='word_1_247' title='bbox 191 1692 522 1741; x_wconf 77' lang='lat' dir='ltr'><strong>trovar.Moses,</strong></span> <span class='ocrx_word' id='word_1_248' title='bbox 562 1707 640 1747; x_wconf 89' lang='lat' dir='ltr'><strong>per</strong></span> <span class='ocrx_word' id='word_1_249' title='bbox 682 1707 759 1733; x_wconf 90' lang='lat' dir='ltr'><strong>suo</strong></span> <span class='ocrx_word' id='word_1_250' title='bbox 806 1693 1037 1734; x_wconf 87' lang='lat' dir='ltr'><strong>infortunio</strong></span> <span class='ocrx_word' id='word_1_251' title='bbox 1067 1694 1186 1748; x_wconf 75' lang='lat' dir='ltr'><strong>passo</strong></span> <span class='ocrx_word' id='word_1_252' title='bbox 1215 1708 1290 1747; x_wconf 89' lang='lat' dir='ltr'><strong>per</strong></span> <span class='ocrx_word' id='word_1_253' title='bbox 1320 1708 1403 1734; x_wconf 87' lang='lat' dir='ltr'><strong>una</strong></span> <span class='ocrx_word' id='word_1_254' title='bbox 1429 1693 1542 1743; x_wconf 79' lang='lat' dir='ltr'><strong>villa,</strong></span> <span class='ocrx_word' id='word_1_255' title='bbox 1574 1692 1604 1733; x_wconf 90' lang='lat' dir='ltr'><strong>li</strong></span> 
     </span>
    </p>
   </div>
   <div class='ocr_carea' id='block_1_4' title="bbox 1615 1487 1661 1520">
    <p class='ocr_par' dir='ltr' id='par_1_4' title="bbox 1615 1487 1661 1520">
     <span class='ocr_line' id='line_1_29' title="bbox 1615 1487 1661 1520; baseline 0 -12"><span class='ocrx_word' id='word_1_256' title='bbox 1615 1487 1661 1520; x_wconf 78' lang='grc'><strong>90</strong></span> 
     </span>
    </p>
   </div>
   <div class='ocr_carea' id='block_1_5' title="bbox 137 1745 1655 1802">
    <p class='ocr_par' dir='ltr' id='par_1_5' title="bbox 137 1745 1655 1802">
     <span class='ocr_line' id='line_1_30' title="bbox 137 1745 1655 1802; baseline 0.002 -16"><span class='ocrx_word' id='word_1_257' title='bbox 137 1745 380 1787; x_wconf 68' lang='lat' dir='ltr'><strong>habitadori</strong></span> <span class='ocrx_word' id='word_1_258' title='bbox 408 1747 460 1788; x_wconf 87' lang='lat' dir='ltr'><strong>de</strong></span> <span class='ocrx_word' id='word_1_259' title='bbox 490 1749 628 1802; x_wconf 85' lang='lat' dir='ltr'><strong>quella</strong></span> <span class='ocrx_word' id='word_1_260' title='bbox 660 1749 698 1788; x_wconf 85' lang='lat' dir='ltr'><strong>al</strong></span> <span class='ocrx_word' id='word_1_261' title='bbox 726 1748 883 1789; x_wconf 81' lang='lat' dir='ltr'><strong>cavallo</strong></span> <span class='ocrx_word' id='word_1_262' title='bbox 901 1778 913 1796; x_wconf 86' lang='lat'><em>‚</em></span> <span class='ocrx_word' id='word_1_263' title='bbox 956 1748 1035 1789; x_wconf 82' lang='lat' dir='ltr'><strong>alle</strong></span> <span class='ocrx_word' id='word_1_264' title='bbox 1061 1757 1174 1790; x_wconf 85' lang='lat' dir='ltr'><strong>veste</strong></span> <span class='ocrx_word' id='word_1_265' title='bbox 1201 1756 1242 1790; x_wconf 84' lang='lat' dir='ltr'><strong>et</strong></span> <span class='ocrx_word' id='word_1_266' title='bbox 1271 1749 1349 1789; x_wconf 83' lang='lat' dir='ltr'><strong>alla</strong></span> <span class='ocrx_word' id='word_1_267' title='bbox 1376 1749 1505 1802; x_wconf 84' lang='lat' dir='ltr'><strong>figura</strong></span> <span class='ocrx_word' id='word_1_268' title='bbox 1532 1764 1606 1789; x_wconf 85' lang='lat' dir='ltr'><strong>co·-</strong></span> <span class='ocrx_word' id='word_1_269' title='bbox 1652 1777 1655 1782; x_wconf 89' lang='lat'><em>-</em></span> 
     </span>
    </p>
   </div>
   <div class='ocr_carea' id='block_1_6' title="bbox 137 1801 1605 2856">
    <p class='ocr_par' dir='ltr' id='par_1_6' title="bbox 137 1801 1605 2856">
     <span class='ocr_line' id='line_1_31' title="bbox 138 1801 1605 1856; baseline -0.001 -13"><span class='ocrx_word' id='word_1_270' title='bbox 138 1802 362 1856; x_wconf 82' lang='lat' dir='ltr'><strong>gnobheno</strong></span> <span class='ocrx_word' id='word_1_271' title='bbox 389 1801 467 1843; x_wconf 87' lang='lat' dir='ltr'><strong>che</strong></span> <span class='ocrx_word' id='word_1_272' title='bbox 499 1817 572 1843; x_wconf 86' lang='lat' dir='ltr'><strong>era</strong></span> <span class='ocrx_word' id='word_1_273' title='bbox 603 1804 641 1844; x_wconf 89' lang='lat' dir='ltr'><strong>el</strong></span> <span class='ocrx_word' id='word_1_274' title='bbox 667 1804 815 1844; x_wconf 83' lang='lat' dir='ltr'><strong>ducha.</strong></span> <span class='ocrx_word' id='word_1_275' title='bbox 864 1804 962 1844; x_wconf 84' lang='lat' dir='ltr'><strong>tutti</strong></span> <span class='ocrx_word' id='word_1_276' title='bbox 993 1819 1221 1846; x_wconf 84' lang='lat' dir='ltr'><strong>correvano</strong></span> <span class='ocrx_word' id='word_1_277' title='bbox 1253 1820 1276 1844; x_wconf 85' lang='lat' dir='ltr'><strong>a</strong></span> <span class='ocrx_word' id='word_1_278' title='bbox 1311 1805 1489 1846; x_wconf 77' lang='lat' dir='ltr'><strong>vederlo.</strong></span> <span class='ocrx_word' id='word_1_279' title='bbox 1516 1804 1605 1843; x_wconf 88' lang='lat' dir='ltr'><strong>ziu-</strong></span> 
     </span>
     <span class='ocr_line' id='line_1_32' title="bbox 138 1856 1604 1913; baseline 0.002 -17"><span class='ocrx_word' id='word_1_280' title='bbox 138 1871 222 1910; x_wconf 89' lang='lat' dir='ltr'><strong>que</strong></span> <span class='ocrx_word' id='word_1_281' title='bbox 253 1856 408 1897; x_wconf 82' lang='lat' dir='ltr'><strong>fratelli</strong></span> <span class='ocrx_word' id='word_1_282' title='bbox 452 1857 504 1897; x_wconf 89' lang='lat' dir='ltr'><strong>de</strong></span> <span class='ocrx_word' id='word_1_283' title='bbox 530 1858 667 1912; x_wconf 86' lang='lat' dir='ltr'><strong>quella</strong></span> <span class='ocrx_word' id='word_1_284' title='bbox 709 1859 971 1899; x_wconf 87' lang='lat' dir='ltr'><strong>multitudine</strong></span> <span class='ocrx_word' id='word_1_285' title='bbox 1010 1875 1055 1900; x_wconf 86' lang='lat' dir='ltr'><strong>se</strong></span> <span class='ocrx_word' id='word_1_286' title='bbox 1084 1859 1206 1900; x_wconf 73' lang='lat' dir='ltr'><strong>trovb</strong></span> <span class='ocrx_word' id='word_1_287' title='bbox 1231 1860 1306 1913; x_wconf 67' lang='lat' dir='ltr'><strong>pin</strong></span> <span class='ocrx_word' id='word_1_288' title='bbox 1337 1859 1414 1899; x_wconf 91' lang='lat' dir='ltr'><strong>che</strong></span> <span class='ocrx_word' id='word_1_289' title='bbox 1449 1859 1479 1899; x_wconf 90' lang='lat' dir='ltr'><strong>li</strong></span> <span class='ocrx_word' id='word_1_290' title='bbox 1510 1859 1604 1899; x_wconf 80' lang='lat' dir='ltr'><strong>altri</strong></span> 
     </span>
     <span class='ocr_line' id='line_1_33' title="bbox 137 1911 1601 1968; baseline 0.001 -15"><span class='ocrx_word' id='word_1_291' title='bbox 137 1911 307 1967; x_wconf 82' lang='lat' dir='ltr'><strong>ingordi</strong></span> <span class='ocrx_word' id='word_1_292' title='bbox 330 1911 383 1958; x_wconf 83' lang='lat' dir='ltr'><strong>de</strong></span> <span class='ocrx_word' id='word_1_293' title='bbox 396 1912 563 1954; x_wconf 86' lang='lat' dir='ltr'><strong>vederlo</strong></span> <span class='ocrx_word' id='word_1_294' title='bbox 591 1915 664 1968; x_wconf 67' lang='lat' dir='ltr'><strong>pin</strong></span> <span class='ocrx_word' id='word_1_295' title='bbox 697 1929 910 1968; x_wconf 82' lang='lat' dir='ltr'><strong>appresso.</strong></span> <span class='ocrx_word' id='word_1_296' title='bbox 941 1914 1226 1968; x_wconf 84' lang='lat' dir='ltr'><strong>guardandolo</strong></span> <span class='ocrx_word' id='word_1_297' title='bbox 1246 1929 1290 1955; x_wconf 89' lang='lat' dir='ltr'><strong>se</strong></span> <span class='ocrx_word' id='word_1_298' title='bbox 1318 1921 1601 1963; x_wconf 82' lang='lat' dir='ltr'><strong>accostarono‚</strong></span> 
     </span>
     <span class='ocr_line' id='line_1_34' title="bbox 141 1969 1602 2022; baseline 0.002 -14"><span class='ocrx_word' id='word_1_299' title='bbox 141 1974 185 2008; x_wconf 85' lang='lat' dir='ltr'><strong>et</strong></span> <span class='ocrx_word' id='word_1_300' title='bbox 213 1969 310 2008; x_wconf 83' lang='lat' dir='ltr'><strong>tutti</strong></span> <span class='ocrx_word' id='word_1_301' title='bbox 348 1974 391 2008; x_wconf 86' lang='lat' dir='ltr'><strong>et</strong></span> <span class='ocrx_word' id='word_1_302' title='bbox 427 1969 574 2022; x_wconf 88' lang='lat' dir='ltr'><strong>zinque</strong></span> <span class='ocrx_word' id='word_1_303' title='bbox 612 1977 845 2022; x_wconf 81' lang='lat' dir='ltr'><strong>portavano</strong></span> <span class='ocrx_word' id='word_1_304' title='bbox 873 1970 903 2009; x_wconf 90' lang='lat' dir='ltr'><strong>li</strong></span> <span class='ocrx_word' id='word_1_305' title='bbox 935 1971 1047 2010; x_wconf 89' lang='lat' dir='ltr'><strong>archi</strong></span> <span class='ocrx_word' id='word_1_306' title='bbox 1073 1977 1113 2010; x_wconf 88' lang='lat' dir='ltr'><strong>et</strong></span> <span class='ocrx_word' id='word_1_307' title='bbox 1141 1970 1178 2009; x_wconf 90' lang='lat' dir='ltr'><strong>le</strong></span> <span class='ocrx_word' id='word_1_308' title='bbox 1204 1971 1359 2010; x_wconf 80' lang='lat' dir='ltr'><strong>saiette.</strong></span> <span class='ocrx_word' id='word_1_309' title='bbox 1415 1971 1602 2011; x_wconf 84' lang='lat' dir='ltr'><strong>Turbato</strong></span> 
     </span>
     <span class='ocr_line' id='line_1_35' title="bbox 144 2021 1604 2079; baseline 0 -16"><span class='ocrx_word' id='word_1_310' title='bbox 144 2021 414 2063; x_wconf 79' lang='lat' dir='ltr'><strong>Musulmano</strong></span> <span class='ocrx_word' id='word_1_311' title='bbox 442 2031 586 2064; x_wconf 82' lang='lat' dir='ltr'><strong>contra</strong></span> <span class='ocrx_word' id='word_1_312' title='bbox 617 2025 653 2064; x_wconf 88' lang='lat' dir='ltr'><strong>el</strong></span> <span class='ocrx_word' id='word_1_313' title='bbox 680 2024 815 2078; x_wconf 88' lang='lat' dir='ltr'><strong>primo</strong></span> <span class='ocrx_word' id='word_1_314' title='bbox 843 2025 967 2065; x_wconf 79' lang='lat' dir='ltr'><strong>frasse</strong></span> <span class='ocrx_word' id='word_1_315' title='bbox 996 2039 1079 2064; x_wconf 85' lang='lat' dir='ltr'><strong>una</strong></span> <span class='ocrx_word' id='word_1_316' title='bbox 1110 2025 1278 2076; x_wconf 83' lang='lat' dir='ltr'><strong>saietta3</strong></span> <span class='ocrx_word' id='word_1_317' title='bbox 1308 2025 1347 2065; x_wconf 90' lang='lat' dir='ltr'><strong>el</strong></span> <span class='ocrx_word' id='word_1_318' title='bbox 1377 2025 1475 2078; x_wconf 85' lang='lat' dir='ltr'><strong>qual</strong></span> <span class='ocrx_word' id='word_1_319' title='bbox 1503 2040 1604 2079; x_wconf 85' lang='lat' dir='ltr'><strong>pro-</strong></span> 
     </span>
     <span class='ocr_line' id='line_1_36' title="bbox 142 2077 1604 2123; baseline 0.002 -5"><span class='ocrx_word' id='word_1_320' title='bbox 142 2077 284 2119; x_wconf 88' lang='lat' dir='ltr'><strong>cidivo</strong></span> <span class='ocrx_word' id='word_1_321' title='bbox 313 2085 466 2119; x_wconf 80' lang='lat' dir='ltr'><strong>cazette</strong></span> <span class='ocrx_word' id='word_1_322' title='bbox 495 2079 537 2118; x_wconf 93' lang='lat' dir='ltr'><strong>in</strong></span> <span class='ocrx_word' id='word_1_323' title='bbox 568 2087 690 2123; x_wconf 83' lang='lat' dir='ltr'><strong>terra.</strong></span> <span class='ocrx_word' id='word_1_324' title='bbox 724 2080 761 2119; x_wconf 80' lang='lat' dir='ltr'><strong>al</strong></span> <span class='ocrx_word' id='word_1_325' title='bbox 781 2079 886 2120; x_wconf 89' lang='lat' dir='ltr'><strong>hora</strong></span> <span class='ocrx_word' id='word_1_326' title='bbox 914 2087 1061 2120; x_wconf 83' lang='lat' dir='ltr'><strong>contra</strong></span> <span class='ocrx_word' id='word_1_327' title='bbox 1092 2080 1128 2120; x_wconf 90' lang='lat' dir='ltr'><strong>el</strong></span> <span class='ocrx_word' id='word_1_328' title='bbox 1158 2081 1336 2120; x_wconf 85' lang='lat' dir='ltr'><strong>secundo</strong></span> <span class='ocrx_word' id='word_1_329' title='bbox 1364 2081 1444 2120; x_wconf 72' lang='lat' dir='ltr'><strong>tiro</strong></span> <span class='ocrx_word' id='word_1_330' title='bbox 1471 2079 1604 2121; x_wconf 85' lang='lat' dir='ltr'><strong>l&#39;altra</strong></span> 
     </span>
     <span class='ocr_line' id='line_1_37' title="bbox 139 2133 1603 2188; baseline 0.002 -14"><span class='ocrx_word' id='word_1_331' title='bbox 139 2133 303 2186; x_wconf 78' lang='lat' dir='ltr'><strong>saieta3</strong></span> <span class='ocrx_word' id='word_1_332' title='bbox 341 2133 379 2174; x_wconf 83' lang='lat' dir='ltr'><strong>el</strong></span> <span class='ocrx_word' id='word_1_333' title='bbox 419 2135 540 2188; x_wconf 86' lang='lat' dir='ltr'><strong>quale</strong></span> <span class='ocrx_word' id='word_1_334' title='bbox 568 2135 814 2176; x_wconf 88' lang='lat' dir='ltr'><strong>similmente</strong></span> <span class='ocrx_word' id='word_1_335' title='bbox 853 2135 977 2176; x_wconf 85' lang='lat' dir='ltr'><strong>ferito</strong></span> <span class='ocrx_word' id='word_1_336' title='bbox 1001 2143 1154 2176; x_wconf 82' lang='lat' dir='ltr'><strong>cazette</strong></span> <span class='ocrx_word' id='word_1_337' title='bbox 1183 2136 1224 2175; x_wconf 91' lang='lat' dir='ltr'><strong>in</strong></span> <span class='ocrx_word' id='word_1_338' title='bbox 1251 2144 1374 2179; x_wconf 85' lang='lat' dir='ltr'><strong>terra.</strong></span> <span class='ocrx_word' id='word_1_339' title='bbox 1431 2137 1479 2176; x_wconf 87' lang='lat' dir='ltr'><strong>Li</strong></span> <span class='ocrx_word' id='word_1_340' title='bbox 1508 2137 1603 2177; x_wconf 85' lang='lat' dir='ltr'><strong>altri</strong></span> 
     </span>
     <span class='ocr_line' id='line_1_38' title="bbox 139 2189 1603 2245; baseline 0.002 -16"><span class='ocrx_word' id='word_1_341' title='bbox 139 2189 208 2229; x_wconf 67' lang='lat' dir='ltr'><strong>tre</strong></span> <span class='ocrx_word' id='word_1_342' title='bbox 232 2189 388 2230; x_wconf 82' lang='lat' dir='ltr'><strong>fratelli</strong></span> <span class='ocrx_word' id='word_1_343' title='bbox 425 2190 585 2231; x_wconf 83' lang='lat' dir='ltr'><strong>subbito</strong></span> <span class='ocrx_word' id='word_1_344' title='bbox 611 2206 653 2231; x_wconf 90' lang='lat' dir='ltr'><strong>se</strong></span> <span class='ocrx_word' id='word_1_345' title='bbox 695 2190 850 2231; x_wconf 84' lang='lat' dir='ltr'><strong>forono</strong></span> <span class='ocrx_word' id='word_1_346' title='bbox 881 2191 1113 2242; x_wconf 68' lang='lat' dir='ltr'><strong>aemulati,</strong></span> <span class='ocrx_word' id='word_1_347' title='bbox 1140 2191 1290 2245; x_wconf 70' lang='lat' dir='ltr'><strong>perche</strong></span> <span class='ocrx_word' id='word_1_348' title='bbox 1317 2190 1414 2230; x_wconf 84' lang='lat' dir='ltr'><strong>tutti</strong></span> <span class='ocrx_word' id='word_1_349' title='bbox 1447 2198 1488 2232; x_wconf 89' lang='lat' dir='ltr'><strong>et</strong></span> <span class='ocrx_word' id='word_1_350' title='bbox 1515 2193 1603 2232; x_wconf 87' lang='lat' dir='ltr'><strong>zin-</strong></span> 
     </span>
     <span class='ocr_line' id='line_1_39' title="bbox 139 2245 1601 2300; baseline 0.003 -16"><span class='ocrx_word' id='word_1_351' title='bbox 139 2258 223 2298; x_wconf 81' lang='lat' dir='ltr'><strong>que</strong></span> <span class='ocrx_word' id='word_1_352' title='bbox 261 2245 411 2285; x_wconf 88' lang='lat' dir='ltr'><strong>sorono</strong></span> <span class='ocrx_word' id='word_1_353' title='bbox 453 2246 597 2299; x_wconf 86' lang='lat' dir='ltr'><strong>figlioli</strong></span> <span class='ocrx_word' id='word_1_354' title='bbox 626 2246 749 2286; x_wconf 88' lang='lat' dir='ltr'><strong>d&#39;uno</strong></span> <span class='ocrx_word' id='word_1_355' title='bbox 779 2253 923 2300; x_wconf 84' lang='lat' dir='ltr'><strong>patre:</strong></span> <span class='ocrx_word' id='word_1_356' title='bbox 972 2247 1182 2289; x_wconf 85' lang='lat' dir='ltr'><strong>derizaron</strong></span> <span class='ocrx_word' id='word_1_357' title='bbox 1210 2246 1249 2287; x_wconf 89' lang='lat' dir='ltr'><strong>le</strong></span> <span class='ocrx_word' id='word_1_358' title='bbox 1275 2246 1420 2287; x_wconf 83' lang='lat' dir='ltr'><strong>saiette</strong></span> <span class='ocrx_word' id='word_1_359' title='bbox 1448 2254 1601 2288; x_wconf 85' lang='lat' dir='ltr'><strong>contra</strong></span> 
     </span>
     <span class='ocr_line' id='line_1_40' title="bbox 138 2299 1599 2356; baseline 0.001 -13"><span class='ocrx_word' id='word_1_360' title='bbox 138 2299 404 2347; x_wconf 73' lang='lat' dir='ltr'><strong>Musulmano</strong></span> <span class='ocrx_word' id='word_1_361' title='bbox 423 2331 436 2352; x_wconf 85' lang='lat'>‚</span> <span class='ocrx_word' id='word_1_362' title='bbox 467 2308 510 2341; x_wconf 86' lang='lat' dir='ltr'><strong>et</strong></span> <span class='ocrx_word' id='word_1_363' title='bbox 536 2302 704 2342; x_wconf 85' lang='lat' dir='ltr'><strong>buttolo</strong></span> <span class='ocrx_word' id='word_1_364' title='bbox 734 2302 786 2342; x_wconf 85' lang='lat' dir='ltr'><strong>da</strong></span> <span class='ocrx_word' id='word_1_365' title='bbox 814 2302 974 2342; x_wconf 82' lang='lat' dir='ltr'><strong>cavallo</strong></span> <span class='ocrx_word' id='word_1_366' title='bbox 997 2316 1010 2353; x_wconf 71' lang='grc' dir='ltr'><strong>ς</strong></span> <span class='ocrx_word' id='word_1_367' title='bbox 1041 2303 1080 2341; x_wconf 88' lang='grc'><strong>31</strong></span> <span class='ocrx_word' id='word_1_368' title='bbox 1112 2301 1232 2356; x_wconf 88' lang='lat' dir='ltr'><strong>quale</strong></span> <span class='ocrx_word' id='word_1_369' title='bbox 1262 2302 1428 2342; x_wconf 86' lang='lat' dir='ltr'><strong>subbito</strong></span> <span class='ocrx_word' id='word_1_370' title='bbox 1453 2310 1599 2344; x_wconf 83' lang='lat' dir='ltr'><strong>cazuto</strong></span> 
     </span>
     <span class='ocr_line' id='line_1_41' title="bbox 139 2355 1599 2412; baseline 0.002 -17"><span class='ocrx_word' id='word_1_371' title='bbox 139 2355 184 2395; x_wconf 85' lang='lat' dir='ltr'><strong>in</strong></span> <span class='ocrx_word' id='word_1_372' title='bbox 220 2362 331 2398; x_wconf 82' lang='lat' dir='ltr'><strong>terra</strong></span> <span class='ocrx_word' id='word_1_373' title='bbox 367 2355 568 2410; x_wconf 82' lang='lat' dir='ltr'><strong>tagliaron</strong></span> <span class='ocrx_word' id='word_1_374' title='bbox 598 2357 638 2397; x_wconf 85' lang='lat' dir='ltr'><strong>la</strong></span> <span class='ocrx_word' id='word_1_375' title='bbox 668 2364 783 2401; x_wconf 72' lang='lat' dir='ltr'><strong>testa.</strong></span> <span class='ocrx_word' id='word_1_376' title='bbox 860 2360 998 2398; x_wconf 90' lang='lat' dir='ltr'><strong>Moses</strong></span> <span class='ocrx_word' id='word_1_377' title='bbox 1033 2358 1076 2396; x_wconf 91' lang='lat' dir='ltr'><strong>in</strong></span> <span class='ocrx_word' id='word_1_378' title='bbox 1105 2364 1248 2411; x_wconf 85' lang='lat' dir='ltr'><strong>questo</strong></span> <span class='ocrx_word' id='word_1_379' title='bbox 1276 2365 1416 2412; x_wconf 84' lang='lat' dir='ltr'><strong>tempo</strong></span> <span class='ocrx_word' id='word_1_380' title='bbox 1445 2358 1530 2398; x_wconf 84' lang='lat' dir='ltr'><strong>fece</strong></span> <span class='ocrx_word' id='word_1_381' title='bbox 1558 2359 1599 2399; x_wconf 85' lang='lat' dir='ltr'><strong>la</strong></span> 
     </span>
     <span class='ocr_line' id='line_1_42' title="bbox 139 2409 1600 2467; baseline 0.003 -17"><span class='ocrx_word' id='word_1_382' title='bbox 139 2424 214 2451; x_wconf 79' lang='lat' dir='ltr'><strong>sua</strong></span> <span class='ocrx_word' id='word_1_383' title='bbox 239 2409 392 2452; x_wconf 79' lang='lat' dir='ltr'><strong>intrata</strong></span> <span class='ocrx_word' id='word_1_384' title='bbox 441 2414 482 2452; x_wconf 89' lang='lat' dir='ltr'><strong>in</strong></span> <span class='ocrx_word' id='word_1_385' title='bbox 512 2413 790 2467; x_wconf 85' lang='lat' dir='ltr'><strong>Andrinopoli</strong></span> <span class='ocrx_word' id='word_1_386' title='bbox 821 2427 898 2452; x_wconf 90' lang='lat' dir='ltr'><strong>con</strong></span> <span class='ocrx_word' id='word_1_387' title='bbox 938 2413 1092 2467; x_wconf 83' lang='lat' dir='ltr'><strong>grande</strong></span> <span class='ocrx_word' id='word_1_388' title='bbox 1119 2412 1223 2453; x_wconf 77' lang='lat' dir='ltr'><strong>stolo</strong></span> <span class='ocrx_word' id='word_1_389' title='bbox 1254 2413 1304 2454; x_wconf 92' lang='lat' dir='ltr'><strong>de</strong></span> <span class='ocrx_word' id='word_1_390' title='bbox 1333 2413 1528 2454; x_wconf 85' lang='lat' dir='ltr'><strong>lanzaroli</strong></span> <span class='ocrx_word' id='word_1_391' title='bbox 1557 2421 1600 2454; x_wconf 81' lang='lat' dir='ltr'><strong>et</strong></span> 
     </span>
     <span class='ocr_line' id='line_1_43' title="bbox 139 2465 1596 2523; baseline 0.003 -18"><span class='ocrx_word' id='word_1_392' title='bbox 139 2465 299 2506; x_wconf 81' lang='lat' dir='ltr'><strong>homini</strong></span> <span class='ocrx_word' id='word_1_393' title='bbox 327 2468 473 2507; x_wconf 79' lang='lat' dir='ltr'><strong>armati</strong></span> <span class='ocrx_word' id='word_1_394' title='bbox 498 2469 551 2508; x_wconf 86' lang='lat' dir='ltr'><strong>da</strong></span> <span class='ocrx_word' id='word_1_395' title='bbox 579 2469 683 2522; x_wconf 89' lang='lat' dir='ltr'><strong>pede</strong></span> <span class='ocrx_word' id='word_1_396' title='bbox 722 2477 762 2508; x_wconf 90' lang='lat' dir='ltr'><strong>et</strong></span> <span class='ocrx_word' id='word_1_397' title='bbox 795 2468 846 2508; x_wconf 87' lang='lat' dir='ltr'><strong>da</strong></span> <span class='ocrx_word' id='word_1_398' title='bbox 870 2468 1041 2509; x_wconf 82' lang='lat' dir='ltr'><strong>cavallo.</strong></span> <span class='ocrx_word' id='word_1_399' title='bbox 1069 2483 1147 2509; x_wconf 88' lang='lat' dir='ltr'><strong>con</strong></span> <span class='ocrx_word' id='word_1_400' title='bbox 1176 2469 1333 2523; x_wconf 77' lang='lat' dir='ltr'><strong>grande</strong></span> <span class='ocrx_word' id='word_1_401' title='bbox 1361 2469 1520 2509; x_wconf 80' lang='lat' dir='ltr'><strong>honore</strong></span> <span class='ocrx_word' id='word_1_402' title='bbox 1554 2470 1596 2510; x_wconf 84' lang='lat' dir='ltr'><strong>fo</strong></span> 
     </span>
     <span class='ocr_line' id='line_1_44' title="bbox 139 2520 1597 2566; baseline 0.003 -6"><span class='ocrx_word' id='word_1_403' title='bbox 139 2520 347 2563; x_wconf 78' lang='lat' dir='ltr'><strong>chiamato</strong></span> <span class='ocrx_word' id='word_1_404' title='bbox 388 2523 524 2564; x_wconf 88' lang='lat' dir='ltr'><strong>ducha</strong></span> <span class='ocrx_word' id='word_1_405' title='bbox 563 2524 615 2564; x_wconf 89' lang='lat' dir='ltr'><strong>de</strong></span> <span class='ocrx_word' id='word_1_406' title='bbox 645 2525 804 2564; x_wconf 83' lang='lat' dir='ltr'><strong>Grecia.</strong></span> <span class='ocrx_word' id='word_1_407' title='bbox 833 2524 1023 2564; x_wconf 81' lang='lat' dir='ltr'><strong>havendo</strong></span> <span class='ocrx_word' id='word_1_408' title='bbox 1062 2526 1194 2564; x_wconf 90' lang='lat' dir='ltr'><strong>inteso</strong></span> <span class='ocrx_word' id='word_1_409' title='bbox 1221 2524 1260 2564; x_wconf 86' lang='lat' dir='ltr'><strong>la</strong></span> <span class='ocrx_word' id='word_1_410' title='bbox 1291 2533 1420 2566; x_wconf 88' lang='lat' dir='ltr'><strong>morte</strong></span> <span class='ocrx_word' id='word_1_411' title='bbox 1448 2525 1498 2565; x_wconf 86' lang='lat' dir='ltr'><strong>de</strong></span> <span class='ocrx_word' id='word_1_412' title='bbox 1523 2539 1597 2565; x_wconf 89' lang='lat' dir='ltr'><strong>suo</strong></span> 
     </span>
     <span class='ocr_line' id='line_1_45' title="bbox 141 2575 1596 2634; baseline 0.003 -18"><span class='ocrx_word' id='word_1_413' title='bbox 141 2575 308 2617; x_wconf 76' lang='lat' dir='ltr'><strong>fratello</strong></span> <span class='ocrx_word' id='word_1_414' title='bbox 338 2579 625 2628; x_wconf 83' lang='lat' dir='ltr'><strong>Musulmano,</strong></span> <span class='ocrx_word' id='word_1_415' title='bbox 666 2579 794 2619; x_wconf 87' lang='lat' dir='ltr'><strong>molto</strong></span> <span class='ocrx_word' id='word_1_416' title='bbox 836 2579 873 2619; x_wconf 91' lang='lat' dir='ltr'><strong>el</strong></span> <span class='ocrx_word' id='word_1_417' title='bbox 899 2581 1067 2632; x_wconf 84' lang='lat' dir='ltr'><strong>pianse‚</strong></span> <span class='ocrx_word' id='word_1_418' title='bbox 1106 2587 1148 2620; x_wconf 83' lang='lat' dir='ltr'><strong>et</strong></span> <span class='ocrx_word' id='word_1_419' title='bbox 1175 2580 1326 2620; x_wconf 68' lang='lat' dir='ltr'><strong>mando</strong></span> <span class='ocrx_word' id='word_1_420' title='bbox 1352 2580 1381 2620; x_wconf 86' lang='lat' dir='ltr'><strong>li</strong></span> <span class='ocrx_word' id='word_1_421' title='bbox 1413 2581 1596 2634; x_wconf 84' lang='lat' dir='ltr'><strong>principi</strong></span> 
     </span>
     <span class='ocr_line' id='line_1_46' title="bbox 139 2631 1597 2690; baseline 0.004 -20"><span class='ocrx_word' id='word_1_422' title='bbox 139 2631 186 2670; x_wconf 87' lang='lat' dir='ltr'><strong>di</strong></span> <span class='ocrx_word' id='word_1_423' title='bbox 214 2633 276 2672; x_wconf 72' lang='lat' dir='ltr'><strong>soi</strong></span> <span class='ocrx_word' id='word_1_424' title='bbox 301 2634 460 2688; x_wconf 83' lang='lat' dir='ltr'><strong>satrapi</strong></span> <span class='ocrx_word' id='word_1_425' title='bbox 505 2635 560 2675; x_wconf 83' lang='lat' dir='ltr'><strong>ad</strong></span> <span class='ocrx_word' id='word_1_426' title='bbox 600 2636 664 2674; x_wconf 78' lang='lat' dir='ltr'><strong>far</strong></span> <span class='ocrx_word' id='word_1_427' title='bbox 707 2642 853 2688; x_wconf 85' lang='lat' dir='ltr'><strong>portar</strong></span> <span class='ocrx_word' id='word_1_428' title='bbox 892 2635 928 2674; x_wconf 84' lang='lat' dir='ltr'><strong>el</strong></span> <span class='ocrx_word' id='word_1_429' title='bbox 958 2650 1031 2675; x_wconf 88' lang='lat' dir='ltr'><strong>suo</strong></span> <span class='ocrx_word' id='word_1_430' title='bbox 1061 2650 1190 2689; x_wconf 80' lang='lat' dir='ltr'><strong>corpo</strong></span> <span class='ocrx_word' id='word_1_431' title='bbox 1215 2637 1257 2675; x_wconf 86' lang='lat' dir='ltr'><strong>in</strong></span> <span class='ocrx_word' id='word_1_432' title='bbox 1291 2636 1597 2690; x_wconf 81' lang='lat' dir='ltr'><strong>Andrinopoli,</strong></span> 
     </span>
     <span class='ocr_line' id='line_1_47' title="bbox 141 2687 1595 2745; baseline 0.003 -19"><span class='ocrx_word' id='word_1_433' title='bbox 141 2693 184 2726; x_wconf 85' lang='lat' dir='ltr'><strong>et</strong></span> <span class='ocrx_word' id='word_1_434' title='bbox 219 2687 274 2730; x_wconf 78' lang='lat' dir='ltr'><strong>da</strong></span> <span class='ocrx_word' id='word_1_435' title='bbox 301 2689 584 2744; x_wconf 84' lang='lat' dir='ltr'><strong>Andrinopoli</strong></span> <span class='ocrx_word' id='word_1_436' title='bbox 627 2690 663 2730; x_wconf 89' lang='lat' dir='ltr'><strong>el</strong></span> <span class='ocrx_word' id='word_1_437' title='bbox 695 2690 846 2730; x_wconf 77' lang='lat' dir='ltr'><strong>mando</strong></span> <span class='ocrx_word' id='word_1_438' title='bbox 878 2705 954 2730; x_wconf 87' lang='lat' dir='ltr'><strong>con</strong></span> <span class='ocrx_word' id='word_1_439' title='bbox 982 2691 1133 2745; x_wconf 83' lang='lat' dir='ltr'><strong>grande</strong></span> <span class='ocrx_word' id='word_1_440' title='bbox 1162 2690 1324 2731; x_wconf 90' lang='lat' dir='ltr'><strong>honore</strong></span> <span class='ocrx_word' id='word_1_441' title='bbox 1351 2694 1393 2731; x_wconf 88' lang='lat' dir='ltr'><strong>in</strong></span> <span class='ocrx_word' id='word_1_442' title='bbox 1420 2692 1563 2732; x_wconf 82' lang='lat' dir='ltr'><strong>Prusia</strong></span> <span class='ocrx_word' id='word_1_443' title='bbox 1582 2724 1595 2742; x_wconf 87' lang='lat'><em>,</em></span> 
     </span>
     <span class='ocr_line' id='line_1_48' title="bbox 139 2741 1595 2800; baseline 0.003 -19"><span class='ocrx_word' id='word_1_444' title='bbox 139 2747 186 2782; x_wconf 79' lang='lat' dir='ltr'><strong>et</strong></span> <span class='ocrx_word' id='word_1_445' title='bbox 209 2741 306 2783; x_wconf 86' lang='lat' dir='ltr'><strong>halo</strong></span> <span class='ocrx_word' id='word_1_446' title='bbox 334 2745 443 2786; x_wconf 77' lang='lat' dir='ltr'><strong>facto</strong></span> <span class='ocrx_word' id='word_1_447' title='bbox 471 2745 659 2799; x_wconf 83' lang='lat' dir='ltr'><strong>sepellire</strong></span> <span class='ocrx_word' id='word_1_448' title='bbox 683 2745 792 2785; x_wconf 87' lang='lat' dir='ltr'><strong>nella</strong></span> <span class='ocrx_word' id='word_1_449' title='bbox 818 2746 1031 2799; x_wconf 82' lang='lat' dir='ltr'><strong>sepultura</strong></span> <span class='ocrx_word' id='word_1_450' title='bbox 1061 2746 1135 2787; x_wconf 89' lang='lat' dir='ltr'><strong>che</strong></span> <span class='ocrx_word' id='word_1_451' title='bbox 1162 2746 1422 2788; x_wconf 88' lang='lat' dir='ltr'><strong>Musulmano</strong></span> <span class='ocrx_word' id='word_1_452' title='bbox 1451 2762 1526 2800; x_wconf 81' lang='lat' dir='ltr'><strong>per</strong></span> <span class='ocrx_word' id='word_1_453' title='bbox 1555 2747 1595 2786; x_wconf 91' lang='lat' dir='ltr'><strong>lo</strong></span> 
     </span>
     <span class='ocr_line' id='line_1_49' title="bbox 141 2801 1595 2856; baseline 0.005 -20"><span class='ocrx_word' id='word_1_454' title='bbox 141 2810 218 2838; x_wconf 77' lang='lat' dir='ltr'><strong>suo</strong></span> <span class='ocrx_word' id='word_1_455' title='bbox 255 2813 390 2856; x_wconf 83' lang='lat' dir='ltr'><strong>corpo</strong></span> <span class='ocrx_word' id='word_1_456' title='bbox 430 2815 472 2843; x_wconf 86' lang='lat' dir='ltr'><strong>se</strong></span> <span class='ocrx_word' id='word_1_457' title='bbox 507 2801 636 2843; x_wconf 77' lang='lat' dir='ltr'><strong>havea</strong></span> <span class='ocrx_word' id='word_1_458' title='bbox 676 2802 785 2842; x_wconf 84' lang='lat' dir='ltr'><strong>facto</strong></span> <span class='ocrx_word' id='word_1_459' title='bbox 813 2802 1031 2844; x_wconf 79' lang='lat' dir='ltr'><strong>fabricare.</strong></span> <span class='ocrx_word' id='word_1_460' title='bbox 1087 2803 1220 2844; x_wconf 81' lang='lat' dir='ltr'><strong>Moses</strong></span> <span class='ocrx_word' id='word_1_461' title='bbox 1248 2810 1481 2845; x_wconf 75' lang='lat' dir='ltr'><strong>veramente</strong></span> <span class='ocrx_word' id='word_1_462' title='bbox 1511 2803 1595 2844; x_wconf 78' lang='lat' dir='ltr'><strong>fece</strong></span> 
     </span>
    </p>
   </div>
  </div>
 </body>
</html>
