1916 3210
335 153 444 222 542
783 179 786 184 ·
909 173 1197 215 BULmALm

329 273 483 314 adeat:
496 273 574 313 iam
622 272 792 314 diximus
820 273 1148 313 Cantacuze'num
1164 271 1288 312 illum
1319 273 1374 314 ob
1402 273 1558 327 generis
1584 272 1778 329 splendo-

334 343 451 376 rem,
499 328 659 369 eximias
685 329 936 382 insignesque
963 331 1163 377 virtutes,
1192 328 1339 381 quibus
1380 329 1488 369 domi
1530 329 1779 384 militiaeque

333 383 503 432 elamit,
550 398 574 423 a
614 386 795 437 Giegora
842 389 884 423 et
924 390 1066 422 nostro
1104 382 1338 435 laudatum,
1369 391 1600 426 accusatum
1627 390 1780 426 vemt

333 438 521 478 Phranze
558 437 765 478 affectatae
801 437 1027 491 tyrannidis
1064 445 1104 477 et
1146 437 1186 477 in
1222 439 1443 478 Iohannem
1484 430 1688 492 perfidiae.
1706 438 1781 480 his

333 493 385 533 de
410 493 576 532 obiectis
606 492 681 537 sibi
713 492 950 532 criminibus
977 492 1122 546 passim
1156 494 1197 532 in
1234 493 1418 546 historia,
1447 507 1572 548 quam
1601 493 1780 547 scripsit,

333 556 452 602 purga
442 555 482 587 at
504 562 546 586 se
573 547 902 595 Cantncuzenus‚
931 561 1175 602 omnemque
1205 548 1472 602 suspicionem
1499 563 1523 588 a
1547 562 1614 596 se,
1650 562 1781 611 quan-

333 611 423 642 tum
450 608 604 655 potest,
630 601 835 644 amolitur.
868 601 1064 656 quicquid
1090 606 1171 652 sit,
1202 616 1396 642 emonam
1424 604 1690 657 imperialem
1702 603 1779 643 sihi

335 665 376 697 et
417 657 535 696 uxori
572 632 635 696 b'is
672 658 830 710 imponi
865 657 1019 706 voluit,
1065 656 1320 697 Matthaeum
1360 659 1584 698 libeiorum
1611 667 1780 699 suorum

333 713 648 766 primogenitum
681 711 893 765 despotam
933 712 1158 765 designavit
1199 712 1440 767 calceosque
1464 726 1689 767 purpureos
1715 713 1780 752 in-

337 768 462 806 duere
489 768 615 814 iussit,
647 766 885 807 Manuelem
902 775 1002 807 natu
1027 768 1228 807 minorem
1256 769 1427 821 Spartae
1453 771 1673 822 despotam
1686 780 1781 821 pre-

333 822 548 871 clamavit3
576 823 633 860 ita
660 828 708 861 ut
737 823 846 861 viam
878 822 930 862 ad
962 822 1175 875 imperium
1203 823 1280 862 sihi
1308 824 1470 877 suisque
1496 824 1781 876 usurpandum

336 891 383 916 ac
423 877 685 916 retinendum
712 883 891 917 sternere
929 878 1105 918 voluisse
1129 878 1331 918 videatur.
1365 885 1413 918 ut
1441 892 1542 918 vero
1570 878 1781 932 inceptum

331 932 562 982 omitteret,
601 933 736 983 vires,
772 933 918 985 quibus
950 933 1169 972 instructus
1196 940 1311 983 erat,
1341 933 1523 972 infirmae
1550 947 1599 972 ac
1625 931 1779 984 fluxae,

333 1001 474 1026 rerum
517 987 677 1040 imperii
714 988 1001 1051 perturbatio,
1038 1002 1143 1040 quac
1187 989 1348 1027 attritae
1389 988 1430 1027 in
1457 987 1573 1041 peius
1601 987 1782 1042 quotidie

322 1042 532 1089 -ruebant,
563 1049 701 1109 atque
711 1042 963 1082 imminentia
994 1057 1018 1081 a
1051 1043 1194 1082 Turcis
1222 1042 1404 1107 pericula
1432 1047 1657 1086 sunsei-,unt
1708 1083 1710 1087 ,
1756 1065 1760 1067 ‡

441 1097 492 1136 P.
515 1110 589 1146 20,
606 1096 645 1139 5.
674 1094 874 1149 ἠβούλετο
897 1112 916 1136 ο
907 1094 1278 1151 Καντακουζηνὸς
1293 1093 1494 1150 κηδεστὴς
1513 1092 1650 1138 αυτοῦ
1666 1098 1782 1150 γενέ-

327 1150 455 1205 σθαι]
485 1151 775 1191 Phranzeslib.
797 1166 809 1191 ι
846 1166 943 1192 c.12
974 1153 1103 1192 tradit
1131 1152 1421 1192 Andronicum
1444 1155 1570 1192 morti
1597 1152 1777 1192 vicinum

330 1207 533 1246 mandatis
554 1209 757 1259 supremis
782 1208 1032 1260 praecepisse
1054 1215 1099 1247 ut
1123 1208 1227 1247 filius
1254 1222 1350 1247 suus
1371 1221 1418 1246 ac
1435 1206 1552 1247 heres
1572 1207 1780 1248 lohannes

333 1261 460 1301 filiam
488 1262 755 1301 Cantacuzeni
788 1276 956 1302 uxorem
980 1264 1172 1311 duceiet,
1204 1276 1326 1316 quam
1357 1262 1412 1302 ob
1440 1274 1603 1302 causam
1631 1265 1780 1315 potiori

332 1318 422 1357 iuie
451 1315 689 1356 affinitatem
713 1317 825 1356 illam
864 1325 1113 1357 contractam
1145 1318 1446 1357 Cantacuzenus
1475 1316 1678 1382 cupiebat.
1708 1331 1780 1357 ve-

330 1386 425 1411 rum
451 1371 641 1410 senatorii
683 1372 835 1411 ordinis
867 1372 962 1411 huic
999 1372 1211 1413 adversata
1241 1380 1301 1412 est
1329 1373 1555 1436 sententia,
1585 1371 1626 1412 ἰιι
1656 1386 1780 1426 quam

332 1427 495 1465 Annam
522 1426 724 1466 adducere
753 1426 861 1466 haud
891 1426 1053 1467 difficile
1081 1427 1172 1470 fuit.
1196 1441 1337 1466 rerum
1365 1429 1512 1481 quippe
1542 1439 1714 1467 summa>
1731 1441 1779 1467 ex

332 1486 580 1521 testamento
599 1481 828 1521 Andronici
854 1483 935 1520 iam
954 1483 1190 1534 potiebatur
1203 1483 1509 1521 Cantacuzenus
1525 1495 1538 1534 3
1563 1482 1674 1535 quod
1692 1481 1780 1522 An-

331 1550 409 1576 nae
438 1535 690 1588 imperatrici
720 1536 909 1575 Iohannis
937 1538 1057 1576 matri
1088 1550 1211 1590 grave
1235 1551 1282 1575 ac
1287 1536 1520 1576 molestum
1548 1543 1647 1576 erat.
1678 1550 1780 1576 con-

331 1596 465 1631 tracto
491 1590 639 1630 deinde
668 1593 927 1631 matrimonio
954 1591 1044 1641 illo,
1073 1592 1166 1645 plu1
1168 1591 1258 1630 ibus
1286 1591 1490 1631 nitebatur
1516 1592 1800 1631 munimentis=

333 1653 452 1686 tutor
491 1659 687 1699 soceique
715 1646 974 1700 imperatoris
1014 1647 1157 1686 factus.
1189 1645 1272 1686 hoc
1299 1645 1389 1685 loco
1418 1645 1612 1686 lectorem
1639 1659 1782 1710 mone-

321 1701 467 1741 ·bimus
497 1700 743 1740 historicum
771 1707 958 1740 nostium
985 1701 1027 1740 in
1049 1700 1291 1741 enarrandis
1309 1700 1433 1740 rebus
1465 1714 1571 1754 quae
1597 1701 1674 1740 sub
1702 1700 1781 1740 im-

333 1764 522 1810 peratore
551 1755 731 1795 Iohanne
776 1763 887 1809 gesta
914 1763 1035 1808 sunt,
1066 1756 1196 1795 donec
1225 1755 1533 1796 Cantacuzenus
1557 1754 1784 1795 monachus

332 1818 376 1851 et
404 1810 651 1850 anachoreta
681 1810 818 1859 fieret,
849 1810 902 1850 ab
933 1810 1014 1849 hoc
1046 1825 1126 1849 non
1155 1810 1331 1849 multum
1357 1810 1594 1862 dissentire3
1620 1824 1669 1850 ex
1697 1821 1782 1864 quo

335 1879 419 1912 non
446 1879 598 1919 parum
626 1865 880 1904 auctoritatis
907 1879 956 1904 ac
982 1866 1346 1905 commendationis
1373 1865 1408 1905 ei
1424 1865 1617 1905 accedere
1645 1864 1782 1916 debet,

333 1935 430 1961 cum
461 1921 771 1960 Cantacuzenus
798 1920 964 1974 diligens
992 1935 1040 1960 ac
1066 1921 1215 1960 iudicio
1246 1927 1453 1973 praestans
1468 1920 1682 1966 historicus
1713 1920 1782 1963 sit.

332 1975 476 2030 paucis
507 1975 775 2015 indicabimus
804 1975 871 2014 illa
903 1989 971 2028 qu
962 1989 1007 2014 ic
1037 1975 1193 2014 diversa
1224 1975 1330 2028 apud
1361 1975 1686 2015 Cantacuzenum
1710 1989 1782 2014 oo—

330 2037 522 2081 cumunt,
551 2030 624 2084 qui
653 2044 715 2070 res
743 2030 831 2070 illas
858 2031 1033 2084 singulas
1062 2030 1233 2084 amplius
1270 2037 1310 2070 et
1337 2032 1532 2086 exquisite
1561 2030 1688 2084 magis
1713 2044 1781 2069 ex-

332 2086 502 2140 plicatas
532 2084 763 2138 complexus
793 2092 864 2124 cst.

445 2140 534 2180 Lib.
567 2141 593 2180 5
628 2154 714 2204 cap.
744 2141 770 2180 5
797 2140 1103 2179 Cantacuzenus
1145 2140 1330 2193 queritur
1358 2154 1400 2180 se
1427 2154 1449 2179 a
1482 2139 1713 2194 patriarcha
1741 2147 1781 2179 et

333 2195 587 2249 Apocaucho
605 2197 740 2235 statim
761 2202 854 2247 post
869 2209 1072 2234 excessum
1100 2195 1322 2234 Andronici
1351 2196 1523 2248 petitum
1550 2209 1644 2238 esse
1664 2209 1781 2234 cum-

335 2265 418 2304 que
447 2251 487 2289 in
519 2251 711 2290 Tribalos
738 2264 806 2289 seu
838 2251 998 2290 Servios
1016 2280 1028 2302 ,
1054 2250 1123 2303 qui
1149 2251 1248 2289 fines
1275 2250 1435 2303 imperii
1467 2249 1781 2303 populabantur,

335 2313 521 2345 moturus
550 2313 677 2355 esset,
710 2305 813 2344 urbe
836 2305 1014 2344 excedit:
1045 2306 1161 2358 prius
1188 2319 1288 2344 vero
1319 2319 1441 2358 quam
1473 2305 1621 2354 abeat,
1651 2304 1780 2357 impe-

335 2362 523 2400 ratricem
557 2359 642 2400 adit
681 2361 717 2399 ei
757 2360 1043 2399 valedicturus.
1088 2360 1187 2399 dum
1225 2361 1333 2399 inter
1369 2374 1410 2399 se
1457 2359 1776 2413 colloquuntur,

336 2415 664 2455 Cantacuzenum
698 2415 818 2454 Anna
856 2415 1046 2454 licitatur
1074 2421 1121 2454 ut
1148 2421 1244 2454 ante
1274 2415 1487 2455 discessum
1514 2413 1638 2453 filiam
1666 2427 1780 2454 suam

337 2471 571 2523 imperatori
602 2471 772 2510 Iohanni
801 2469 1079 2523 despondeat3
1109 2469 1216 2523 quod
1245 2477 1289 2508 ut
1317 2470 1480 2521 faceret,
1508 2469 1651 2508 adduci
1681 2477 1780 2508 tunc

338 2539 421 2565 non
462 2525 619 2578 potuit,
661 2532 701 2564 et
748 2524 947 2577 sponsalia
993 2523 1063 2563 illa
1091 2530 1196 2586 post
1238 2524 1414 2564 reditum
1452 2537 1570 2564 suum
1609 2523 1780 2567 distulit

335 2593 434 2632 πριν
463 2579 510 2618 δὲ
536 2579 770 2628 Βυζαντίου
799 2579 981 2627 ἐξελθεῖν
1008 2575 1222 2642 γενόμενος
1248 2593 1293 2618 εν
1317 2577 1543 2642 βασιλείοις
1570 2570 1695 2625 αὖθις
1723 2593 1780 2626 ως

336 2627 636 2696 συνταξάμενος
671 2634 724 2687 τῇ
751 2634 959 2684 βασιλίδι,
999 2630 1074 2685 τήν
1098 2634 1315 2700 θυγατέρα
1342 2630 1584 2685 κελευούσης
1614 2635 1787 2696 βασιλεῖ’

338 2688 398 2744 τιὸ
425 2688 502 2744 νέω
529 2683 709 2752 Ἰωάννῃ
732 2685 803 2727 τὸν
830 2689 961 2740 μέγαν
989 2688 1244 2754 Λομέστιικον
1273 2687 1520 2754 κατεγγυᾶν,
1556 2683 1779 2737 ἀνεβάλλε-

339 2756 386 2785 το
413 2742 474 2790 εις
513 2740 590 2796 τὴν
630 2731 834 2783 ἐπάνοδον
869 2741 1023 2790 ἐκεῖνος
1059 2757 1132 2795 την
1159 2743 1205 2783 ἐκ
1244 2742 1318 2796 τῆς
1344 2737 1536 2797 ἑσπέοας
1565 2751 1786 2798 antequam
