1878 3204
310 173 327 206 Ι
343 175 372 207 2
622 173 804 233 DUCAE
823 181 824 184 ’
843 173 1127 214 MICHAELIS
1175 173 1398 216 NEPOTIS

300 268 480 312 τακόσια
523 273 718 327 τέσσαρα.
759 273 869 324 ὄμοῦ
914 269 1017 312 κατὰ
1054 269 1127 319 τὰς
1170 275 1254 313 τῶν
1282 271 1447 326 χρόνων
1486 272 1739 322 α’κολουθίας

298 339 645 391 συμψηφίσαντες
690 336 867 392 εὕρομεν
916 334 994 377 ἀπὸ
1037 339 1113 378 τοῦ
1149 336 1315 392 πρώτου
1365 335 1501 391 Ἀδάμ
1532 340 1621 388 ’ἕως
1662 337 1739 380 ῐοό

299 404 488 455 Χριστοῦ
517 400 590 458 ἔτη
614 402 928 455 πεντακισχίλια
957 401 1221 448 πεντακόσια.
1298 402 1380 444 ἀπὸ
1415 404 1462 444 δὲ
1489 404 1562 459 τῆς
1589 401 1738 458 §rodp-

210 473 246 506 P.
265 475 374 508 3κου
403 468 636 520 οἰκονομίας
666 470 744 517 ἕως
760 470 835 509 τοῦ
862 466 1046 521 μεγάλου
1071 470 1388 511 Κωνσταντίνου
1415 468 1487 524 ἔτη
1517 466 1613 524 τιη’.
1650 465 1732 520 ἀπὸ

299 535 346 575 δὲ
370 535 443 588 τῆς
475 537 694 586 βασιλείας
734 536 810 575 τοῦ
841 532 1025 587 μεγάλου
1055 536 1377 577 Κωνσταντίνου
1405 537 1483 584 ἕως
1510 536 1581 589 τῆς
1610 532 1771 588 βασι-5

296 600 410 647 λείας
431 599 724 640 Ἰουστινιανοῦ
751 600 825 640 τοῦ
854 599 1060 651 βασιλέως
1087 597 1159 654 ἔτη
1188 598 1255 642 σι’.
1297 601 1343 642 ἐν
1372 602 1438 657 τῷ
1456 597 1627 658 [χρόνῳ]
1656 600 1736 641 αὕ-

295 666 370 704 τοῦ
405 659 653 720 ᾠκοδομήθη
694 662 738 705 τὸ
774 665 882 718 μέγα
919 666 1081 717 τέμενος
1122 663 1163 707 τὸ
1207 666 1272 707 ἐπ’
1308 662 1483 719 ὀνόματι
1534 666 1608 720 τῆς
1657 660 1735 708 τοῦ

294 730 399 771 θεοῦ
442 728 565 783 ἁγίας
614 731 766 786 σοφίας
820 732 920 783 παρ’
948 729 1084 771 αὐτοῦ
1128 733 1371 776 σκευασθέν.
1449 729 1530 773 αήὸ
1576 732 1623 774 δὲ
1660 725 1734 787 ἑῆς

292 794 510 848 βασιλείας
537 795 834 838 Ἰουστινιανοῦ
862 796 939 844 ἕως
968 797 1040 849 τῆς
1067 795 1282 848 βασιλείας
1313 795 1634 842 Κωνσταντίνου
1661 795 1735 838 καί

292 857 472 913 Εἰρήνης
514 861 585 913 τῆς
620 857 777 914 μητρὸς
822 861 957 901 αὐτοῦ
993 858 1063 915 ἔτη
1093 859 1167 910 σξ.
1231 859 1313 901 ἀπὸ
1344 862 1391 902 δὲ
1417 861 1492 915 τῆς
1515 861 1796 914 βασιλείαςῑῡ

292 921 470 978 Εἰρήνης
499 925 578 973 ἕως
603 927 676 977 τῆς
700 925 915 976 βασιλείας
941 924 1130 974 Ἀλεξίου
1159 925 1234 966 τοῦ
1271 927 1499 980 Κομνηνοῦ
1529 923 1602 982 ἔτη
1629 925 1730 968 σςεῗ.

253 989 538 1040 Βὲβασιλευσε
568 989 615 1030 δὲ
644 988 824 1038 Ἀλέξιος
853 988 923 1045 ἔτη
952 987 1009 1040 λζ’
1041 987 1113 1030 καί
1137 990 1272 1043 μῆνας
1300 986 1336 1030 δ’
1365 991 1437 1030 καί
1470 987 1568 1045 ἧμί,
1594 989 1732 1032 ’Iandu-

291 1068 363 1106 νης
395 1051 416 1092 ὅ
448 1051 540 1102 υἱὸς
567 1049 700 1095 αὐτοῦ
728 1052 800 1108 ἔτη
830 1053 891 1094 κδ’
919 1055 1054 1108 μῆνας
1080 1053 1141 1109 η’,
1180 1051 1392 1108 Μανουὴλ
1425 1051 1447 1095 ὅ
1477 1053 1569 1104 υἱὸς
1589 1049 1731 1098 Ἰωάν-

290 1131 366 1158 νου
396 1115 464 1171 ἔτη
493 1116 552 1168 λζ’
580 1120 716 1173 μῆνας
742 1117 808 1171 θ’,
833 1119 1016 1170 Ἀλέξιος
1044 1119 1067 1160 ὁ
1095 1117 1189 1169 υἱὸς
1218 1117 1430 1174 Μανουὴλ
1460 1117 1534 1160 καί
1558 1117 1731 1174 Ἀνδρό-

287 1197 400 1231 νικος
429 1182 450 1222 ὁ
480 1181 633 1238 φονεύς
655 1179 841 1234 Ἀλεξίου
870 1182 942 1238 ἔτη
970 1183 1020 1238 γ’,
1045 1181 1155 1226 ὥστε
1180 1181 1287 1226 εἶναι
1313 1184 1362 1226 τὰ
1392 1184 1528 1226 πάντα
1561 1182 1632 1240 ἔτη
1658 1187 1730 1240 τῆς
1746 1184 1794 1224 15
1822 1179 1825 1183 ’

287 1248 504 1299 βασιλείας
531 1250 612 1289 τῶν
644 1251 878 1303 Κομνηνῶν
905 1247 974 1304 ἔτη
1002 1248 1065 1304 ρα’
1092 1251 1228 1304 μῆνας
1259 1248 1315 1291 θ’.
1342 1249 1448 1303 μετὰ
1478 1251 1524 1291 δὲ
1552 1248 1626 1292 τὸν
1638 1251 1728 1292 Ἀν-

287 1311 482 1366 δρόνικον
509 1311 709 1362 Ἰσαάκιος
742 1312 764 1354 ὅ
783 1309 982 1368 ’Ἄγγελος
1012 1312 1083 1369 ἔτη
1112 1313 1153 1356 θ’
1179 1317 1317 1367 μῆνας
1344 1312 1395 1369 η’,
1426 1313 1680 1365 Ἀλέξιος-δὲ
1707 1314 1731 1356 ὅ

277 1370 474 1431 Ἀγγελος
504 1374 687 1434 ἀδελφὸς
710 1375 920 1421 Ἰσαακίου
948 1379 1019 1435 ἔτη
1045 1377 1086 1421 θ’
1104 1411 1117 1434 ,
1146 1378 1312 1429 Δούκας
1339 1379 1363 1420 ὅ
1379 1378 1732 1436 ’Μούρτζουφλος

241 1447 269 1481 C
284 1446 422 1498 μῆνας
459 1443 496 1496 β’
500 1478 511 1489 .
558 1439 666 1485 ὥστε
694 1439 802 1486 εἶναι
833 1442 916 1486 α’πό
945 1446 1117 1494 κτίσεως
1144 1443 1300 1498 κόσμου
1329 1445 1407 1493 ἕως
1438 1445 1514 1499 τῆς
1541 1445 1729 1498 βασιλεί-

72 1515 269 1562 A.C.1204
283 1524 332 1557 ας
373 1509 540 1561 Δούκα,
588 1509 631 1550 ἐν
672 1503 699 1565 ᾗ
743 1509 816 1551 καί
841 1505 953 1552 ἑάλω
980 1509 1008 1564 ἦ
1037 1509 1475 1559 Κωνσταντινούπολις
1500 1506 1617 1564 παρὰ
1644 1510 1727 1566 τῶν
1740 1520 1791 1547 20

276 1575 501 1627 Λατίνων,
545 1571 617 1628 ἔτη
660 1575 799 1628 ςψιβ’,
839 1575 1044 1634 ’Λπριλίῳ
1091 1577 1158 1630 ιβ’,
1194 1575 1329 1632 ἡμέρᾳ
1358 1576 1532 1633 δευτέρᾳ
1562 1576 1637 1630 τῆς
1663 1575 1728 1617 ἕκ-

275 1655 350 1694 της
382 1636 618 1693 ἑβδομάδος
647 1642 730 1682 ταῖν
757 1641 968 1696 νηστειῶν.

375 1767 403 1789 ι.
454 1754 554 1802 ὁμοῦ
581 1757 801 1791 Bullialdus:
824 1769 902 1805 μου
929 1760 963 1793 Ρ.
1056 1761 1090 1794 6.
1138 1759 1264 1806 χρόνῳ
1292 1759 1395 1794 deest
1418 1761 1453 1793 P.

274 1865 352 1898 mul
389 1876 472 1898 vero
506 1872 708 1912 temporum
747 1871 875 1903 seriem
912 1877 949 1904 et
980 1872 1171 1905 intervalla
1203 1871 1249 1904 ad
1281 1872 1457 1905 calculum
1493 1877 1723 1915 revocantes,

274 1911 477 1954 colligimus
508 1925 528 1945 a
563 1916 678 1959 primo
714 1915 861 1950 homine
884 1918 1019 1951 Adamo
1053 1919 1100 1951 ad
1124 1918 1305 1951 Christum
1329 1930 1441 1951 annos
1466 1920 1567 1954 5500.
1594 1919 1639 1951 ab
1666 1920 1724 1952 in-

274 1959 484 1991 carnatione
522 1972 606 1993 vero
645 1974 759 2007 usque
793 1963 839 1996 ad
876 1964 1151 1997 Constantinum
1174 1965 1343 2008 Magnum
1380 1965 1467 1998 anni
1489 1971 1724 1999 numerantur

273 2006 354 2040 318.
380 2005 424 2036 ab
444 2006 595 2050 imperio
636 2008 769 2042 deinde
793 2010 1021 2044 Constantini
1045 2011 1166 2055 Magni
1191 2011 1236 2044 ad
1261 2011 1500 2044 Iustinianum
1529 2012 1722 2057 imperato-

274 2062 348 2083 rem
375 2053 460 2085 anni
494 2065 561 2087 210
581 2080 590 2094 ‚
617 2066 689 2101 quo
726 2056 926 2101 imperante
955 2063 1190 2102 sumptusque
1215 2058 1412 2102 praebente
1436 2069 1604 2102 magnum
1630 2064 1722 2092 tem-

271 2098 373 2142 plum
398 2104 618 2133 exstructum
645 2107 700 2135 est
740 2103 952 2149 nominique
977 2110 1119 2138 sanctae
1142 2104 1201 2136 dei
1225 2104 1381 2148 Sophiae
1411 2105 1463 2150 [id
1490 2110 1544 2138 est
1571 2105 1723 2150 Sapien-

272 2144 359 2190 tiae]
383 2144 551 2178 dicatum.
578 2147 622 2180 ab
665 2149 816 2194 imperio
837 2151 1027 2184 Iustiniani
1059 2150 1105 2183 ad
1130 2150 1358 2187 Constantini
1394 2156 1430 2183 et
1454 2152 1574 2184 Irenes
1597 2151 1722 2185 matris

276 2190 357 2222 eius
383 2191 573 2235 imperium
598 2196 683 2227 anni
710 2197 822 2241 elapsi
847 2203 930 2230 sunt
946 2199 1030 2239 2605
1056 2197 1101 2230 ab
1127 2198 1230 2230 Irene
1256 2197 1301 2229 ad
1320 2198 1486 2230 Alexium
1498 2197 1720 2231 comnenum

273 2237 360 2269 anni
389 2238 603 2273 effluxerunt
617 2244 692 2286 295.
718 2242 908 2287 imperium
928 2244 1047 2277 tenuit
1061 2243 1207 2278 Alexius
1233 2254 1344 2276 annos
1360 2246 1401 2284 37
1428 2254 1569 2284 menses
1592 2246 1613 2288 4
1638 2255 1720 2277 cum

273 2284 438 2325 semisse,
465 2284 645 2320 Iohannes
680 2288 774 2322 filius
810 2290 887 2324 eius
919 2302 1030 2323 annos
1066 2292 1110 2335 24
1135 2300 1274 2323 menses
1298 2291 1337 2329 8,
1374 2289 1521 2322 Manuel
1541 2290 1636 2323 filius
1659 2291 1719 2323 Io-

275 2330 405 2363 hannis
445 2342 556 2364 annos
583 2336 623 2378 37
659 2345 799 2368 menses
826 2350 861 2381 9.
916 2337 1062 2370 Alexius
1087 2336 1266 2369 Manuelis
1291 2335 1386 2368 filius
1413 2341 1449 2368 et
1470 2335 1717 2378 Andronicus,

273 2376 511 2420 quiAlexium
537 2379 680 2420 occidit,
710 2382 931 2426 imperarunt
955 2394 1065 2416 annos
1079 2384 1110 2416 3.
1136 2383 1188 2416 ita
1210 2388 1251 2417 ut
1274 2393 1395 2415 omnes
1421 2383 1505 2415 anni
1530 2382 1718 2426 dynastiae

273 2423 538 2457 Comnenorum
559 2427 773 2471 colligantur
803 2442 859 2464 ιοι
890 2441 969 2463 cum
995 2428 1178 2462 mensibus
1202 2442 1235 2474 9.
1259 2434 1342 2473 post
1363 2428 1606 2462 Andronicum
1630 2441 1715 2463 vero

271 2470 428 2503 Isaaeius
453 2471 608 2515 Angelus
635 2473 797 2508 obtinuit
821 2476 1009 2520 imperium
1033 2487 1097 2520 per
1121 2486 1233 2508 annos
1258 2488 1291 2519 9,
1316 2486 1456 2508 menses
1484 2477 1517 2508 8.
1566 2476 1714 2510 Alexius

272 2516 429 2560 Angelus
456 2518 582 2550 Isaacii
609 2519 718 2553 frater
742 2522 931 2566 imperavit
958 2523 1060 2557 annis
1084 2533 1224 2556 novem.
1248 2522 1365 2555 Ducas
1389 2522 1451 2566 qui
1463 2522 1714 2567 Murtzuphlus

274 2561 391 2596 dictus
418 2569 472 2596 est
494 2566 678 2599 mensibus
707 2567 849 2602 duobus
875 2569 987 2603 fasces
1021 2569 1163 2614 imperii
1199 2568 1327 2602 tenuit.
1376 2568 1474 2601 Adeo
1503 2574 1544 2601 ut
1568 2580 1588 2600 a
1615 2580 1713 2602 orea-

271 2610 373 2642 tione
398 2611 523 2644 mundi
548 2611 593 2644 ad
619 2614 740 2646 Ducae
770 2615 981 2660 imperium,
1008 2627 1079 2661 quo
1105 2620 1275 2660 regnante
1300 2626 1320 2647 a
1345 2615 1480 2648 Latinis
1506 2614 1626 2659 Cpolis
1652 2626 1712 2648 oc-

272 2662 403 2699 cupata
428 2663 482 2690 est
505 2659 636 2702 Aprilis
663 2660 722 2692 die
742 2673 801 2702 ιο,
828 2662 951 2698 feria2
977 2668 1098 2696 sextae
1123 2662 1342 2707 septimanae
1370 2661 1588 2694 ieiuniorum
1613 2661 1650 2707 [i.
1679 2672 1709 2694 e.

271 2702 400 2756 ieiunii
441 2704 790 2784 qctliadxiagesimalis],
828 2710 911 2742 anni
946 2709 1159 2758 colligantur
1182 2719 1289 2758 supra
1313 2709 1427 2743 sexies
1451 2708 1551 2744 mille
1576 2707 1712 2754 septin*

272 2754 368 2793 genti
398 2755 434 2784 et
484 2763 545 2785 uot
559 2752 626 2788 eni-
