1904 3198
354 185 420 240 ιδ
694 203 873 245 nucu:
907 201 1192 243 incussus
1232 202 1455 245 Nero‘rrs
1488 235 1492 240 ,

299 301 421 357 norit
447 300 626 357 μεληδὸν
652 305 978 356 κατατέμνεται,
1028 300 1129 342 τότε
1147 302 1186 343 οἱ
1223 303 1401 358 Τοῧρκοι
1427 302 1472 344 τὸ
1502 304 1602 358 παρ’
1629 301 1776 347 ἐλπίδα

340 365 484 410 καινὸν
509 366 788 420 θεασάμενοι,
819 369 893 410 καί
919 363 1006 409 οἷον
1033 366 1157 408 κακὸν
1186 366 1384 423 αὖθωρὸν
1417 369 1481 409 ἐπ’
1507 361 1610 420 ὄψιν
1634 369 1779 411 ’ἐπιπει-

339 431 414 474 σὸν
438 430 496 487 μή
539 431 828 486 ἐνεγκάμενοι,
870 430 1029 486 βουλὴν
1068 432 1322 474 εὐσύνοπτον
1364 431 1635 485 βουλεύονται
1661 431 1778 486 μάλα

337 500 411 539 καί
441 499 699 554 σοφιστικήν.
756 500 801 540 ἐν
828 499 943 553 μέσῳ
973 497 1048 551 τῆς
1073 495 1340 552 παρατάξεως
1367 496 1520 553 σκηνὴν
1548 498 1774 553 πεπηγότες

337 560 437 605 ἐἴσω
479 561 548 604 τὸν
576 560 765 617 ἡμιθανῆ
794 559 979 615 Μουρὰτ
1017 563 1254 603 τεθείκασι·
1314 562 1439 604 αὐτοὶ
1465 563 1512 613 δὲ
1538 562 1598 612 ὥς
1625 562 1815 606 οὖδέναὸ

336 627 436 676 τούς
462 626 641 676 πολλοὺς
668 625 886 675 κινδύνους
913 623 1166 678 οἷπώσαντες,
1197 624 1296 668 siim
1328 629 1408 669 τῶν
1425 626 1695 681 παρατάξεων
1722 625 1780 675 ὥς

335 692 456 743 κύνες
481 695 704 741 λυττῶντες
731 691 963 747 ἐχώρησαν.
1021 690 1059 733 οἷ
1096 693 1142 734 δὲ
1170 694 1322 748 Σέρβοι
1349 692 1594 747 ἀγνοοῦντες
1617 690 1693 748 τῂν
1720 693 1780 741 εἰς

246 764 280 797 Ρ.
302 753 489 807 δαῦτούς
532 761 777 813 γενηθεῖσαν
826 755 939 810 παρὰ
980 759 1059 798 τοῦ
1085 759 1214 800 καλοῦ
1244 758 1341 799 νέου
1371 757 1527 800 ἐκείνου
1555 751 1779 812 εὐστοχίαν

278 852 281 857 -
333 825 408 865 καί
433 822 506 878 τὴν
534 825 593 873 εἰς
618 821 717 872 τούς
749 821 956 875 Τούρκους
983 824 1056 863 τοῦ
1084 822 1284 877 ἡγεμόνος
1313 825 1484 878 ζημίαν,
1526 822 1635 873 ἄλλα
1666 823 1778 876 μᾶλ-

331 893 405 931 λον
433 885 713 942 ἀπεγνωκότες
744 887 800 936 ὥς
826 886 849 927 ὅ
878 884 1011 935 καλὸς
1038 888 1190 938 ἐκεῖνος
1214 887 1442 942 στρατηγὸς
1473 883 1574 943 ἄτερ
1602 888 1778 943 κέρδους
1796 905 1843 930 ιο

330 956 404 997 τοῦ
431 954 792 1007 προσδοκουμένου
814 954 1017 1005 ἀπώλετο,
1050 954 1349 1007 δειλοκαρδίως
1367 952 1546 1006 κάκεῖνοι
1561 951 1662 1008 πρὸς
1680 949 1780 1000 τοὺς

334 1019 549 1072 Τούρκους
574 1018 799 1071 α’ντεϊχον,
833 1018 912 1066 ἕως
953 1012 1005 1057 οὗ
1041 1018 1155 1067 τέλος
1200 1014 1222 1058 ὃ
1250 1016 1430 1069 πόλεμος
1460 1015 1621 1073 εἴληφε.
1667 1021 1780 1060 vv).-

331 1081 591 1137 λαμβάνεται
619 1078 695 1124 οὖν
722 1082 744 1124 ὅ
771 1081 971 1138 Λάζαρος
997 1081 1070 1124 καὶ
1095 1081 1176 1125 συν
1203 1083 1319 1138 αὐτῷ
1347 1084 1430 1124 τῶν
1456 1081 1712 1136 μεγιστάνων
1738 1078 1780 1123 οἱ

329 1154 542 1202 πλεῖστοι,
584 1146 659 1197 οὕς
700 1146 981 1201 ἀπαγαγόντες
1019 1149 1063 1189 ἐν
1093 1148 1146 1204 τῇ
1176 1148 1305 1204 σκηνῇ
1330 1142 1358 1203 ᾗ
1383 1145 1514 1188 ἔκειτο
1543 1146 1566 1188 ὅ
1592 1145 1780 1202 ΙΠουροὶτ

328 1209 410 1268 ἤδη
451 1213 500 1255 τὰ
540 1213 708 1255 λοίσθια
747 1215 907 1265 πνέων,
954 1211 1034 1254 σὺν
1076 1213 1136 1269 τῷ
1164 1211 1351 1270 Λαζάρῳ
1398 1211 1555 1261 πάντας
1581 1211 1678 1262 τούς
1706 1211 1843 1259 ὖπίὅ

332 1279 461 1321 αὐτὸν
491 1275 622 1334 ἄρδην
658 1279 951 1333 κατέσφαξαν,
994 1277 1066 1319 καὶ
1092 1276 1172 1320 σὺν
1200 1278 1341 1325 αὕτοῖς
1369 1277 1444 1319 καί
1475 1275 1665 1332 Μουροὶτ
1693 1273 1778 1330 ἆμ-

123 1357 162 1390 Λ.
179 1356 214 1389 C.
235 1358 322 1402 1389
333 1361 402 1400 φω
429 1347 545 1392 τέλος
574 1345 780 1393 ἐδέξαντο·
836 1343 882 1383 τὸ
914 1343 1049 1394 δεξιὸν
1076 1344 1201 1398 κε’ρας
1225 1341 1352 1397 μήπω
1379 1345 1458 1386 τῶν
1485 1344 1778 1397 πραττομένων

151 1404 237 1448 1¹⁰8·
255 1415 314 1449 79¹
334 1409 590 1463 αἰσθόμενόν
641 1423 705 1458 τι,
752 1408 840 1449 ἀλλ’
878 1403 974 1449 οὔτε
1003 1407 1049 1449 τὸ
1085 1407 1335 1463 α’ριστερὸν,
1367 1410 1412 1449 ἐν
1441 1410 1487 1451 δὲ
1515 1411 1569 1466 τῇ
1597 1409 1777 1465 οὕραγίᾳ

289 1476 460 1521 Βταῦτα
501 1473 795 1528 ἐπράχθησαν.
867 1468 919 1527 ἦν
961 1473 1008 1514 δὲ
1040 1469 1062 1512 ὅ
1105 1471 1285 1526 ἔξαρχος
1329 1474 1404 1514 τοῦ
1440 1475 1579 1525 δεξιοῦ
1608 1475 1778 1527 κέρατος

326 1537 581 1593 Σαβοότζιος
609 1538 630 1580 ὃ
660 1540 820 1593 πρῶτος
855 1541 937 1579 τῶν
965 1536 1071 1579 υἱῶν
1110 1537 1324 1592 ΙΚῙουράτ,
1362 1541 1440 1579 τοῦ
1478 1540 1525 1580 δὲ
1549 1534 1776 1595 ἆριστεροῦ
1789 1560 1839 1586 20

237 1603 346 1647 v.5‹5
372 1602 565 1658 δεύτερος
606 1600 627 1644 ὅ
672 1604 744 1644 καί
767 1600 999 1657 Παγιαζὴτ
1019 1636 1031 1655 ,
1065 1602 1199 1651 δεινὸς
1226 1606 1304 1644 καί
1338 1600 1585 1658 δραστήριος
1618 1602 1676 1652 ὥς
1703 1604 1775 1644 ου’-

325 1669 413 1718 δείς
441 1671 524 1711 τῶν
564 1664 726 1719 ἄλλων,
768 1666 814 1708 ὃν
854 1670 926 1709 καί
953 1670 1308 1720 μετακαλέσαντες
1335 1667 1372 1709 οἱ
1401 1671 1476 1720 τῆς
1503 1670 1658 1720 βουλῆς
1685 1670 1774 1717 §go-

324 1733 506 1789 χώτατοι
544 1733 618 1775 τοῦ
658 1732 875 1787 Μουράτ,
921 1731 994 1781 οὓς
1035 1732 1108 1773 καί
1145 1733 1367 1789 βεζήριδας
1393 1731 1496 1775 κατὰ
1528 1731 1603 1788 την
1632 1729 1775 1775 αὖτῶν

327 1886 480 1930 infligit,
510 1886 660 1930 ipseque
681 1885 725 1918 ab
751 1885 901 1917 hastatis
926 1885 1075 1917 Moratis
1101 1884 1320 1918 satellitibus
1353 1885 1636 1932 custodibusque
1659 1897 1772 1919 mem-

325 1934 458 1966 bratim
481 1933 643 1965 concisus
666 1938 730 1965 est.
757 1938 843 1964 tunc
864 1932 894 1963 T
900 1932 975 1963 urci
999 1942 1130 1964 novum
1153 1942 1274 1964 casum
1301 1937 1444 1976 praeter
1472 1943 1571 1978 spem
1595 1933 1770 1974 contuiti,

326 1985 472 2025 tamque
504 1977 655 2011 acerbae
692 1978 824 2018 cladis,
851 1978 952 2010 cuius
983 1978 1049 2022 ipsi
1089 1983 1308 2022 spectatores
1333 1978 1494 2020 fuerant,
1519 1979 1771 2024 impatientes,

326 2026 518 2060 consilium
540 2024 698 2070 prudens
725 2030 835 2070 atque
859 2024 1030 2057 callidum
1055 2024 1193 2056 ineunt.
1217 2025 1255 2057 in
1272 2023 1391 2057 media
1411 2025 1487 2058 acie
1509 2026 1667 2059 tentorio
1693 2036 1771 2058 ere-

327 2079 384 2105 cto
417 2074 516 2106 intus
551 2072 822 2105 semimortuum
849 2071 1025 2103 Moratem
1058 2070 1263 2115 deponunt,
1298 2082 1338 2104 ac
1357 2072 1471 2105 veluti
1492 2072 1634 2105 nullum
1651 2071 1772 2105 subis-

327 2125 409 2151 sent
430 2118 650 2163 periculum,
682 2118 805 2150 multis
843 2117 987 2150 interim
1012 2117 1201 2158 devitatis,
1224 2117 1319 2151 intra
1345 2117 1489 2151 ordines
1518 2123 1559 2152 ut
1573 2129 1677 2151 canes
1714 2130 1771 2151 rau
1821 2142 1824 2145 Δ

326 2165 406 2198 hidi
435 2176 472 2197 se
499 2169 721 2209 receperunt.
771 2164 884 2197 Servii
907 2174 1010 2204 vero,
1040 2174 1132 2208 quae
1151 2174 1171 2195 a
1192 2163 1277 2196 forti
1302 2175 1342 2196 ac
1361 2174 1531 2208 generoso
1552 2165 1681 2198 iuvene
1703 2165 1769 2196 illo

325 2217 400 2245 tam
422 2211 572 2244 solerter
593 2216 629 2244 et
650 2210 804 2243 feliciter
824 2221 961 2255 proque
984 2210 1098 2243 salute
1114 2221 1177 2243 sua
1203 2215 1300 2254 gesta
1320 2216 1439 2251 erant,
1465 2221 1538 2243 non
1555 2211 1670 2243 solum
1695 2221 1769 2244 non

327 2262 593 2301 cognoverunt,
633 2267 814 2301 quamque
850 2257 959 2289 Turci
993 2256 1131 2289 cladem
1169 2257 1298 2289 amisso
1329 2256 1419 2289 duce
1446 2262 1678 2301 acceperant3
1705 2257 1769 2290 sed

328 2305 447 2336 animo
472 2304 619 2347 insuper
643 2303 746 2336 fracti
765 2314 806 2335 ac
828 2302 1092 2347 despondentes
1104 2311 1116 2342 ‚⁴
1139 2308 1179 2335 ut
1205 2303 1356 2335 eximius
1380 2303 1444 2335 ille
1475 2303 1563 2335 belli
1594 2303 1667 2336 dux
1687 2313 1769 2347 spe-

328 2356 407 2383 rato
433 2350 550 2382 fructu
583 2349 728 2382 delusus
748 2349 879 2393 periit,
914 2350 964 2383 ita
991 2355 1027 2382 et
1050 2349 1119 2394 ipsi
1143 2349 1268 2392 ignave
1295 2360 1335 2381 ac
1359 2349 1487 2382 timide
1508 2349 1634 2382 Turcis
1663 2350 1770 2382 resti-

328 2402 476 2436 terunt,
502 2396 678 2439 tantisper
700 2395 785 2428 dum
810 2396 918 2428 talem
948 2397 1081 2429 exitum
1105 2396 1280 2440 praelium
1306 2395 1466 2429 haberet.
1493 2395 1768 2440 comprehendi-

328 2449 388 2476 tur
417 2444 567 2475 Lazarus
605 2448 640 2474 et
666 2453 745 2474 cum
779 2452 822 2474 eo
849 2453 1034 2486 procerum
1060 2448 1168 2486 atque
1195 2442 1284 2475 belli
1316 2441 1446 2474 ducum
1470 2453 1576 2487 quam
1600 2440 1767 2487 plurimi,

329 2490 392 2534 qui
418 2490 456 2521 in
494 2489 707 2528 tentorium,
750 2489 787 2520 in
821 2499 892 2533 quo
918 2490 1074 2522 Morates
1097 2489 1239 2522 iacebat
1267 2489 1420 2521 animam
1446 2489 1517 2521 iam
1548 2498 1677 2532 agens,
1703 2487 1767 2521 ad-

330 2536 429 2568 ducti
453 2535 698 2575 trucidantur,
742 2535 836 2567 idem
862 2537 985 2568 mortis
1011 2546 1119 2580 genus
1141 2547 1181 2567 ac
1202 2536 1359 2568 Mox-ates
1381 2536 1530 2579 experti.
1554 2535 1682 2567 horum
1705 2544 1767 2567 ve-

331 2594 370 2615 ro
403 2592 496 2626 quae
519 2581 734 2625 gerebantur
761 2581 919 2614 nondum
942 2584 1132 2627 quicquam
1158 2587 1363 2622 senserant,
1397 2582 1459 2626 qui
1484 2581 1522 2614 in
1550 2582 1651 2614 laevo
1678 2580 1765 2613 ‹lex-

331 2634 462 2672 troque
489 2628 580 2660 aciei
606 2638 715 2660 cornu
742 2627 902 2660 stabant:
939 2630 976 2661 in
1001 2634 1178 2673 postrema
1203 2629 1337 2673 quippe
1363 2628 1439 2660 acie
1488 2633 1657 2672 lignatum
1678 2632 1762 2659 erat.

331 2675 495 2706 dextrum
535 2674 690 2707 ducebat
718 2685 828 2706 cornu
859 2674 1032 2708 Sabucius
1057 2675 1169 2708 maior
1186 2680 1272 2707 natu
1293 2674 1448 2707 filiorum
1505 2674 1635 2710 oratis:
1662 2673 1763 2706 laevo

329 2727 495 2766 praeerat
527 2721 619 2753 alter
651 2731 774 2752 eorum
807 2721 979 2754 Baiazites
1015 2722 1070 2755 vir
1095 2732 1176 2754 acer
1209 2726 1246 2754 et
1274 2721 1539 2765 praecaeteris
1559 2725 1762 2765 promptus,

331 2778 438 2813 quem
464 2768 747 2807 accersiverunt,
783 2768 845 2812 qui
877 2768 1050 2802 vezirides
1073 2779 1195 2802 eorum
1221 2768 1343 2813 lingua
1366 2772 1554 2809 vocantur,
1578 2766 1761 2813 praecipui
