1916 3210
439 144 654 190 nmen
694 144 1030 189 INTERPRETE
1066 145 1320 190 INCERTO.
1491 131 1606 206 375

155 246 228 298 ni,
255 244 330 302 pun
354 245 605 301 magnanimi
633 250 676 286 et
702 243 900 300 gagliardi
928 243 1004 286 che
1030 243 1222 286 malitiosi
1246 250 1288 286 et
1313 248 1468 296 astuti,
1499 264 1607 305 poco

154 300 402 356 npudnndo
443 298 582 356 quelle
624 301 730 340 zenti
757 300 934 342 barbare
958 299 1119 342 infidele
1137 330 1149 345 ,
1184 314 1283 341 anza
1309 315 1429 344 come
1454 304 1609 349 femine

155 355 659 411 vestiieudespregiando,
693 356 985 397 confidandose
1012 357 1055 396 in
1075 355 1113 396 le
1140 356 1254 396 for-ze
1281 356 1387 398 delle
1410 373 1483 400 sue
1509 360 1610 403 dex·

157 414 227 454 ἴω
254 411 381 454 brae*
402 418 444 453 et
469 410 539 453 nel
564 424 690 452 nome
717 418 757 452 et
782 425 907 466 segno
933 409 1042 452 della
1061 418 1199 452 sancta
1226 425 1364 464 croxe,
1391 417 1490 455 tutti
1516 420 1608 458 ani-

154 473 411 509 mosamente
442 480 526 507 eon
565 465 579 507 i
619 466 727 507 carri
767 467 926 508 coverti
957 474 996 508 et
1043 467 1263 508 incatenati
1309 468 1525 512 intrarono
1564 475 1608 513 in

153 521 363 578 maglin.
405 536 476 563 ma
514 522 649 572 nime,
691 523 827 574 ohne,
865 523 940 563 che
968 521 1208 563 altramente
1234 551 1239 572 3
1249 522 1299 562 de
1324 525 1567 578 quello-che
1596 530 1610 568 i

154 576 299 620 devoti
326 577 544 619 Christiani
575 592 827 632 speravano‚
856 592 925 618 era
955 578 1140 618 ordinato
1167 579 1210 617 in
1239 577 1343 619 cielo
1371 594 1443 633 per
1473 583 1487 621 i
1515 597 1611 636 pec·

151 633 235 673 eati
258 632 304 681 di
325 633 461 673 miseri
476 634 619 683 Greci,
651 648 725 688 per
754 633 793 673 la
821 635 885 673 cui
916 633 1140 674 salvatione
1167 640 1280 674 tanta
1311 634 1506 677 valorosa
1530 641 1611 677 im·-

151 701 272 742 presa
316 687 358 729 so
391 689 675 729 incominzata.
746 690 831 729 Era
877 690 921 728 za
956 688 993 729 el
1024 704 1156 730 zorno
1203 689 1348 730 chiaro
1386 693 1428 730 in
1472 693 1610 734 tutto’l

149 743 332 794 mondo,
371 744 540 799 quando
588 744 627 784 la
657 746 788 798 prima
817 744 974 785 schiera
1014 745 1066 785 de
1095 744 1311 784 Christiani
1346 759 1424 785 con
1455 749 1612 802 'grande

148 797 304 853 impeto
332 812 375 839 se
421 813 565 842 mosse.
593 807 751 840 enti-ate
781 802 823 839 in
854 814 970 841 mezo
1001 800 1040 840 la
1068 800 1224 854 grande
1255 800 1518 843 multitudine
1545 812 1609 850 tra

148 851 261 894 l’une
286 861 327 894 et
363 853 502 895 l’altro
541 869 677 897 corno
725 855 791 895 del
818 869 963 909 campo
1008 857 1049 896 di
1077 855 1241 903 nimici,
1279 863 1320 895 et
1348 870 1422 896 con
1456 860 1611 912 grande

148 908 261 963 foi-ze
286 909 564 950 combatendo
595 918 782 964 rumpete
809 910 848 950 la
882 913 1009 964 prima
1039 910 1220 960 schiera,
1249 909 1289 949 la
1322 913 1419 965 qual
1451 915 1610 954 comin-

147 962 207 1004 ιὸ·
237 978 263 1004 a
300 964 442 1004 fuzire.
486 965 613 1020 quelli
662 966 713 1005 de
744 966 941 1006 Fiandria
971 967 1280 1006 maximamente
1307 969 1668 1021 sequitandoli,52

146 1025 262 1060 tanta
295 1020 564 1061 multitudine
605 1035 657 1061 118
686 1021 812 1075 taglib
854 1028 898 1062 et
927 1022 1090 1072 occise‚
1120 1021 1196 1062 che
1225 1020 1267 1060 di
1300 1025 1430 1075 campi
1464 1025 1609 1067 feceno

150 1074 293 1128 paludi
323 1074 390 1115 del
418 1089 570 1128 sangue
597 1076 833 1116 barbarico.
899 1077 1117 1116 Habiando
1142 1076 1172 1115 li
1202 1075 1384 1116 valorosi
1414 1077 1613 1120 Christia-

150 1131 196 1170 ni
224 1128 360 1172 molto
398 1130 546 1171 dentro
586 1132 640 1171 ali
672 1133 731 1171 soi
761 1132 908 1171 confini
933 1133 1204 1187 persequitati
1233 1131 1246 1170 i
1276 1132 1457 1182 ΤΗΙ-8111,
1491 1143 1532 1174 et
1561 1135 1612 1176 de

147 1183 245 1226 loro
284 1186 605 1239 grandenissima
642 1186 907 1226 multitudine
945 1189 1145 1238 amazati,
1190 1194 1231 1226 et
1269 1186 1404 1227 molto
1446 1190 1609 1232 adietro

145 1238 287 1281 lusati
314 1241 343 1281 li
371 1241 591 1295 paviglioni
623 1241 873 1282 Turcheschi
895 1271 908 1291 ,
956 1255 1281 1291 comenzarono‚
1311 1256 1432 1283 senza
1464 1243 1612 1286 alcuna

144 1309 290 1350 pavra·
313 1296 394 1337 deli
422 1297 564 1350 ‚fugati
597 1296 779 1348 inimici,
809 1311 929 1337 senza
975 1298 1123 1337 ordine
1159 1311 1184 1336 a
1222 1304 1392 1338 tornare
1431 1299 1613 1340 indietro

142 1349 199 1390 ali
225 1352 286 1391 soi
312 1350 554 1405 paviglioni.
585 1351 639 1392 El
669 1351 773 1392 duca
800 1352 995 1392 Paiasites
1022 1353 1152 1392 sendo
1186 1351 1318 1406 fugito
1348 1367 1425 1406 per
1452 1355 1612 1407 grande

141 1407 277 1459 spatio
308 1407 360 1446 de
390 1420 510 1460 paese
527 1436 539 1455 ‚
571 1420 614 1446 se
640 1420 778 1447 ascose
810 1407 850 1446 in
880 1406 1018 1447 alcuni
1046 1406 1192 1448 boschi
1219 1422 1301 1446 con
1329 1407 1368 1447 la
1397 1423 1470 1448 sua
1497 1411 1610 1450 Iani-

141 1462 265 1501 naria.
336 1461 483 1513 Questi
530 1476 636 1502 sono
687 1463 783 1502 stati
827 1464 926 1502 tutti
959 1463 1203 1513 Christiani,
1234 1462 1288 1502 da
1318 1468 1460 1503 tenera
1491 1466 1610 1506 etade

142 1515 238 1557 tolli
266 1516 319 1556 da
344 1518 408 1556 soi
448 1518 611 1570 parenti
650 1524 690 1557 et
724 1517 819 1557 facti
847 1518 1031 1566 Turchi‚
1062 1519 1267 1571 compi-ati
1296 1532 1377 1558 con
1406 1528 1576 1561 arzento
1595 1552 1607 1570 ‚

124 1578 186 1611 'et
213 1570 396 1612 seeundo
429 1571 469 1612 le
498 1586 569 1611 sue
598 1571 762 1612 virtude
790 1574 862 1625 poi
899 1573 1172 1626 provisionati
1207 1580 1247 1612 et
1273 1572 1485 1614 honorati.
1540 1591 1612 1616 so-

145 1640 202 1667 no
230 1628 338 1667 circa
358 1628 401 1667 X
415 1626 541 1678 milia,
559 1627 655 1666 tutti
682 1634 799 1668 stano
819 1626 899 1666 alla
920 1635 1049 1678 corte,
1067 1635 1107 1667 et
1123 1628 1334 1681 guardano
1366 1629 1406 1668 la
1434 1644 1613 1682 persona

143 1681 212 1722 del
238 1696 314 1722 suo
340 1684 521 1735 signore,
552 1689 594 1722 et
623 1697 826 1735 magnano
857 1682 1001 1733 elnsuo
1030 1698 1148 1736 pane.
1182 1697 1283 1722 sono
1314 1683 1475 1724 homini
1502 1686 1612 1726 mol-

143 1743 190 1777 to
219 1738 424 1778 exercitati
456 1745 496 1777 et
526 1737 707 1777 valorosi
737 1740 778 1777 in
807 1752 933 1778 arme.
988 1740 1035 1777 Iu
1065 1746 1208 1792 questa
1235 1742 1505 1792 compagnia,
1536 1743 1612 1795 piu

142 1792 221 1833 ebe
250 1793 291 1832 in
319 1799 432 1833 tutto
465 1792 504 1832 el
531 1800 638 1832 resto
668 1792 781 1832 dellu
811 1793 989 1833 exercito
1013 1794 1215 1843 Arabico,
1246 1796 1420 1835 consiste
1449 1795 1488 1835 la
1518 1811 1611 1850 spe-

143 1860 267 1887 ranza
294 1846 435 1901 d'ogni
463 1847 636 1900 impresa
665 1847 729 1887 del
749 1862 822 1887 suo
843 1850 1023 1901 signore.
1055 1849 1148 1888 Con
1179 1856 1320 1903 queste
1349 1857 1467 1889 zente
1488 1851 1611 1892 Paia-

143 1902 222 1943 site
251 1903 430 1942 ascendo
459 1902 551 1942 dale
579 1902 738 1942 occulte
769 1904 915 1943 insidie
942 1918 1019 1942 con
1049 1904 1204 1956 grande
1234 1904 1387 1956 impeto
1420 1913 1461 1944 et
1480 1906 1606 1957 forze,

143 1971 221 1997 con
254 1971 352 1998 voze
379 1965 420 1997 et
449 1957 594 2013 grandi
624 1957 826 2005 clamori,
855 1972 931 1997 con
960 1958 1154 1997 diversita
1179 1958 1228 1997 de
1259 1961 1352 1998 soni
1381 1959 1432 1998 de
1451 1962 1609 2000 instru-

141 2014 274 2053 menti
301 2013 437 2053 bellici
468 2012 619 2052 incenti
649 2011 728 2052 alle
756 2012 924 2052 orribile
953 2012 1145 2066 bataglie,
1178 2014 1369 2053 invasero
1390 2013 1419 2052 li
1447 2015 1609 2057 franchi

143 2067 336 2109 oevalieri
362 2069 556 2109 Franzosi
586 2074 629 2108 et
658 2067 687 2107 li
713 2067 897 2108 bellicosi
930 2068 1137 2121 Hungari‚
1169 2067 1197 2107 li
1227 2068 1339 2121 quali
1366 2072 1491 2122 sparsi
1517 2086 1608 2111 sen-

141 2137 187 2164 za
214 2123 363 2164 alcuno
394 2123 551 2164 ordene
575 2129 750 2163 tornava
775 2122 868 2163 dala
885 2123 1061 2163 victoria
1078 2130 1120 2163 et
1146 2126 1473 2177 persequutione
1503 2125 1604 2167 delli

140 2180 270 2234 fugati
315 2178 503 2229 inimici,
547 2193 629 2218 non
669 2179 878 2231 pensando
928 2178 1056 2231 poder
1101 2193 1207 2218 osser
1254 2179 1367 2218 offcsi
1405 2180 1457 2220 da
1491 2190 1605 2223 zente

144 2240 276 2283 rotta,
307 2235 527 2274 fraeassata
554 2241 596 2274 et
623 2241 777 2273 morta.
835 2233 1032 2274 Vedendo
1056 2233 1209 2273 Paiasit
1233 2232 1262 2273 li
1293 2235 1514 2275 Christiani
1543 2237 1604 2277 sa·-

139 2291 255 2343 tigati
283 2295 327 2329 et
346 2290 518 2330 stracc'hi
541 2304 614 2342 pei·
643 2289 683 2329 la
700 2289 824 2343 longa
853 2288 1027 2340 bataglia
1057 2295 1098 2329 et
1130 2289 1332 2329 occisione
1350 2290 1400 2330 de
1419 2291 1574 2332 Tul-chi
1589 2323 1603 2343 ‚

141 2351 261 2386 tanto
282 2347 354 2398 pih
381 2359 504 2399 sopra
535 2345 586 2385 de
613 2345 702 2385 loro
734 2359 776 2384 se
801 2345 958 2384 mostrb
979 2343 1163 2384 animoso
1180 2351 1218 2383 et
1249 2345 1454 2399 gagliardo
1487 2362 1604 2389 com-

140 2399 352 2452 batendo,
382 2401 581 2441 serendoli
612 2407 654 2441 et
688 2399 943 2440 amazandoli
974 2414 1051 2439 con
1083 2400 1352 2453 grandissima
1385 2401 1604 2443 crudelita-

141 2455 209 2500 de.
270 2456 334 2495 Da
378 2455 515 2496 l’altra
553 2463 668 2510 parte
710 2455 897 2495 vedendo
938 2454 975 2494 la
1018 2455 1279 2495 multitudine
1307 2456 1358 2495 de
1386 2456 1605 2498 Christiani

141 2510 218 2551 che
244 2511 275 2552 li
315 2511 502 2560 Hungari
545 2520 586 2552 et
611 2513 625 2550 i
653 2512 847 2550 Francesi
887 2511 1092 2551 vcnivano
1123 2512 1313 2562 amazati,
1344 2518 1385 2551 et
1409 2519 1526 2565 parte
1553 2515 1605 2554 de

142 2565 240 2607 loro
277 2567 386 2607 fei-iti
404 2561 434 2615 ‚⁹
463 2575 503 2607 et
543 2573 662 2622 parte
690 2566 784 2606 dala
814 2566 921 2606 furia
949 2573 989 2606 et
1018 2574 1212 2620 tempesta
1250 2567 1292 2606 di
1319 2567 1466 2607 cavalli
1496 2569 1606 2608 Tur-

141 2619 307 2662 cheschi
343 2622 568 2676 calpistati‚
609 2636 906 2662 comenzarono
948 2636 973 2661 a
1013 2621 1148 2661 voltar
1185 2620 1224 2661 18
1270 2622 1399 2676 spalle
1429 2630 1471 2663 et
1498 2624 1605 2664 fuzir

143 2689 261 2716 verso
291 2677 329 2718 el
360 2678 571 2717 Danubio.
629 2679 684 2718 Et
725 2678 776 2717 de
806 2676 933 2730 quelli
963 2676 1039 2716 che
1063 2678 1218 2717 volsero
1248 2679 1410 2718 resister
1438 2680 1605 2719 comba-

144 2732 294 2784 ίεῑιάο,
324 2740 440 2787 parte
459 2733 611 2774 forono
643 2734 753 2786 presi
790 2734 896 2781 vivi,
933 2741 973 2772 et
1002 2739 1117 2786 parto
1146 2734 1268 2774 morti
1301 2748 1375 2788 per
1402 2748 1524 2776 amor
1553 2735 1604 2775 de
