1916 3210
290 131 402 199 536
863 118 1148 193 numium!

287 253 590 293 Cantacuzenus
618 253 688 292 lib.
729 267 759 296 ι.
790 252 884 297 hist.
913 267 1005 306 cap.
1037 266 1049 292 ι
1084 254 1241 306 generis
1268 253 1409 294 mortis
1437 253 1590 303 nullam
1615 269 1739 302 meur<

286 309 438 350 tionem
477 308 608 357 facin
634 321 715 362 quo
758 307 923 351 Manucl
961 307 1158 351 extinctus
1201 315 1276 350 est.
1321 308 1731 364 diligenterqueanir

285 361 620 405 madvertcndum
653 362 803 402 dissidii
831 376 994 403 causam
1022 363 1125 401 inter
1146 361 1410 405 Andronicos
1437 372 1749 417 avum-erne*¹

284 424 429 470 potem
454 418 559 467 orti,
601 432 684 470 quo
716 418 866 455 mutuis
901 416 1004 456 odiis
1032 424 1263 468 certarunt,
1309 418 1348 457 in
1376 432 1501 459 avum
1526 419 1727 472 scante-

224 512 226 514 ,
285 485 435 514 cuzeno
476 472 710 521 transserri3
751 477 790 510 et
828 476 1054 524 Grogoram
1091 472 1146 511 ab
1170 472 1272 523 isto,
1318 480 1457 526 utpote
1485 475 1728 528 scriptorem

283 527 522 567 mendacem
542 556 552 570 ,
594 529 743 579 asperis
779 525 999 580 aliquando
1043 526 1178 566 verbis
1207 529 1446 580 castigatum
1476 543 1586 579 csse,
1615 530 1730 586 ,quod

284 580 371 633 ipse
405 581 564 634 scripsit
595 581 897 620 Cantacuzenus
935 581 1005 623 lib.
1031 581 1058 634 4
1091 596 1208 636 capp.
1241 583 1295 632 24
1321 589 1361 622 et
1391 584 1459 624 25.
1497 584 1562 623 cui
1595 590 1729 628 tamen

282 637 416 688 potior
444 637 542 676 fides
566 634 645 674 hac
673 637 715 674 in
743 649 788 675 re
815 635 1045 690 adhibenda
1073 637 1152 688 sit,
1182 637 1332 678 nescio.
1362 651 1458 678 nam
1484 637 1730 681 cantoenne-

285 704 363 731 nus
405 705 499 730 cum
542 689 701 729 iuniore
729 690 969 731 Andronico
999 706 1021 731 a
1066 706 1197 745 puero
1242 692 1435 733 educatus
1461 691 1727 745 adoleverat,

283 746 391 786 inter
428 746 550 785 huius
577 745 790 787 fidissimos
832 760 880 788 ae
911 749 1082 787 maxime
1111 746 1325 788 familiares
1352 761 1510 800 semper
1539 755 1729 790 numera-

152 803 267 837 P.212
282 807 373 849 tus,
406 800 460 840 ita
494 807 538 845 nt
563 800 616 839 ab
644 813 691 839 eo
722 800 772 842 ad
804 800 1041 855 dignitatem
1071 817 1201 856 usque
1229 803 1548 855 imperatoriam,
1580 805 1729 844 tuton-is

281 869 450 894 munere
484 855 767 896 cohonestatus
785 885 797 905 ‚
836 864 1050 910 provectus
1079 857 1200 896 fuerit
1219 887 1233 907 ‚
1259 864 1503 911 quapropter
1535 871 1619 903 non
1645 857 1730 905 levi

280 911 508 962 suspicione
529 911 855 963 perstringendus
876 913 999 961 venit,
1035 913 1133 951 actis
1161 919 1199 951 et
1217 919 1418 966 gestorum
1445 911 1499 951 ab
1516 911 1728 959 Androni..

281 979 333 1004 co
349 967 506 1010 iuniore
547 966 770 1007 memoriae
812 967 940 1006 nimio
985 967 1120 1007 studio
1173 966 1380 1020 indulgens
1418 974 1457 1006 et
1488 967 1729 1021 consulens,

281 1019 380 1066 dum
412 1020 650 1062 Andronico
677 1020 830 1060 seniori
860 1036 1036 1076 aequum
1065 1022 1199 1062 minus
1231 1022 1335 1061 forte
1359 1036 1402 1060 se
1430 1021 1613 1075 praebet*

397 1075 603 1115 Phranzes
623 1076 963 1116 Protovestiarius
992 1076 1063 1116 lib.
1107 1091 1120 1116 1
1156 1092 1244 1131 cap.
1281 1091 1327 1116 10
1360 1076 1436 1116 sub
1465 1076 1590 1116 finem·
1613 1076 1737 1118 tradit

281 1128 561 1170 Andronicum
598 1130 803 1170 seniorem
848 1146 942 1171 cum
974 1131 1173 1171 Michaele
1201 1145 1386 1185 regnasse
1415 1146 1546 1178 anuos
1577 1129 1659 1183 45,
1689 1139 1732 1174 et

281 1184 571 1226 Andronicum
613 1186 812 1226 iuniorem
852 1188 1034 1240 coepisse
1077 1201 1184 1226 anno
1224 1187 1365 1226 mundi
1391 1185 1527 1237 6836,
1555 1187 1626 1239 qui
1657 1186 1734 1227 fuit

282 1239 432 1279 Christi
468 1240 586 1280 1328.
665 1245 867 1294 Gregoras
898 1241 969 1281 lib.
999 1241 1040 1280 8.
1074 1249 1187 1283 notat
1216 1241 1498 1282 Andronicum
1529 1239 1736 1286 iuniorem

281 1301 527 1342 coronatum
571 1296 691 1339 fuisse
717 1296 932 1336 Februarii
963 1293 1098 1351 ἧμὲρᾳ
1133 1296 1308 1351 δευτέρᾳ
1337 1297 1413 1349 τῆς
1441 1291 1586 1348 ὀγδόης
1621 1295 1733 1337 tvda-

282 1349 455 1398 κτίοικος.ί
481 1350 579 1397 haec
608 1351 779 1396 indictio
808 1352 908 1391 VIII
949 1354 1141 1404 congruit
1170 1367 1263 1391 cum
1295 1351 1443 1391 Christi
1472 1365 1580 1393 anno
1614 1351 1732 1392 1325.

283 1404 336 1445 ita
368 1411 414 1443 ut
445 1405 510 1445 hic
537 1411 682 1445 auctor
726 1413 889 1458 noster,
916 1421 1043 1446 annos
1072 1408 1199 1460 impp.
1232 1405 1460 1446 Andronici
1486 1407 1650 1459 eiusque
1672 1406 1731 1446 F.

281 1459 491 1499 Michaelis
530 1461 629 1499 dum
670 1467 854 1500 numerat
880 1459 933 1512 45
952 1490 966 1512 ,
1011 1463 1230 1500 terminum
1260 1461 1382 1500 istum
1409 1461 1734 1509 incoronationis

282 1514 458 1553 iunioris
489 1516 718 1555 Andronici
746 1516 953 1569 respiciat,
985 1530 1089 1568 quae
1116 1530 1223 1555 anno
1259 1515 1360 1554 1325
1378 1543 1391 1565 ‚
1420 1514 1637 1555 Februarii
1665 1515 1731 1555 die

282 1582 333 1619 2,
365 1568 511 1610 indict.
542 1571 640 1614 vm
670 1578 836 1623 peracta
866 1578 939 1610 est.
970 1570 1115 1623 quibus
1145 1570 1266 1610 etiam
1294 1571 1494 1611 consentit
1525 1570 1730 1612 Cantacu,

282 1637 402 1662 zcnus
428 1623 500 1664 lib.
536 1638 549 1667 ι
598 1626 688 1678 cap.
720 1625 785 1677 41.
810 1632 902 1678 post
931 1639 1055 1678 quam
1084 1626 1430 1665 incoronationem
1459 1626 1622 1678 nepotis
1645 1625 1731 1664 An·-

282 1678 474 1717 dronicus
510 1693 610 1719 avus
642 1693 771 1721 annos
813 1681 836 1720 Ξ
867 1682 908 1719 in
953 1679 1123 1733 imperio
1151 1680 1283 1723 adhuc
1313 1679 1438 1730 vixit,
1468 1681 1523 1719 ita
1551 1685 1597 1720 ut
1624 1686 1732 1720 totos

282 1747 409 1772 annos
436 1733 491 1785 46
519 1749 609 1773 cum
639 1735 722 1773 filio
761 1741 802 1773 et
827 1741 975 1787 nepote
1009 1736 1263 1788 regnaverit,
1299 1747 1401 1787 quos
1428 1733 1482 1785 45
1510 1734 1731 1776 solummo-

282 1787 335 1830 do
366 1796 550 1833 numerat
582 1789 924 1833 protovestiarius
943 1818 953 1836 ‚
998 1804 1105 1828 auno
1134 1788 1333 1843 siquidem
1374 1787 1477 1827 1528
1509 1803 1634 1842 nepos
1661 1803 1731 1831 so-

281 1842 345 1883 lus
388 1845 562 1897 imperio
600 1845 751 1896 potitus
793 1851 869 1884 est.
941 1843 1091 1884 Christi
1137 1843 1284 1884 deinde
1320 1857 1429 1883 anno
1465 1844 1566 1883 1330
1599 1845 1732 1883 senior

281 1898 537 1944 Andronicus
569 1899 619 1939 ad
650 1900 774 1942 vitam
801 1899 1064 1940 monasticam
1102 1914 1127 1938 a
1157 1906 1305 1952 nepote
1348 1899 1500 1937 invitus
1546 1898 1728 1952 cogitur,

282 1960 325 1991 ut
360 1954 416 1992 ait
445 1957 667 2006 Gregoras3
712 1955 836 2008 inque
862 1955 1105 1994 monasterio
1151 1961 1306 1994 mutato
1333 1953 1498 1992 nomine
1528 1952 1731 1993 Antonius

279 2008 505 2060 appellatus
546 2009 757 2049 biennium
801 2010 925 2059 vixit,
965 2023 1203 2061 summaque
1242 2022 1376 2047 rerum
1418 2010 1733 2048 necessariarum

279 2064 411 2115 iuopia
442 2078 603 2116 pressus
631 2078 737 2103 auno
764 2064 925 2103 demum
961 2064 1063 2104 1332
1107 2064 1221 2103 obiit.
1280 2063 1578 2102 Cantacuzenus
1606 2062 1681 2102 lib.
1706 2076 1734 2105 2.

278 2132 368 2170 cap.
406 2115 459 2157 16‘
482 2119 761 2158 Andronicum
788 2120 986 2158 seniorem
1016 2119 1065 2158 ad
1095 2119 1279 2158 vitandas
1307 2117 1498 2167 insidias,
1526 2132 1626 2170 quas
1653 2117 1730 2157 sibi

278 2172 438 2225 aliquos
482 2181 635 2212 struere
672 2175 929 2227 tyrannidem
971 2174 1202 2213 affectantes
1224 2173 1542 2226 suspicabatur,
1588 2179 1730 2224 sponte

278 2230 544 2266 monasticam
570 2236 720 2267 vestem
743 2228 919 2267 induisse
949 2230 1113 2267 asserit:
1147 2230 1354 2267 aerumnis
1385 2242 1431 2268 ac
1459 2227 1627 2274 miseriis
1643 2226 1725 2266 eol—

278 2281 495 2321 luctantcm
534 2284 680 2322 obiisse
708 2283 866 2321 silentio
903 2285 1169 2331 transmittit,
1200 2298 1252 2322 ne
1284 2282 1359 2321 sibi
1390 2281 1562 2320 dedecus
1590 2295 1729 2321 accer-

277 2346 336 2379 sat
367 2344 406 2374 et
433 2337 674 2381 Andronico
702 2339 848 2382 iuniori
875 2339 1066 2382 invidiam
1095 2346 1134 2377 et
1160 2339 1297 2381 odium
1318 2336 1516 2384 conciliet,
1547 2336 1730 2389 quando-

279 2391 443 2444 quidem
472 2395 736 2445 praecipuum
764 2395 869 2434 inter
901 2394 1154 2435 consiliarios
1183 2393 1303 2432 huius
1335 2390 1579 2439 Andronici,
1615 2392 1727 2444 apud

276 2460 395 2497 quem
437 2461 531 2498 prae
580 2449 724 2488 ceteris
772 2449 900 2500 gratia
944 2449 1206 2501 potentiaque
1245 2447 1400 2495 valuit,
1432 2445 1613 2487 habitum
1644 2460 1730 2486 esse

277 2508 419 2538 notum
448 2503 512 2540 sit.
540 2502 604 2540 hic
635 2502 895 2541 Andronicus
927 2503 975 2541 ad
1000 2504 1124 2541 vitam
1153 2504 1355 2555 privatam
1381 2508 1520 2540 coacto
1550 2514 1626 2539 avo
1657 2515 1728 2540 soa

276 2553 340 2593 lus
370 2557 551 2607 regnavit
581 2558 631 2602 ab
659 2572 767 2602 anno
801 2557 903 2597 1328
943 2557 995 2599 ad
1023 2572 1176 2596 annum
1211 2556 1306 2608 1341
1328 2585 1340 2605 ,
1371 2556 1476 2595 Iunii
1508 2555 1616 2593 diem
1650 2554 1724 2604 15,

275 2609 388 2648 orbis
418 2611 568 2649 conditi
597 2611 729 2664 (3849,
769 2613 824 2651 ita
863 2619 908 2651 ut
935 2626 1064 2656 annos
1112 2613 1156 2652 13
1195 2611 1471 2665 imperaverit.
1504 2609 1728 2648 notandum

275 2666 395 2703 etiam
428 2664 707 2704 Andronicum
749 2668 949 2706 seniorem
993 2682 1100 2707 anno
1126 2667 1264 2713 aetatis
1307 2680 1402 2706 suae
1432 2663 1484 2718 74
1516 2665 1597 2710 fato
1624 2678 1726 2708 cou-

275 2719 457 2772 cessi'sse3
490 2735 535 2760 ex
564 2734 647 2775 quo
671 2735 766 2761 vero
790 2723 1005 2777 imperium
1035 2722 1243 2763 adsecutus
1274 2721 1415 2770 fuerat,
1448 2733 1554 2763 anno
1582 2718 1652 2772 50„
1683 2726 1727 2758 ut
