1916 3210
320 143 435 200 386
782 157 975 202 ,11118113
1020 156 1276 200 1115103111

317 261 372 302 (10
399 260 437 302 81
463 260 546 301 sole
573 260 615 300 in
644 257 772 308 leone,
796 256 834 297 el
862 255 981 310 quale
1004 270 1109 297 nove
1135 256 1235 298 hore
1262 257 1394 298 havea
1422 256 1630 300 demorato
1652 264 1761 301 nouo

317 315 358 357 la
384 324 490 356 terra
506 345 518 366 ‚
548 328 649 356 vene
679 313 812 353 l’altra
836 313 1073 365 compagnia
1101 312 1153 352 de
1178 313 1331 353 homini
1359 315 1507 354 armati
1538 314 1592 353 ad
1615 313 1760 356 rende·-

317 385 366 412 re
392 370 432 410 la
462 371 571 411 volta
601 385 624 409 a
652 366 774 422 quelli
814 367 888 406 che
916 366 1176 420 guardavano
1207 365 1247 408 la
1277 381 1448 422 persona
1475 368 1527 409 de
1550 367 1762 420 Pa‘iasitht,

317 432 360 466 et
391 425 634 478 inquirendo
663 423 755 477 ogni
784 419 872 460 1080
891 421 1068 461 veddero
1092 436 1165 475 per
1191 436 1276 462 uno
1307 423 1460 463 forame
1484 422 1524 465 le
1555 437 1655 466 cave
1681 422 1761 465 fat-

317 488 359 520 te
387 489 491 520 sotto
538 488 671 529 terra3
709 477 747 516 le
773 475 891 529 quale
919 477 1022 515 viste
1047 477 1328 517 cominzarono
1355 478 1405 518 ad
1432 477 1685 530 exclamare,
1714 484 1760 519 et

317 535 604 574 incontinente
646 546 717 586 per
758 530 890 570 tutto’l
921 545 1063 585 campo
1090 531 1133 571 fo
1159 532 1376 575 exercitato
1403 533 1555 586 grande
1583 531 1761 575 tumulto

319 596 363 629 et
390 604 562 630 rumore.
618 588 672 628 Et
701 586 947 625 circumdato
977 585 1014 625 el
1041 586 1270 640 paviglione
1299 587 1350 628 de
1375 588 1578 637 Paiasith,
1603 588 1646 628 fo
1671 593 1760 628 tro-

317 652 412 684 vato
439 644 496 683 lui
525 652 633 683 stare
661 641 846 694 expedito
873 655 952 679 con
971 640 1027 680 Co
1054 642 1203 681 iaferur
1229 643 1411 696 principe
1440 642 1535 683 delli
1553 641 1758 690 Eunuchi,

319 706 360 738 et
389 705 597 752 expectare
622 697 660 736 la
687 695 940 749 expeditione
969 696 1073 735 dela
1102 698 1322 740 cavatione.
1378 699 1426 736 Li
1454 699 1628 751 operarii
1653 697 1761 737 delle

318 768 416 793 cave
444 768 519 792 con
549 750 804 791 Mecbemeth
829 757 869 790 et
892 750 923 789 li
949 752 1009 790 soi
1036 753 1271 805 compagni,
1300 751 1424 792 aldito
1455 753 1490 793 el
1518 750 1670 806 grande
1693 759 1762 792 tu-

318 808 450 847 multo
484 822 602 860 sopra
631 806 736 846 della
764 812 886 855 terra,
917 806 1102 845 fuzirono
1130 807 1320 857 indietro.
1375 809 1539 847 Menato
1569 808 1760 861 adunque

315 862 497 903 Paiasith
525 861 565 901 al
595 868 808 914 conspecto
836 860 886 900 de
918 860 1215 914 l'imperadore‚
1246 876 1321 901 con
1351 876 1457 905 acre,
1475 862 1611 916 parole
1637 861 1679 902 so
1698 862 1760 901 ri-

315 931 457 970 preso3
500 924 539 956 et
578 932 602 956 a
630 916 866 970 Cogiaferur
908 915 1255 970 incontinentein
1284 931 1356 956 sua
1398 917 1601 970 presentia
1627 916 1668 956 fo
1697 923 1761 956 ta·-

314 972 435 1025 gliata
470 973 507 1010 la
545 978 659 1012 testa.
723 972 787 1009 Da
826 969 959 1023 quella
1003 971 1107 1010 hora
1146 972 1187 1010 in
1231 972 1297 1025 poi
1325 971 1504 1011 Paiasith
1534 985 1608 1011 8011
1636 970 1762 1011 molta

314 1034 513 1066 streclura
534 1027 575 1065 so
603 1025 809 1080 guardato.
836 1026 893 1064 La
911 1031 1031 1064 nocte
1057 1026 1095 1065 le
1127 1041 1249 1066 mane
1278 1040 1301 1066 e
1328 1025 1358 1065 11
1378 1027 1442 1079 pie
1470 1028 1512 1066 in
1540 1033 1680 1066 catene
1707 1025 1762 1066 de

316 1082 423 1120 ferro
455 1082 494 1120 fo
519 1088 688 1132 tenut03
730 1080 781 1120 de
822 1094 945 1119 zorno
975 1080 1026 1119 da
1054 1080 1210 1135 grande
1238 1095 1408 1121 numero
1433 1081 1485 1120 de
1510 1080 1666 1121 custodi
1693 1093 1763 1120 ar-

313 1138 413 1175 mati
455 1136 721 1175 circumdato.
785 1134 1034 1174 Partendose
1074 1136 1264 1189 adunque
1300 1135 1560 1189 l’imperador
1586 1135 1653 1175 dal
1682 1134 1764 1175 Co-

315 1191 441 1242 ciai'q,
492 1189 646 1244 spoglib
685 1190 724 1229 la
762 1190 840 1228 cita
872 1189 923 1228 de
951 1189 1086 1229 tutto’l
1110 1205 1183 1230 suo
1217 1191 1395 1244 pretioso
1423 1191 1598 1239 havere,
1631 1197 1766 1231 extor-

315 1245 480 1299 quendo
524 1245 555 1284 11
594 1246 810 1298 possessori
841 1258 918 1283 con
955 1244 1068 1298 molti
1107 1252 1147 1284 et
1178 1246 1287 1285 varie
1314 1247 1571 1299 generatione
1597 1245 1648 1285 de
1674 1252 1761 1285 tor-

260 1317 304 1350 72
318 1302 467 1348 menti,
497 1299 632 1339 alcuni
660 1298 820 1338 homini
847 1299 1161 1351 suspendendo,
1189 1307 1228 1339 et
1255 1300 1388 1339 alcuni
1419 1299 1677 1340 sotterrando
1702 1299 1764 1339 vi·

316 1357 371 1395 vi.
427 1355 490 1393 Da
519 1354 678 1393 Cociai'o
722 1367 854 1392 venne
881 1355 923 1392 in
953 1354 1122 1406 Bursia,
1153 1354 1257 1394 dove
1285 1355 1402 1394 trovb
1427 1354 1455 1393 li
1482 1355 1649 1408 pretiosi
1677 1356 1763 1394 vasi

318 1409 430 1448 d’oro
461 1416 501 1447 et
533 1409 771 1459 d’arzento‚
811 1407 849 1447 le
881 1410 1096 1461 margarite
1122 1416 1163 1448 et
1190 1411 1360 1462 pretiose
1399 1411 1534 1462 piere,
1569 1409 1606 1448 le
1643 1407 1764 1462 quale

315 1478 429 1503 come
456 1463 664 1502 frumento
694 1476 906 1501 mesurava
936 1477 1011 1501 con
1043 1463 1054 1502 i
1082 1464 1201 1506 mozi.
1230 1464 1348 1503 truvo
1375 1463 1404 1503 li
1437 1465 1564 1504 anche
1589 1464 1628 1504 le
1654 1463 1763 1504 belle

314 1519 466 1558 femine
508 1526 548 1557 et
594 1518 632 1557 le
673 1518 899 1557 concubine
946 1517 997 1557 de
1025 1518 1230 1573 Paiasith3
1269 1527 1332 1558 tra
1361 1517 1399 1558 le
1428 1520 1548 1572 quale
1574 1532 1697 1558 erano
1725 1517 1765 1557 le

315 1573 462 1626 figiiole
508 1573 559 1612 de
587 1574 753 1615 Lazaro.
794 1579 835 1612 ct
886 1573 1030 1612 ricolto
1070 1572 1205 1611 tutto’l
1235 1574 1400 1613 thesoro
1435 1575 1486 1613 de
1515 1575 1684 1624 Bursia,
1712 1573 1764 1612 de

315 1628 465 1677 Nicea,
495 1628 546 1666 de
574 1626 810 1666 Nicomedia
841 1634 881 1666 et
920 1627 1020 1665 altre
1050 1628 1336 1668 circumvicine
1369 1629 1526 1681 citade,
1556 1642 1688 1668 venne
1719 1629 1763 1667 in

317 1682 356 1722 la
383 1683 560 1736 Phrygia
591 1682 791 1724 inferiore.
847 1683 901 1721 Et
928 1689 1084 1720 vastate
1112 1688 1216 1722 tutte
1242 1683 1281 1722 18
1307 1683 1438 1723 8113ἀ8
1459 1691 1498 1723 et
1523 1683 1685 1723 castelle
1711 1682 1764 1722 de

317 1737 522 1790 Phrygia,
550 1750 680 1775 venne
708 1736 747 1774 in
778 1736 897 1786 Asia,
944 1743 983 1774 et
1013 1736 1214 1776 destructo
1244 1738 1504 1778 Adramintio
1532 1744 1573 1777 et
1600 1738 1731 1777 Asson
1748 1765 1763 1790 ‚

317 1806 449 1831 venne
477 1791 531 1830 ad
559 1791 768 1844 Pergamo,
825 1793 917 1830 Ove
943 1791 1190 1831 demorando
1218 1791 1348 1831 alcuni
1390 1793 1526 1839 zomi,
1573 1806 1765 1832 accumu-

319 1846 360 1884 Ῑὸ
386 1852 493 1884 tutto
533 1845 578 1885 lu
622 1845 771 1885 havere
812 1845 917 1884 delle
952 1847 1238 1886 circumstante
1268 1848 1413 1891 citade.
1444 1849 1471 1887 11
1497 1847 1630 1886 teneri
1656 1849 1764 1901 putti

321 1907 361 1939 et
390 1909 502 1953 putte
530 1901 791 1954 prendevano
820 1901 862 1939 in
892 1902 1057 1944 servitii.
1124 1903 1171 1940 Li
1200 1904 1304 1954 patri
1333 1911 1372 1942 et
1398 1904 1424 1942 11
1455 1902 1610 1956 parenti
1636 1898 1764 1942 Greci

322 1969 344 1994 e
369 1956 523 1994 Turchi
557 1956 669 2008 ligati
713 1969 788 1994 con
828 1956 940 1994 ferro
970 1963 1009 1995 et
1042 1970 1119 1994 con
1147 1957 1236 1996 foco
1264 1964 1599 2008 tormentavano,
1630 1957 1765 1996 finche

321 2011 641 2050 manifestavano
669 2011 698 2049 11
726 2012 852 2049 ascosi
898 2011 1059 2053 thesori.
1089 2011 1116 2050 li
1147 2011 1258 2065 quali
1286 2015 1352 2065 poi
1384 2015 1479 2052 tutti
1504 2011 1764 2062 accumulati,

323 2078 456 2104 venne
487 2068 526 2104 in
561 2065 791 2118 Magnesia,
825 2064 864 2104 la
889 2064 1009 2118 quale
1037 2080 1106 2104 era
1137 2066 1176 2105 in
1207 2067 1367 2119 Sypolo.
1423 2068 1478 2107 Et
1505 2067 1658 2106 accolto
1681 2073 1766 2106 tut-

322 2126 365 2158 to
389 2120 428 2159 lo
455 2120 605 2159 havere
636 2120 711 2159 che
739 2135 781 2159 se
809 2121 925 2159 trovo
958 2121 998 2159 in
1031 2121 1192 2171 sardia,
1225 2121 1507 2175 Philadelphia
1536 2129 1575 2161 et
1601 2121 1761 2172 Atalia‚

323 2187 455 2213 venne
482 2174 558 2213 alle
576 2175 754 2214 smirne.
808 2175 870 2214 Da
902 2182 1045 2229 questo
1073 2177 1160 2215 1080
1186 2176 1291 2214 ando
1320 2178 1398 2215 aiio
1424 2177 1576 2216 assedio
1604 2176 1669 2214 del
1697 2190 1765 2215 ca·-

272 2239 313 2281 73
327 2229 399 2267 stel
429 2229 480 2267 dc
509 2231 588 2268 San
617 2231 783 2279 Pietro‚
815 2228 852 2268 81
884 2229 1032 2283 quale,
1062 2244 1175 2270 come
1201 2233 1336 2270 avanti
1361 2232 1528 2271 havemo
1557 2230 1692 2277 dicto,
1722 2231 1763 2268 in

326 2283 409 2321 vita
454 2283 504 2322 de
531 2285 691 2324 Homur
719 2285 759 2323 fo
793 2285 975 2324 edificato
1006 2286 1057 2324 da
1086 2285 1115 2324 li
1141 2285 1261 2324 fereri
1289 2286 1339 2325 de
1366 2286 1510 2328 Rhodi.
1565 2287 1600 2324 A
1622 2293 1765 2338 questo

326 2336 487 2376 castello
522 2338 628 2378 nella
666 2340 796 2392 prima
835 2348 951 2378 centa
991 2340 1096 2379 della
1136 2340 1282 2379 forteza
1322 2355 1447 2380 erano
1471 2341 1624 2380 recorsi
1651 2339 1764 2378 molti

325 2392 545 2431 Christiani
577 2394 626 2432 da
654 2394 840 2447 Epheso,
873 2395 964 2433 dala
989 2396 1096 2448 Tyra
1143 2401 1183 2434 et
1212 2396 1313 2434 altre
1343 2403 1456 2435 terre
1482 2396 1640 2444 vicine,
1669 2408 1762 2447 per-

323 2447 397 2485 che
430 2447 558 2486 molto
587 2463 629 2487 se
659 2449 919 2488 confidavano
948 2449 987 2488 in
1019 2450 1058 2488 la
1086 2449 1233 2489 sorteza
1261 2451 1326 2490 del
1349 2449 1512 2490 castello
1534 2457 1573 2488 et
1597 2449 1635 2488 la
1666 2463 1762 2501 pro-

323 2500 408 2539 bita
437 2502 476 2539 di
510 2503 668 2552 (brieri,
712 2511 752 2543 et
778 2504 906 2543 anche
951 2505 1103 2557 perche
1122 2505 1299 2545 Paiasith
1332 2519 1413 2544 uno
1442 2519 1549 2544 anno
1578 2505 1614 2543 el
1642 2510 1763 2542 tenne

323 2555 544 2601 assediam,
570 2564 611 2595 et
639 2559 708 2597 nol
741 2567 894 2611 possete
925 2559 1123 2612 aquistare
1153 2562 1202 2599 ne
1227 2574 1301 2613 per
1329 2567 1440 2611 arte,
1471 2560 1520 2598 ne
1548 2573 1617 2612 per
1646 2558 1759 2597 forzo

325 2610 375 2649 de
403 2610 575 2662 bataglie
593 2640 605 2661 ,
637 2612 686 2650 ne
718 2627 790 2664 per
833 2613 935 2652 fame
953 2643 964 2660 ‚
997 2615 1047 2653 118
1070 2614 1190 2668 longo
1218 2615 1385 2654 assedio.
1447 2613 1660 2653 Habiando
1689 2612 1765 2652 ad-

325 2679 463 2716 unque
492 2666 634 2704 Demir
662 2667 731 2718 11111
764 2668 871 2707 volte
899 2668 1095 2708 rechiesto
1123 2670 1151 2707 li
1180 2670 1294 2708 fereri
1325 2670 1398 2709 che
1428 2669 1456 2708 11
1486 2668 1596 2707 desse
1627 2668 1663 2706 81
1691 2682 1760 2706 83-

328 2720 469 2772 stelio,
495 2727 535 2759 et
562 2720 648 2759 loro
679 2735 759 2760 non
793 2723 1036 2776 vogliandoli
1066 2725 1331 2773 conscutwlo,
1363 2723 1540 2764 deliberb
1569 2737 1698 2768 serrar
1722 2722 1762 2761 la
