1890 3204
324 148 439 217 588
478 231 481 234 ἢ
903 173 1189 220 emnium

320 277 402 334 (jue
431 276 626 320 natalium
654 279 801 320 statum
835 279 1065 319 testimonio
1093 282 1165 319 s'uo
1195 279 1425 320 vindicabat
1437 283 1457 332 ,'
1475 274 1766 334 Baiazitis‘flli-

319 334 388 374 um
420 349 562 375 verum
590 350 675 376 esse
706 335 937 375 asserendo.
984 348 1077 374 cum
1104 349 1148 374 se
1172 335 1410 389 Mustaphue
1441 336 1640 388 adiunxit,
1672 331 1767 377 enm

319 391 447 443 magis
473 397 688 430 strenuum
718 391 884 429 forsitan
916 389 1173 440 crediderat3
1202 405 1373 444 cumque
1401 404 1470 444 spe
1497 404 1547 430 ac
1575 384 1767 448 opinione

319 459 362 499 se
388 445 602 499 deceptum
628 446 768 490 sensit,
802 444 922 483 rebus
941 444 1023 484 suis
1049 443 1257 486 consulere
1282 459 1374 486 eum
1391 444 1615 486 deserendo
1640 440 1767 500 'duam

319 495 416 539 cum
441 514 490 540 eo
523 502 654 553 perire
682 498 838 539 maluit.
867 498 1015 539 multos
1041 499 1214 539 Ciueites
1243 507 1458 541 sectatores
1486 498 1636 552 habet,
1658 514 1767 558 >pau-

319 555 449 594 ciores
477 554 643 605 Cicer-03
671 554 741 608 qui
772 568 863 593 cum
894 553 1077 607 Pompeii
1117 555 1434 608 imprudentiam
1465 554 1766 609 negligentiam·

318 623 400 662 que
441 609 698 662 pervideret,
747 609 959 648 Caesarem
1001 623 1101 648 vero
1142 623 1279 649 acrem
1323 611 1449 663 magis
1478 624 1524 649 ac
1552 613 1765 650 strenuum

316 670 609 717 cognosceret,
643 662 782 703 volens
809 665 935 703 sciens
965 664 1151 718 partibus
1186 665 1437 718 Pompeianis
1465 664 1765 718 periturisssad-

317 718 524 758 haerendo
551 717 736 771 pericula
755 718 875 759 victis
896 718 1169 773 impendentia
1197 721 1332 774 potius
1352 720 1466 760 obire
1490 733 1613 774 quam
1639 718 1762 760 fidem

315 786 578 826 corrumpere
602 773 739 827 elegit.

427 828 482 867 P.
520 827 610 881 167,
649 828 711 871 18.
766 828 812 868 ἐν
839 830 931 876 ταῖς
957 822 1128 882 ὅρκοις]
1183 829 1271 869 Pro
1299 829 1344 869 ἒν
1369 827 1463 877 ταῖς
1486 821 1660 881 ἄρκυσι.
1686 826 1764 868 sio-

315 895 397 935 que
424 882 555 922 voluit
586 883 793 924 scribere:
845 883 916 923 sed
964 884 1133 923 vitiosae
1170 884 1514 938 pronunciationis
1548 890 1768 948 perpetuus

318 938 559 976 lotacismus
587 939 630 976 in
658 938 874 978 scribendo
901 937 1024 977 etiam
1055 939 1128 977 ista
1158 952 1198 977 οι
1225 953 1251 991 η
1278 952 1315 977 ει
1341 953 1368 978 v
1398 952 1414 976 ι
1441 938 1674 990 confundit,
1702 937 1767 978 ni-

315 992 349 1031 si
379 992 542 1044 linguae
571 994 754 1033 Graecae
780 993 1043 1046 peritissimus
1072 995 1125 1033 sit
1155 993 1346 1047 scriptor.

408 1044 482 1086 vP.
520 1046 612 1096 168,
646 1048 688 1088 5.
738 1045 990 1102 ΙΛοπάδιον]
1049 1048 1277 1102 Lopadium
1305 1048 1453 1088 Turcis
1487 1044 1639 1088 Ulubat
1663 1045 1766 1086 dici·

314 1107 398 1141 tur.
425 1100 595 1141 Leunel.

427 1156 480 1197 Ρ.
519 1156 610 1204 168,
644 1155 682 1199 6.
750 1153 1093 1212 Χατζιαιβιέτην]
1165 1157 1239 1197 Ille
1265 1163 1324 1196 est
1379 1170 1471 1195 uem
1498 1155 1767 1196 Leunclavius

317 1209 391 1250 lib.
427 1212 473 1250 ιδ
503 1211 860 1251 Chazi-Eivazem
896 1213 1090 1266 appellat.
1121 1211 1243 1252 Chazi
1272 1226 1350 1265 apu
1411 1212 1584 1252 Turcos'
1604 1209 1675 1251 ille
1701 1211 1768 1251 di·

316 1267 450 1315 citur,
480 1266 551 1320 qui
579 1265 782 1320 religionis
810 1282 932 1307 causa
971 1268 1151 1307 Meccam
1179 1274 1249 1306 aut
1275 1266 1482 1306 Medinam
1510 1266 1654 1305 adivit.
1737 1297 1739 1299 .

187 1324 308 1358 P.250
429 1320 483 1361 Ρ.
520 1320 620 1371 168,
651 1320 720 1373 24.
795 1322 897 1375 Cap.
929 1321 998 1361 2⁶3.
1056 1322 1346 1375 Scriptorum,
1385 1327 1550 1374 praeter
1577 1321 1765 1372 Ducam,

178 1369 221 1404 V·
243 1372 302 1418 ¹87
319 1374 454 1415 nullus
502 1382 690 1415 accurate
728 1384 869 1415 narrat
908 1376 1056 1430 quibus
1094 1377 1249 1417 artibus
1289 1376 1461 1416 Cineites
1491 1390 1514 1416 a
1544 1374 1766 1417 Morutaeis

313 1429 550 1470 sollicitatus
578 1430 839 1483 Mustapham
872 1431 1114 1472 deseruerit.

426 1484 480 1524 P.
519 1498 612 1538 172,
649 1498 713 1523 ιι.
778 1481 887 1535 μετὰ
923 1481 1005 1537 γὰρ
1034 1485 1117 1525 τῶν
1154 1481 1382 1538 Ταρτάρων
1409 1481 1674 1538 ἐπιδρομῆν]
1704 1483 1766 1523 Ex

315 1539 380 1578 his
410 1545 569 1579 constat
594 1540 792 1578 Cineitem
819 1554 901 1579 non
932 1540 1055 1579 fuisse
1083 1554 1128 1581 ex
1145 1541 1275 1580 Atinis
1303 1553 1374 1579 seu
1402 1538 1558 1579 Aidinis
1582 1539 1767 1592 posteris,

315 1594 503 1648 quamvis
526 1593 571 1636 id
599 1594 699 1634 velit
725 1594 1010 1634 Leunclavius.

427 1648 482 1689 Ρ.
513 1661 603 1703 172,
626 1662 692 1688 22.
747 1647 984 1698 Κελπάξισι
1011 1642 1135 1700 ἅνδρι
1165 1646 1386 1704 Τριβαλῷ]
1443 1647 1579 1701 Supra
1605 1661 1694 1701 cap.
1713 1658 1760 1688 αι

315 1701 537 1743 Alexandri
571 1703 758 1743 Susmaui
785 1703 915 1742 filium
943 1703 1059 1742 illum
1087 1702 1324 1756 appellavit.

428 1758 482 1797 P.
520 1757 608 1812 174,
649 1758 709 1797 15.
770 1756 936 1808 Χλίερα
970 1757 1044 1796 καί
1072 1755 1289 1810 Θυάτιρα]
1346 1754 1652 1810 SubEphesino
1678 1763 1767 1797 nae-³

317 1812 508 1866 tropolita
546 1815 757 1866 episcopus
803 1813 917 1852 urbis
945 1811 1132 1851 Chlierae
1161 1812 1407 1850 constitutus
1437 1818 1522 1850 erat
1547 1809 1767 1865 locumque

317 1867 507 1914 ultimum
551 1868 742 1918 tenebat3
784 1867 993 1920 eidemque
1034 1866 1315 1919 metropolitae
1353 1865 1505 1905 subditi
1533 1873 1627 1905 sunt
1652 1866 1766 1919 Thy-

317 1937 529 1970 raeomm,
561 1937 666 1976 quae
693 1921 816 1962 hodie
839 1922 994 1975 Thyria
1024 1921 1187 1970 dicitur,
1218 1922 1388 1975 Bryelae
1418 1920 1503 1960 sive
1531 1916 1764 1974 Βριούλων,

316 1976 590 2030 Erythrarum
621 1985 662 2017 et
690 1976 1023 2016 Clazomenarum
1052 1977 1242 2030 episcopi.
1272 1982 1315 2015 at
1341 1975 1530 2015 Sardium
1558 1982 1768 2028 metropo-

317 2030 414 2071 litae
443 2032 630 2072 subditus
658 2040 746 2071 erat
774 2032 994 2086 Thyatirae
1023 2035 1247 2084 episcopus.
1277 2030 1440 2079 eadem,
1471 2043 1574 2084 quae
1601 2030 1766 2079 Ducas,

318 2087 548 2140 Stephanus
578 2095 618 2127 et
650 2088 795 2126 Strabo
823 2087 988 2126 urbium
1009 2088 1176 2125 nomina
1205 2085 1368 2128 habent.

435 2142 485 2182 P.
520 2155 611 2195 177,
645 2156 709 2180 20.
765 2142 866 2194 Cap.
899 2155 965 2195 27.
1040 2137 1062 2179 ὁ
1095 2140 1140 2180 δὲ
1167 2137 1403 2193 Ἀδοῦρ-νος]
1460 2139 1661 2178 Laonicus
1688 2136 1761 2176 lib.

318 2194 344 2235 5
385 2203 424 2235 et
465 2197 633 2236 Leuncl.
674 2196 747 2235 lib.
786 2196 831 2235 15
863 2211 966 2235 nave
1008 2210 1089 2235 una
1119 2195 1354 2246 Genuensi,
1382 2207 1484 2247 quae
1513 2193 1682 2232 fortuito
1712 2192 1764 2232 ad

317 2251 528 2303 Lampsaci
559 2266 673 2291 oram
701 2252 926 2304 appulerat,
952 2265 1068 2289 usum
1098 2264 1182 2289 esse
1206 2249 1259 2289 ad
1294 2248 1639 2289 transfretandum
1675 2248 1766 2286 Μο-

318 2312 448 2343 ratem
478 2314 659 2345 narrant.
732 2307 938 2346 Phranzes
964 2305 1036 2344 lib.
1072 2318 1085 2344 1
1121 2318 1213 2358 cap.
1238 2310 1293 2354 4ο
1324 2306 1543 2353 Moratem,
1575 2310 1621 2342 ut
1648 2302 1764 2341 traii-

319 2367 450 2408 ceret,
482 2361 654 2400 navibus
684 2359 965 2400 Genuensibus
988 2374 1105 2399 usum
1133 2373 1214 2398 esse
1243 2359 1314 2398 ait.

428 2415 483 2453 P.
520 2414 608 2463 181,
645 2430 680 2455 ι.
740 2414 1064 2467 Περιθεώριον]
1131 2421 1310 2453 castrum
1338 2419 1426 2462 est3
1454 2413 1530 2452 sub
1561 2411 1763 2451 Traianos

316 2467 499 2520 politano
544 2471 803 2525 metropolita
844 2471 1112 2522 episcopatus.
1160 2469 1212 2508 de
1252 2467 1326 2506 illo.
1369 2467 1457 2506 loco
1498 2468 1554 2505 ita
1582 2467 1764 2519 loquitur

318 2525 534 2562 Cantacuz.
565 2525 670 2564 Hist.
706 2525 780 2564 lib.
800 2539 822 2563 2
851 2539 886 2563 c.
912 2523 984 2573 58,
1012 2524 1110 2562 dum
1138 2530 1317 2562 recenset
1344 2521 1491 2575 oppida
1514 2521 1567 2560 ab
1595 2520 1762 2560 Andro·

319 2578 414 2616 nico
445 2578 601 2618 iuniore
648 2582 897 2619 instaurata:
940 2575 1013 2617 καί
1048 2575 1344 2632 περί,Θρᾴκην
1380 2574 1583 2627 παράλιον
1621 2569 1764 2625 ἑτέρα-ν

317 2629 439 2670 πόλιν
458 2661 470 2682 ,
494 2634 833 2685 κατεσκαμμένην
864 2630 936 2673 καὶ
964 2630 1119 2684 αὐτήν,
1150 2633 1201 2684 ῆς
1227 2646 1358 2684 φασιν
1381 2625 1658 2671 Ἀναστάσιον
1685 2630 1764 2679 βα-

320 2686 439 2724 σιλέα
462 2684 681 2736 Ῥωμαίων
722 2685 931 2740 οἰκιστήν,
974 2685 1044 2727 καί
1071 2686 1114 2734 ἐξ
1141 2683 1297 2725 ἐκείνου
1326 2682 1763 2736 προσαγορευομένην,

321 2739 543 2792 ἀνέστησεν
575 2735 718 2791 αὖθις,
748 2742 795 2782 οὐ
826 2743 986 2795 πᾶσαν,
1020 2741 1111 2782 ἀλλ’
1139 2736 1235 2780 ὅσον
1265 2734 1448 2791 μάλιστα
1478 2737 1574 2789 ἐνῆν
1603 2736 1761 2787 ἀποβα-
