1890 3204
307 157 421 230 594
596 144 602 158 ’
879 174 1161 218 BULuAmi

305 292 349 318 ex
377 279 448 316 ista
480 278 710 332 genealogia
740 285 780 319 et
807 291 852 317 ex
891 276 1086 317 historiae
1124 289 1322 317 consensu
1363 276 1602 319 Lennclavii
1624 289 1749 322 mor

305 333 566 382 confutatur,
608 335 677 387 qui
714 332 945 372 Baiazitisl
993 345 1162 371 uxorem
1201 331 1365 387 Georgii
1407 333 1599 398 despotae
1624 333 1749 375 'filiam

303 388 469 438 asserit3
509 395 548 426 et
588 389 753 427 omnino
794 388 892 426 falsa
921 392 984 426 est
1011 386 1281 441 Genealogia,
1312 401 1435 441 quam
1462 387 1506 436 in
1532 387 1750 430 Pandeetis

304 456 479 493 numexo
513 443 566 492 54
601 443 796 483 exhibuit.
852 443 990 481 Lazari
1031 442 1161 492 filius,
1189 443 1260 496 qui
1289 442 1429 483 liberis
1455 435 1580 484 nullis
1597 455 1751 498 supen-

301 498 459 538 stitihus
491 497 593 536 obiit
627 512 734 536 anno
769 494 894 547 1421,
923 496 1151 550 Stephanus
1180 504 1264 538 est·
1305 498 1374 537 eui
1402 499 1593 538 successit
1619 500 1750 540 Geor-

265 593 268 596 ,
302 553 390 605 gius
419 553 708 591 Biancovikius
735 550 875 591 Lazari
902 565 1029 604 nepos
1052 565 1100 591 ex
1131 552 1280 603 Mara,
1311 566 1435 607 quam
1463 553 1582 594 Maro
1601 552 1750 595 Dum

302 607 494 661 appellat.
527 607 641 660 quod
678 621 777 646 vero
826 605 924 646 dicit
949 613 1090 646 noster
1118 607 1342 661 Georgium
1363 607 1483 648 fuisse
1510 607 1655 648 Lazari
1681 622 1749 669 ge-

304 676 470 712 nerum,
515 675 600 700 non
631 669 768 701 autem
796 668 1020 726 nepotem,
1062 674 1281 725 perperam
1314 663 1538 715 scriptum3
1565 669 1607 703 et
1637 662 1751 704 certe

304 717 484 756 scribere
512 715 653 756 debuit
691 713 785 763 υἱὸς
811 712 1005 756 Βούλκου
1033 715 1109 755 τοῦ
1136 716 1331 768 γαμβροῦ
1354 729 1429 756 του
1458 692 1684 771 Λαζάρου.
1713 718 1748 758 si

305 772 414 811 enim
456 770 686 824 Stephanus
721 771 888 824 despota
926 772 1143 835 superstite
1187 785 1233 811 ex
1261 785 1405 812 sorore
1432 786 1504 812 sua
1530 773 1647 812 Maro
1677 786 1747 812 seu

303 828 418 866 Mara
456 832 631 878 nepote,
679 828 751 880 qui
786 828 823 866 ei
849 827 1066 877 successit,
1108 826 1231 876 obiit,
1262 826 1366 866 alius
1395 840 1480 867 esse
1505 841 1589 867 non
1645 841 1671 867 ο

303 888 470 935 praeter
499 882 741 935 Georgium,
771 895 795 920 a
807 894 906 945 ‘quo
934 881 1031 921 novi
1058 881 1160 920 iuris
1188 888 1372 935 repertor
1399 883 1580 922 Mox-ates
1610 833 1754 923 gervmti-

306 951 372 974 am
401 936 631 989 repetebat,
663 938 757 990 qnia
785 937 872 976 sine
899 934 1038 976 liberis
1050 936 1279 989 Stephanus
1306 937 1392 976 eius
1418 934 1644 976 avunculus
1672 937 1751 977 ob-

303 992 417 1030 ierat.
487 993 664 1031 Morates
703 991 945 1031 Mahometis
988 991 1038 1030 F.
1078 991 1263 1031 Baiazitis
1303 991 1354 1031 N.
1383 990 1592 1031 Milievam
1616 992 1751 1032 aviam

305 1060 387 1085 non
426 1046 599 1085 habuit:
640 1060 687 1086 ex
723 1060 769 1087 ea
803 1047 912 1086 enim
951 1045 1098 1085 liberos
1124 1048 1342 1100 suscepisse
1369 1047 1587 1087 Baiazitem
1613 1045 1751 1087 nullus

303 1108 445 1140 auctm
463 1100 650 1140 tradidit.

415 1155 467 1194 P.
502 1151 929 1206 205,18.(51't5mmv
949 1150 1063 1209 αὐτῷ
1088 1150 1165 1206 τὴν
1193 1151 1324 1194 αὐτοῦ
1339 1151 1558 1207 θυγατέρα
1584 1150 1661 1201 εἷς
1671 1149 1750 1207 γά-

300 1208 400 1264 μον]
459 1211 624 1251 Maurus
650 1209 836 1250 Oibinus
861 1211 904 1248 in
935 1223 1062 1263 regno
1091 1209 1315 1249 Slavorum
1344 1215 1461 1249 notat
1478 1210 1678 1249 Moratem
1707 1209 1750 1249 in

303 1264 526 1318 Georgium
554 1266 722 1305 Serviae
748 1265 964 1326 despotam
995 1271 1088 1318 post
1115 1263 1332 1318 Stephani,
1368 1255 1622 1319 quiLazaro
1632 1269 1754 1305 natus

304 1327 419 1370 erat,
467 1320 625 1365 obitum
654 1320 826 1359 movisse
843 1348 853 1367 ‚
901 1326 942 1358 et
967 1319 1056 1358 loca
1082 1318 1239 1372 aliquot
1266 1333 1516 1373 occupasse·
1504 1348 1517 1370 ,
1545 1332 1679 1373 quem
1703 1326 1752 1359 ut

302 1374 485 1427 placalet
514 1375 734 1428 Georgius,
764 1374 1025 1413 tributarium
1045 1388 1091 1414 ac
1124 1374 1362 1428 vectigalem
1390 1373 1560 1414 Moratis
1587 1387 1630 1414 se
1655 1387 1754 1428 pro-

302 1430 456 1468 fitetur.
498 1444 640 1469 verum
683 1443 777 1468 eum
805 1430 980 1467 Mon-ates
1008 1430 1227 1480 Georgium
1266 1429 1477 1481 promissis
1504 1428 1616 1468 haud
1645 1435 1753 1469 stare

303 1492 506 1533 cerneret,
548 1484 706 1523 bellum
744 1497 886 1522 rursus
915 1497 1021 1522 anno
1057 1483 1159 1534 1455
1198 1484 1235 1522 ei
1263 1484 1413 1523 intulit.
1444 1484 1482 1523 le
1510 1491 1623 1522 atum
1651 1497 1751 1523 vero

304 1539 508 1592 Georgius
534 1539 584 1578 ad
614 1553 709 1578 eum
737 1537 886 1589 mittit,
917 1551 990 1590 per
1031 1552 1152 1591 quem
1183 1551 1225 1577 se
1252 1538 1422 1591 vectigal
1451 1552 1495 1578 so
1512 1551 1606 1577 vere
1630 1552 1752 1591 para-

302 1600 391 1632 ium
419 1601 459 1633 et
488 1593 541 1633 ad
567 1595 670 1633 iussa
699 1592 942 1646 capessenda
968 1600 1204 1646 promptum
1247 1593 1337 1633 fore
1365 1592 1598 1646 pollicetur.
1654 1593 1752 1632 Mo-

304 1655 413 1688 ratcs
443 1662 538 1701 ergo
566 1663 637 1702 per
664 1648 868 1688 Saraziam
897 1648 1057 1686 Bassam
1084 1661 1168 1687 non
1200 1649 1333 1687 solum
1373 1647 1567 1701 vectigal,
1610 1647 1684 1688 sed
1712 1654 1754 1688 et

303 1703 479 1742 Mariam
495 1703 659 1756 Georgii
685 1702 809 1742 filiam
838 1716 1009 1741 uxorem
1035 1703 1112 1742 sihi
1141 1702 1228 1741 dari
1258 1703 1452 1755 postulat.
1482 1709 1529 1742 ut
1554 1702 1753 1742 tributum

305 1756 467 1797 solvere
507 1766 670 1811 paratus
702 1765 787 1796 erat
820 1757 1039 1810 Georgius,
1085 1757 1140 1796 ita
1170 1757 1334 1810 nuptias
1363 1757 1453 1797 illas
1480 1757 1754 1808 aversabatur,

307 1813 435 1852 victus
475 1819 611 1852 tamen
639 1812 796 1853 lerinae
832 1814 917 1851 sive
947 1813 1082 1851 Irenes
1111 1813 1244 1851 uxoris
1271 1826 1366 1851 suae
1391 1812 1585 1866 precibus
1606 1841 1620 1864 ,
1647 1826 1753 1866 quae

305 1866 385 1906 hoc
422 1869 680 1907 matrimonio
719 1867 872 1906 Serviis
916 1867 1120 1919 placatum
1154 1868 1356 1907 Moratem
1383 1867 1602 1921 sperabat,
1629 1867 1754 1906 filiam

307 1935 421 1960 suam
450 1923 595 1962 Chalili
624 1923 770 1963 Bassae
799 1921 852 1961 ad
882 1923 1086 1961 Moratem
1114 1921 1397 1961 adducendam
1423 1922 1562 1961 tradit.
1597 1921 1649 1962 de
1660 1922 1754 1962 Ser-

305 1977 397 2015 viae
424 1985 544 2030 parte
582 1978 692 2018 dotis
736 1978 899 2016 nomine
926 1987 949 2016 a
978 1978 1156 2029 Georgio
1187 1991 1370 2016 concessa
1398 1976 1558 2016 nullum
1580 1976 1754 2016 verbum

309 2031 401 2070 facit
440 2033 634 2073 Orbinus.
676 2032 906 2085 ibidemque
946 2031 1095 2071 refellit
1141 2031 1373 2070 Reinerium
1411 2032 1670 2072 Reineccium
1713 2038 1754 2071 et

142 2099 146 2101 ⁴
178 2094 209 2125 P.
228 2103 267 2125 2
252 2087 432 2135 Salios,
465 2088 536 2141 qui
585 2087 773 2127 dixeiunt
798 2087 971 2126 Mariam
1004 2086 1115 2125 illam
1146 2087 1310 2139 Georgii
1337 2086 1461 2125 filiam
1487 2086 1753 2126 Semendriae

304 2156 372 2181 scu
404 2143 618 2182 Smedrovi
661 2142 870 2181 deditione
906 2142 947 2180 in
981 2142 1211 2202 Tuscorum
1237 2155 1380 2181 manus
1407 2141 1628 2205 devenisse,
1658 2142 1753 2180 Mo·

306 2197 384 2235 rati
413 2197 583 2246 deinde'j
602 2198 862 2236 matrimonio
893 2197 1084 2235 iunctam.
1126 2196 1167 2234 in
1197 2211 1276 2249 qua
1306 2197 1426 2236 etiam
1453 2196 1649 2249 opinione
1676 2195 1751 2235 de-

305 2251 573 2302 prehenditur
602 2252 811 2292 Bonfinius
841 2253 990 2290 Rerum
1021 2251 1342 2304 Hungaricaium
1382 2250 1524 2291 decad.
1555 2251 1578 2289 3
1609 2248 1680 2289 lib.
1707 2249 1749 2302 4,

305 2308 561 2359 Mariamque
596 2315 754 2361 captam
792 2306 913 2345 fuisse
951 2306 1102 2345 scribit.
1133 2307 1184 2344 de
1212 2306 1435 2346 Smedrovo
1463 2306 1624 2345 Morate
1652 2318 1754 2344 con·

306 2362 473 2400 cedente
505 2362 716 2401 aedificato
735 2361 1004 2401 Leunclavius
1031 2369 1070 2400 et
1099 2362 1301 2400 Laonicus
1329 2359 1430 2400 nihil
1457 2359 1651 2411 tradunt3
1680 2359 1751 2413 qui

306 2416 356 2454 de
385 2417 536 2468 nuptiis
565 2417 644 2455 illis
673 2417 920 2456 mentionem
947 2416 1103 2455 faciunt
1142 2416 1210 2454 hic
1236 2415 1311 2455 lib.
1341 2417 1396 2467 5,
1423 2414 1491 2454 ille
1520 2415 1583 2464 14.

416 2472 466 2513 Ρ.
497 2471 590 2520 206,
621 2472 664 2511 6.
722 2469 746 2509 ot
785 2471 831 2510 δὲ
859 2468 1028 2522 Μωρὰτ
1055 2464 1137 2523 ήδη
1165 2468 1342 2523 θέρους]
1397 2470 1459 2508 De
1486 2469 1562 2508 hac
1590 2468 1752 2533 expedi-

305 2526 415 2563 tione
449 2503 612 2565 Moratis
629 2556 641 2575 ,
689 2526 886 2565 Draculio
929 2525 1055 2575 duce,
1103 2539 1141 2564 a.
1173 2525 1272 2578 Heg.
1310 2525 1414 2574 840,
1448 2525 1518 2577 qui
1545 2525 1676 2577 coepit
1712 2538 1748 2562 a.

309 2578 440 2630 1456,
472 2581 563 2619 Iulii
600 2580 670 2631 14,
701 2581 781 2624 ..fer
812 2596 852 2634 7.
873 2610 884 2629 ‚
914 2580 1122 2619 adeundus
1156 2579 1424 2619 Leunclavius
1450 2577 1522 2617 lib.
1562 2579 1639 2628 14,
1667 2593 1748 2631 quo

305 2634 398 2672 loco
424 2634 657 2674 Direcolam
685 2635 796 2674 hunc
825 2642 956 2674 vocat.
1014 2635 1216 2688 Zipinium
1244 2648 1342 2674 vero
1374 2633 1560 2673 Cibinum
1587 2640 1646 2672 est
1676 2646 1749 2673 seu

306 2689 663 2728 Hermenstadium
680 2689 1016 2744 Transsylvaniae
1031 2720 1043 2742 ,
1079 2705 1201 2744 quam
1222 2689 1432 2730 Ardeliam
1452 2687 1626 2762 appellat
1644 2689 1758 2728 Lao-

306 2743 579 2795 nicus‚u1·1‚s
608 2745 711 2783 inter
739 2745 991 2798 praecipuas.
