1916 3210
311 158 426 218 388
788 169 971 215 DUCAE
1004 166 1261 212 ms'romA

309 280 431 320 stiani
471 291 549 318 con
587 274 626 316 le
652 274 844 329 mogliere
884 279 924 312 et
952 270 1117 324 figlioli,
1146 271 1255 311 circa
1280 268 1391 310 mille
1419 274 1462 309 et
1486 266 1691 317 diluenlo*
1703 267 1747 313 ,11

307 334 417 389 quali
447 334 513 373 nel
541 331 704 372 castello
732 342 855 372 erano
883 329 1100 380 scampati,
1130 339 1353 366 menarono
1380 324 1544 364 davanti
1568 322 1748 379 al’impon
1780 322 1787 331 '

308 389 465 440 rador;
493 387 530 428 el
559 385 679 440 quale
707 398 792 423 non
837 381 1101 435 perdonando
1129 381 1181 421 ne
1203 380 1267 421 ala
1296 380 1362 420 eth
1388 380 1440 419 ne
1471 378 1510 418 al
1532 392 1628 422 sexu
1651 391 1744 422 m·-

307 444 456 492 liebre,
485 457 509 482 a
539 442 635 481 tutti
661 440 746 479 fece
772 436 917 491 tagliar
942 436 980 475 la
1003 442 1105 476 testa
1126 464 1138 484 ,
1169 437 1304 489 et'poi
1332 435 1416 474 fece
1442 433 1638 475 fabricare
1659 443 1745 477 um

306 505 437 550 torre,
464 500 505 536 in
549 496 589 536 la
624 493 742 548 quale
785 492 871 531 fece
904 504 1067 531 murare
1108 491 1147 530 le
1176 491 1281 530 dicte
1305 497 1432 540 teste,
1461 489 1745 543 componendo

306 567 390 594 una
415 554 528 607 picra
554 552 596 590 in
626 562 707 588 una
733 553 857 595 testa,
894 545 1131 585 mostrando
1163 544 1200 584 el
1223 545 1335 585 volto
1367 543 1588 585 (1611616516
1619 557 1744 587 verno

307 607 348 648 la
372 607 539 662 ragione
573 604 644 658 pi&
681 608 843 656 patente
875 600 982 640 dalla
1010 600 1080 654 pia
1117 607 1302 654 scoperta
1324 599 1448 639 faccia
1477 598 1584 640 della
1611 606 1747 642 torre-s

307 663 359 703 El
383 661 500 716 quale
525 657 749 712 spectaculo
773 655 971 696 horribile
1003 662 1044 695 et
1062 657 1222 695 inmane
1247 655 1394 695 rimase
1414 654 1454 693 in
1478 654 1574 694 Asia
1601 654 1653 695 ad
1675 669 1746 696 ex·-

307 719 439 771 empio
469 716 519 754 de
549 711 767 753 Christiani
799 718 839 750 et
868 712 1063 750 memoria
1096 716 1232 749 eterna
1259 709 1361 750 della
1382 709 1569 764 Scithyca
1593 710 1743 754 crude-

306 772 440 814 litade‚
509 771 601 808 Due
637 767 768 807 citade
802 779 903 805 sono
938 767 1013 805 site
1047 764 1115 805 nel
1152 765 1223 804 lito
1258 764 1309 804 de
1351 764 1490 815 Ionia,
1535 766 1742 807 nominate

290 826 442 866 'Phoce
491 837 595 863 nove
641 829 686 862 et·
718 821 855 861 Phoce
898 820 1079 864 vecchie.
1147 820 1204 859 Le
1245 832 1349 859 nove
1391 818 1556 868 Phoce,
1603 821 1744 861 avanti

305 882 382 920 che
409 881 437 920 li
468 880 644 918 arivasse
672 876 837 927 Demir,
875 889 917 915 se
944 875 1061 915 diede
1089 881 1128 914 et
1154 874 1359 914 sottomise
1390 887 1414 912 a
1445 873 1502 914 lui
1527 889 1607 915 con
1635 883 1745 916 certe

306 934 576 975 conventione
601 933 653 972 de
676 946 784 985 pace.
840 932 898 970 Le
936 930 1073 970 Phoce
1103 929 1254 969 vecche
1271 958 1284 979 ‚
1316 928 1390 968 che
1416 942 1538 969 erano
1566 930 1744 972 subiecta

303 991 342 1029 31
382 991 518 1043 signor
543 988 593 1027 de
625 986 811 1026 Metilino
829 1016 840 1033 ‚
883 999 1038 1024 remase
1066 984 1129 1023 nel
1157 999 1227 1024 suo
1249 990 1376 1031 stato,
1407 983 1461 1022 fin
1490 983 1565 1024 che
1595 986 1742 1026 Demir

303 1045 411 1084 andi)
429 1044 492 1083 alo
513 1042 665 1082 assedio
694 1041 797 1081 delle
813 1042 999 1092 Smirne3
1025 1046 1066 1078 61
1091 1039 1256 1079 essendo
1284 1045 1480 1091 occupato
1508 1039 1549 1079 in
1574 1038 1656 1080 tale
1677 1054 1745 1081 as·

303 1101 413 1138 sedio
429 1129 441 1149 ‚
470 1097 620 1137 mando
647 1110 720 1136 suo
748 1103 895 1149 nepote
921 1095 983 1133 ale
1011 1094 1153 1134 Phoce
1179 1093 1359 1142 vecchie‚
1392 1092 1430 1134 61
1456 1093 1574 1147 quale
1600 1094 1745 1136 hoves·

304 1167 347 1193 se
370 1169 392 1193 3
408 1151 693 1205 contemplare
713 1151 846 1204 quella
874 1149 1004 1188 citade
1031 1156 1071 1189 et
1097 1148 1134 1187 el
1160 1163 1232 1189 suo
1264 1150 1367 1199 sito,
1395 1155 1436 1190 et
1466 1149 1676 1203 depinzere
1699 1151 1743 1190 in

304 1208 442 1248 tabula
459 1237 470 1258 ‚
502 1214 542 1247 et
561 1208 611 1245 de
625 1207 738 1259 pinta
768 1205 972 1259 portarela
997 1204 1035 1243 al
1055 1218 1127 1243 suo
1155 1210 1383 1258 conspecto.
1440 1205 1572 1246 Inteso
1599 1211 1743 1259 questo

250 1267 295 1312 76
308 1263 344 1302 61
378 1263 520 1314 signor
548 1261 600 1301 de
631 1260 824 1300 Metelino
862 1260 993 1299 subito
1031 1258 1170 1310 monto
1204 1260 1247 1298 in
1277 1258 1407 1311 galia,
1441 1266 1481 1298 et
1507 1273 1639 1299 venne
1665 1258 1744 1300 alle

304 1318 474 1370 Phoghe
510 1315 689 1357 vecchie.
729 1315 784 1354 Et
824 1315 974 1353 havuto
1011 1314 1212 1366 colloquio
1254 1314 1318 1352 col
1347 1320 1492 1367 nepote
1514 1314 1566 1353 de
1584 1315 1739 1364 Demir‚

304 1386 347 1411 se
389 1371 607 1411 accordaro
650 1376 690 1408 et
726 1368 1060 1408 confederandose
1094 1369 1273 1418 inseme,
1321 1375 1360 1407 et
1394 1370 1595 1408 rimaseno
1639 1370 1742 1408 ami-

303 1428 356 1465 ci.
407 1428 462 1466 Et
490 1424 695 1464 cumulato
725 1425 762 1464 el
784 1425 956 1462 barbaro
981 1423 1030 1462 de
1061 1423 1189 1462 ricchi
1228 1422 1325 1461 doni
1356 1422 1423 1462 dal
1452 1423 1592 1477 signor
1618 1423 1743 1463 Chri-

303 1482 460 1530 stiano,
494 1480 601 1518 l'uno
628 1493 652 1518 a
683 1479 862 1529 cavallo,
892 1478 1024 1516 l'altro
1057 1477 1096 1515 in
1127 1479 1228 1530 galia
1250 1477 1403 1521 monti).
1430 1478 1654 1518 Tornando
1669 1478 1742 1518 ad-

302 1550 442 1588 unque
466 1535 504 1574 el
531 1540 677 1587 nepote
703 1533 753 1573 de
775 1534 916 1572 Demir
947 1533 1009 1571 ale
1045 1532 1230 1578 smirne,
1259 1531 1380 1572 trovb
1406 1533 1445 1572 la
1476 1533 1557 1573 citii
1583 1535 1741 1573 ruinata

303 1591 409 1629 dale
424 1590 696 1628 fondamenta.
725 1588 928 1627 Lassando
940 1587 1130 1639 adunque
1150 1587 1297 1639 quella,
1328 1601 1460 1626 venne
1485 1589 1527 1626 in
1550 1588 1740 1641 Epheso3

304 1646 344 1684 31
372 1646 491 1699 quale
513 1644 565 1683 da
594 1645 690 1696 ogni
717 1650 832 1696 parte
872 1643 1120 1681 conveniano
1152 1642 1180 1680 li
1206 1642 1389 1692 exerciti,
1416 1642 1445 1680 li
1468 1643 1578 1696 quali
1607 1645 1743 1696 copri-

303 1713 355 1739 va
387 1707 491 1738 tutte
517 1699 554 1737 le
582 1698 805 1752 provintie,
837 1697 984 1750 perche
1017 1696 1215 1749 pertendo
1236 1697 1375 1735 Demir
1409 1696 1461 1736 de
1484 1698 1636 1751 Angira
1655 1699 1742 1738 fece

304 1755 366 1793 sar
396 1753 547 1807 publici
572 1752 921 1801 comandamenfi,
966 1751 1041 1791 che
1070 1753 1163 1790 tutti
1193 1752 1220 1790 li
1249 1751 1308 1790 soi
1333 1753 1482 1804 satrapi
1499 1766 1573 1791 con
1601 1751 1641 1792 16
1669 1766 1744 1793 sue

303 1809 479 1862 squadre
516 1809 738 1848 dovesseno
780 1806 978 1846 adunarse
1019 1807 1059 1845 in
1086 1805 1277 1859 Epheso,
1315 1812 1356 1845 et
1396 1806 1448 1845 da
1478 1806 1643 1860 Epheso
1666 1807 1742 1862 poi

304 1865 367 1903 far
393 1865 430 1902 la
454 1863 567 1903 volta
606 1876 681 1916 per
707 1868 858 1901 tornar
894 1863 934 1901 in
964 1861 1004 1900 la
1033 1860 1100 1900 lor
1126 1862 1270 1914 patria.
1327 1863 1461 1902 Messo
1488 1862 1681 1917 adunque
1704 1864 1742 1903 el

304 1919 462 1972 grande
489 1917 707 1957 stendardo
737 1916 778 1956 in
798 1916 957 1970 Epheso
986 1915 1016 1954 li
1047 1915 1216 1955 demorb
1243 1917 1359 1956 zorni
1387 1922 1554 1968 trenta3
1585 1925 1743 1958 etenn-

304 1974 461 2027 gregati
488 1973 530 2011 in
567 1972 662 2026 quel
687 1971 779 2011 loco
807 1971 909 2011 tutti
934 1971 964 2009 li
995 1970 1162 2011 citadini
1190 1978 1231 2011 61
1256 1971 1487 2011 habitadori
1510 1971 1614 2012 delle
1638 1973 1742 2012 cita-

307 2028 346 2067 di
376 2036 484 2067 terre
529 2034 572 2066 et
611 2026 775 2066 castelle
809 2026 1111 2075 circumstanti,
1162 2039 1240 2066 con
1282 2026 1431 2066 diversi
1470 2028 1664 2067 tormenti
1690 2028 1743 2067 de

306 2083 416 2122 sen-ro
462 2089 503 2121 ct
540 2081 590 2121 de
637 2082 733 2121 foco
775 2081 826 2120 da
870 2081 961 2121 loro
996 2089 1212 2121 extorseno
1242 2081 1348 2121 l'oro
1375 2088 1418 2122 et
1447 2082 1662 2132 l’arzento,
1688 2082 1742 2122 de

307 2138 417 2176 riche
440 2144 575 2187 veste,
605 2144 645 2176 61
673 2135 711 2175 16
737 2136 919 2189 pretiose
947 2135 1215 2189 supellectile,
1242 2135 1280 2176 16
1310 2138 1427 2190 quale
1457 2136 1552 2177 (13111
1581 2137 1740 2191 antiqui

307 2192 564 2245 progenitori
587 2193 672 2230 loro
699 2190 886 2231 haveano
915 2206 1106 2231 successo·
1164 2192 1228 2230 Da
1257 2191 1420 2244 Ephes‘o
1452 2191 1606 2245 partito
1635 2192 1743 2231 andi)

309 2247 360 2284 ad
402 2246 572 2299 Mylesia
611 2246 831 2300 metropoli
875 2246 926 2286 dc
957 2247 1114 2300 Carya,
1155 2252 1220 2285 tra
1250 2246 1374 2300 Lycia
1404 2253 1445 2286 et
1465 2243 1620 2297 'Ionia3
1661 2261 1740 2287 ove

308 2309 422 2339 tanto
461 2315 600 2354 aspero
639 2297 813 2341 inverno
845 2308 886 2341 'et
914 2302 1052 2340 lazaro
1083 2300 1209 2340 reddo
1239 2300 1268 2339 li
1298 2315 1457 2350 azonze,
1489 2302 1563 2342 che
1587 2303 1684 2341 tutti
1709 2302 1740 2341 li

308 2355 472 2394 animali
503 2356 681 2395 terrestri
708 2355 863 2395 volatili
892 2364 933 2395 et
958 2355 1158 2410 aquatici,
1186 2369 1302 2394 come
1328 2369 1369 2395 se
1394 2357 1436 2394 in
1465 2357 1614 2397 cristali
1657 2358 1741 2397 fos-

306 2411 395 2449 sino
431 2411 721 2460 transformati,
753 2411 922 2450 aizando
952 2411 1185 2450 morivano.
1243 2411 1485 2451 Partendosi
1514 2411 1542 2450 li
1572 2412 1740 2452 Tartari

308 2465 358 2504 da
388 2479 467 2502 una
496 2464 629 2505 citade
670 2480 740 2519 per
772 2467 896 2505 andan·
924 2466 976 2505 ad
1003 2465 1199 2513 un'altra,
1229 2466 1360 2523 quella
1388 2466 1461 2505 che
1492 2465 1646 2506 lassava
1671 2481 1738 2506 re.

248 2535 289 2569 77
308 2519 467 2558 maniva
496 2526 610 2558 tanto
638 2520 793 2560 inanita
817 2529 858 2560 et
886 2527 1061 2569 exausta,
1093 2520 1166 2559 che
1196 2521 1397 2574 in'quella
1426 2535 1509 2559 non
1537 2536 1578 2560 se
1607 2521 1739 2562 aldiva
1785 2566 1795 2570 N

308 2576 379 2627 piii
407 2587 508 2612 voce
547 2574 598 2613 dc
639 2575 803 2616 animali
847 2576 898 2614 ne
926 2576 976 2614 de
1003 2574 1123 2614 ucelli
1152 2574 1409 2624 domestichi‚
1443 2576 1494 2614 ne
1518 2578 1658 2630 pianto
1687 2576 1740 2617 de

307 2635 491 2668 creatura
528 2628 718 2668 humana.
788 2632 856 2670 Ma
886 2645 1002 2670 come
1030 2630 1058 2669 li
1088 2630 1288 2682 pescatori
1308 2659 1320 2677 ‚
1351 2630 1426 2669 che
1451 2629 1489 2669 la
1517 2627 1645 2670 tracta
1670 2631 1737 2670 dal

307 2684 450 2737 pelago
483 2682 521 2720 in
554 2689 661 2723 terra
701 2685 863 2735 tirano‚
910 2684 1008 2724 tutti
1046 2684 1075 2723 li
1119 2685 1228 2737 pesci
1256 2684 1401 2737 grandi
1430 2692 1469 2723 et
1497 2685 1736 2738 pesciulini,

307 2737 435 2777 anche
475 2737 510 2777 le
555 2739 746 2779 vilissime
784 2739 1022 2794 granceole,
1061 2739 1292 2779 strinzendo
1330 2739 1561 2794 'racogliono
1597 2748 1638 2782 et
1671 2747 1738 2780 tra
