1916 3210
686 148 761 191 An
802 149 922 192 CAP.
964 152 1019 192 u.
1058 144 1257 193 NOTAE.
1577 132 1688 190 535

235 257 456 309 (imum,
485 249 729 305 easdemque
757 250 932 293 ditiones
961 251 1163 294 attribuit.
1221 252 1490 293 Leunclavius
1517 254 1557 293 in
1579 254 1692 309 Pane

236 310 364 352 doctis
383 307 601 350 &istoriae
632 307 839 358 ‘'rm-cicae
883 322 999 361 num.
1039 309 1084 348 13
1109 307 1231 358 duces
1258 308 1354 349 istos
1379 308 1498 350 aliter
1526 323 1693 350 enume-

235 372 323 415 rat,
361 365 427 406 ita·
449 370 499 405 ut
530 363 574 405 in
612 369 727 404 tanta
751 365 952 404 varietate
980 364 1198 406 auctorum
1223 365 1389 405 nomina
1419 363 1490 404 illa
1519 364 1692 405 ducum-

235 425 323 475 que
346 433 541 461 numeru-s
568 419 612 459 in
638 420 795 459 incerto
821 420 1074 472 aliquatenus
1101 427 1309 468 maneant,
1339 419 1462 460 Asiae
1487 426 1593 460 statu
1627 422 1692 463 in-

233 475 360 516 terim
401 474 550 516 misem
585 473 828 528 imperiique
875 475 1102 515 vastatione
1150 489 1235 530 pro=
1281 475 1500 530 compertis
1527 475 1693 517 habitis.

234 530 455 572 Cannam.
486 529 556 570 La
587 544 625 569 c.
657 543 711 584 29
738 530 874 569 Atinis
903 529 986 570 sive
1000 530 1152 570 Aetinis
1180 529 1281 571 filios
1309 532 1367 572 ait
1394 531 1516 571 fuisse
1547 527 1690 584 Χετὴρ

233 581 519 638 καὶ,“Λμοιίρ,
548 585 590 627 id
617 592 705 636 est,
741 584 954 625 Cheterem
989 593 1027 624 et
1057 586 1318 627 Homurium.
1376 586 1567 627 Carasem
1592 601 1693 627 vero

232 640 441 696 Pbryiae
467 641 658 694 regulum
688 640 814 680 tradit
842 640 914 680 lib.
949 641 974 680 5
1002 655 1034 680 c.
1058 643 1137 682 82.

384 723 396 736 .
414 696 476 748 13,
491 709 557 736 αι.
577 695 794 747 Μαγεδών
809 693 1038 750 ἐπαρχίας]
1062 697 1192 737 Valde
1210 696 1426 751 probabile
1446 704 1506 737 est
1525 697 1691 751 Magedi

231 749 466 806 velMagidi
500 751 802 806 praefecturam
829 751 896 790 hic
927 753 1087 800 vocari,
1116 767 1220 807 quae
1246 754 1286 792 in
1314 767 1391 792 ms.
1414 752 1563 793 Notitia
1593 754 1695 808 Epi-

231 813 478 861 wopatuum
505 807 584 862 Cp.
614 807 852 848 dioeceseos
879 807 954 847 sub
979 807 1173 848 Sardium
1200 809 1461 861 metropolita
1493 810 1642 863 legitur
1671 807 1696 848 ὅ

230 861 370 903 Studia!
397 856 493 915 ἤτοι
520 861 742 914 ΧΡΙαγίδου.
783 862 860 902 sub
889 862 1034 917 Sylaeo
1062 865 1185 903 etiam
1212 866 1299 904 sive
1328 864 1512 918 Pergaeo
1542 872 1695 906 metro-

230 917 361 971 polita
399 917 666 973 Pamphyliae
705 918 905 958 secundae
948 918 1124 959 habetur
1154 920 1194 958 in
1226 919 1370 959 eadem
1401 919 1557 960 Notitia
1590 921 1696 960 Ma-

231 968 366 1024 ρύδου
395 973 669 1028 Episcopatus
689 1003 702 1026 ,
743 974 814 1013 sed
841 975 882 1013 in
914 973 994 1013 alio
1027 973 1242 1028 exemplari
1269 975 1415 1029 legitur
1439 970 1657 1027 Μαγύὸου
1680 1006 1694 1026 ,

231 1041 337 1082 qnae
364 1029 418 1070 ab
443 1028 523 1075 alia
555 1029 710 1069 differt.
757 1029 859 1069 haec
891 1030 1066 1069 secunda
1094 1031 1200 1070 forte
1228 1030 1296 1071 illa
1327 1037 1388 1070 est
1418 1045 1543 1085 quam
1573 1031 1695 1085 Nagi-

212 1083 315 1124 .don
339 1084 520 1139 appellat
546 1085 820 1125 Leunclavius
837 1114 851 1135 ,
878 1092 918 1124 et
948 1085 1075 1124 Turci
1106 1085 1253 1139 Nigde.
1314 1086 1537 1140 Magydum
1570 1086 1696 1127 habet

228 1137 274 1180 in
301 1139 544 1196 Pamphylia
572 1140 799 1181 Ptolemaei
826 1141 1050 1193 interpres,
1099 1148 1229 1181 textus
1261 1142 1442 1182 Graecus
1468 1138 1657 1192 μάτυλον
1679 1172 1694 1194 ,

227 1206 314 1235 non
344 1193 466 1251 longe
496 1209 521 1236 a
548 1195 680 1236 Cestri
710 1195 825 1237 fluvii
865 1197 991 1235 ostiis.
1052 1196 1234 1249 Nagidon
1275 1211 1358 1237 non
1402 1197 1525 1237 habet
1553 1198 1695 1237 Ptole-

227 1263 383 1292 maeus.
450 1250 679 1305 Stephanus
722 1252 775 1292 de
805 1251 980 1290 urbibus
1013 1247 1202 1303 Νάγιδος
1231 1249 1352 1300 πόλις
1373 1247 1531 1303 μεταξῦ
1565 1253 1694 1292 Κιλι-

226 1304 322 1353 κίας
355 1302 431 1347 καὶ
455 1305 754 1362 Παμφυλίας,
800 1306 871 1347 ubi
911 1307 1008 1346 citat
1053 1307 1317 1349 Hecataeum.
1363 1316 1507 1363 estque
1549 1308 1694 1348 eadem

162 1369 165 1375 ’
226 1374 323 1400 cum
352 1363 522 1418 Matylo.
592 1362 857 1404 Casaubonus
893 1363 934 1401 in
966 1362 1218 1402 Strabonem
1247 1362 1320 1404 lib.
1357 1364 1406 1413 14
1432 1364 1473 1406 in
1502 1363 1565 1403 his
1593 1377 1694 1404 ver..

227 1415 300 1512 bi}
317 1417 442 1513 wilh-o
470 1417 529 1458 δι’
557 1411 837 1471 ἐστι”Λγιδος
864 1417 987 1464 πόλις
1016 1431 1062 1458 ex
1092 1418 1306 1472 Stephano
1336 1419 1506 1474 corrigit
1535 1425 1576 1459 et
1596 1414 1693 1460 Νά-

247 1485 270 1513 ,ι
297 1482 343 1519 ος
436 1474 482 1513 it.
631 1481 646 1485 ·’
713 1509 717 1511 -

225 1484 253 1552 'i
288 1542 300 1554 ι*
336 1487 543 1580 Ρ.ῖ8.7),“αα.
560 1525 646 1568 α’πὸ
659 1523 839 1582 Ἀσσοῦ]
860 1527 988 1568 Assus
1004 1527 1101 1568 urbs
1118 1527 1171 1568 ad
1186 1529 1481 1584 Propontidem
1494 1529 1537 1569 in
1554 1530 1697 1570 littore

225 1581 426 1634 Asiatico,
459 1598 585 1638 quam
599 1583 748 1624 Strabo
767 1584 841 1624 lib.
866 1584 910 1623 13
927 1598 949 1624 a
973 1583 1271 1638 Methymnaeis
1297 1585 1506 1626 conditam
1534 1585 1692 1636 scribit,

223 1644 329 1679 teste
358 1639 557 1693 Myrsilo:
601 1638 710 1692 φησί
737 1637 783 1678 δὲ
807 1635 1036 1692 Ιηυρσίλος
1069 1637 1375 1692 Μηθυμναίων
1400 1638 1557 1692 κτίσμα
1587 1635 1697 1681 εἶναι

224 1689 302 1746 τὴν
322 1691 496 1734 Ἀσσόν.
553 1695 784 1748 Stephanus
810 1694 862 1734 de
891 1693 1061 1734 urbibus
1091 1695 1191 1734 duas
1213 1696 1308 1735 facit
1322 1696 1462 1746 Assos,
1494 1711 1621 1735 unam
1649 1698 1695 1736 in

226 1747 352 1802 Lycia
379 1749 555 1801 πλησίον
582 1746 798 1801 Ἀτάρνης,
819 1750 991 1789 alteram
1024 1750 1066 1789 in
1083 1751 1257 1791 Aeolide
1282 1751 1332 1790 ad
1365 1752 1694 1805 Hellespontum.

225 1802 298 1843 hic
336 1802 472 1844 obiter
511 1804 748 1844 notabimus
786 1804 1042 1859 Stephanum
1079 1820 1261 1856 errasse,
1301 1805 1401 1845 dum
1429 1807 1552 1846 Assos
1592 1807 1697 1847 duas

157 1865 162 1871 ’
225 1857 324 1899 lacit
364 1860 622 1914 primamque
665 1861 708 1898 in
738 1860 864 1913 Lycia
894 1859 1067 1900 collocat
1093 1862 1275 1901 Atarnae
1301 1863 1504 1913 vicinam,
1537 1863 1577 1901 in
1609 1863 1696 1917 Ly·-

224 1914 288 1954 cia
330 1915 531 1970 siquidem
574 1914 736 1954 Atarna
772 1918 847 1954 sita
875 1929 961 1954 non
1009 1923 1097 1966 est,
1126 1924 1172 1956 ut
1207 1918 1294 1970 ipse
1335 1918 1506 1965 scribit,
1552 1917 1622 1957 sed
1649 1919 1695 1957 in

226 1969 384 2024 Mysiae
411 1977 452 2011 et
479 1970 635 2025 Lydiae
663 1970 827 2018 finibus,
857 1963 1048 2024 Ἀτάρνα
1075 1968 1196 2019 πόλις
1224 1969 1386 2022 μεταξὺ
1413 1971 1593 2021 Μυσίας
1622 1971 1697 2012 καί

227 2023 415 2072 Λυδίας.
471 2026 622 2066 Strabo
662 2039 832 2080 quoque
864 2025 936 2065 lib.
971 2027 1018 2066 13
1050 2026 1272 2066 Atarneam
1304 2027 1431 2067 habet
1458 2042 1590 2082 prope
1617 2029 1695 2067 As-

224 2094 339 2133 sum3
370 2094 445 2121 nec
471 2082 559 2135 ipse
586 2096 662 2122 nec
692 2082 956 2121 Ptolemaeus
985 2082 1132 2122 Assum
1166 2083 1208 2121 in
1243 2083 1368 2136 Lycia
1396 2089 1575 2137 ponunt.
1607 2083 1693 2123 No-

224 2135 318 2176 titia
343 2137 672 2190 Episcopatuum
697 2137 773 2176 sub
810 2136 966 2177 throno
997 2137 1410 2192 Constantinopoleos
1440 2139 1564 2179 habet
1589 2135 1692 2180 Ἀσ-

224 2187 302 2233 σὸν
328 2193 406 2232 sub
430 2192 639 2247 Ephesino
680 2191 965 2246 metropolita.

337 2247 388 2288 P.
406 2246 468 2300 14,
485 2249 526 2292 5.
543 2245 652 2300 μετὰ
671 2246 719 2288 δὲ
735 2242 1091 2301 τὸνἈνὸρὸνικον
1110 2246 1359 2299 ἐβασίλευσε
1379 2245 1580 2303 Μιχηᾰλ]
1614 2248 1692 2290 Hic
1704 2257 1744 2291 V.
1765 2260 1831 2294 168

218 2309 368 2347 ,auctor
397 2311 534 2344 noster
574 2303 681 2344 male
713 2318 762 2343 ac
791 2317 1014 2357 perperam
1044 2303 1190 2342 scribit
1218 2304 1462 2345 Michaelem
1491 2306 1531 2344 in
1562 2306 1692 2358 impe-

225 2359 289 2398 rio
312 2359 554 2400 successisse
583 2359 827 2399 Andronico
855 2361 986 2412 patriz
1017 2357 1136 2399 simul
1167 2373 1344 2414 namque
1371 2367 1487 2414 pater
1516 2367 1556 2400 et
1584 2361 1692 2401 filius

224 2422 476 2468 regnarunt3
511 2423 551 2455 et
580 2413 756 2455 Michael
785 2429 893 2454 anno
922 2414 1062 2469 6829,
1097 2414 1252 2454 Christi
1288 2416 1416 2467 1320,
1447 2415 1602 2460 Octob.
1625 2429 1690 2456 12.

225 2469 293 2509 die
324 2470 531 2511 dominica
559 2478 654 2511 ante
690 2477 855 2525 patrem
885 2470 1010 2520 obiit,
1046 2477 1214 2525 accepto
1242 2471 1552 2511 Thessalonicae
1583 2486 1692 2511 nun-

226 2525 291 2565 cio
320 2525 551 2566 Manuelem
579 2527 758 2566 secundo
785 2527 968 2580 genitum
993 2524 1121 2565 filium
1140 2526 1192 2566 ab
1212 2526 1449 2568 Andronico
1480 2535 1578 2567 natu
1599 2541 1689 2567 ma-

226 2581 339 2631 iore,
373 2596 498 2635 quem
526 2583 610 2623 eius
638 2582 765 2621 frater
793 2581 962 2622 Manuel
1005 2581 1047 2620 in
1075 2583 1323 2632 meretricis,
1353 2597 1448 2623 cum
1477 2598 1559 2638 qua
1588 2597 1688 2622 con-

226 2644 411 2677 sueverat
441 2638 532 2688 ille,
563 2638 686 2678 domo
716 2637 968 2691 quaerebat,
995 2638 1176 2677 occisum
1205 2638 1351 2690 fuisse,
1381 2650 1476 2679 cum
1503 2639 1594 2692 quis
1626 2652 1688 2677 es-

227 2698 287 2730 set
319 2692 549 2733 Andronici
583 2693 772 2734 satellites
803 2695 1068 2746 ignorarent,
1113 2693 1368 2749 rivalcmque
1396 2709 1479 2734 esse
1507 2693 1690 2746 suspica-

228 2754 383 2788 rentur.
432 2750 483 2789 de
530 2750 677 2803 quibus
720 2749 933 2788 adeundus
970 2751 1175 2804 Gregoras
1219 2749 1291 2790 lib.
1323 2751 1349 2790 8
1393 2752 1432 2790 in
1474 2750 1690 2803 principio.
