1884 3216
311 148 424 203 208
659 168 841 212 nncAE
866 167 1150 211 mlcuAms
1174 169 1398 212 NEPo‘ns

98 269 140 302 Α.
154 267 191 301 C.
211 268 296 314 1438
307 262 448 316 πότοις
474 261 794 321 ἀσχολούμενος·
850 265 974 321 ἔαρος
1001 267 1050 308 δὲ
1067 264 1301 323 ἆρχομένου
1321 266 1478 323 βουλήν
1502 267 1748 321 pavidum

123 314 212 361 ΗΘΒ
226 317 294 362 ⁸4²
267 329 489 396 Βπονηρόιν
529 330 634 374 κατὰ
674 333 748 374 τοῦ
787 331 985 373 δεσπότου
1025 334 1100 373 καί
1122 335 1324 388 πενθεροῦ
1367 334 1524 388 αὐτοῦ,
1551 332 1667 390 ἔχων
1687 335 1747 384 εἰς

267 363 428 439 Βτοῦτο
459 399 533 440 ἕνα
561 399 644 439 τῶν
672 394 930 451 μεγιστάνων
970 397 1103 439 αὐτοῦ
1128 394 1393 453 σύμβουλον,
1423 394 1646 458 ἅνθρῳπον
1669 415 1748 442 κα·-

302 462 471 505 κοποιόν
498 462 570 505 καὶ
598 464 682 504 τῶν
712 461 981 516 Χριστιανῶν
1007 459 1164 517 ἐχθρὸν
1191 459 1424 519 ἄσπονδον,
1454 461 1626 518 ὄνόματι
1651 466 1745 508 Φα-

301 526 479 582 δουλάχ.
536 522 654 578 οὗτος
683 525 764 580 γὰρ
792 521 844 580 ἦν
875 527 1038 582 πρῶτον
1065 527 1148 569 τῶν
1172 529 1458 584 εἰσοδημάτων
1486 531 1562 586 τῆς
1590 527 1782 586 ἧγεμο-,ἦ

300 594 393 643 νίας
418 595 549 648 μέγας
580 588 913 647 χαρτουλάριος·
968 586 1062 632 εἶτα
1092 589 1204 646 ,ὁρῶν
1229 593 1359 635 αὐτοῦ
1384 596 1430 638 τὸ
1459 597 1699 652 πανοῦργον,
1719 594 1742 638 ὃ

299 655 469 714 ἡγεμών
513 657 584 710 ὀξύ
625 658 698 700 καί
742 654 845 711 πρὸς
884 652 957 705 τὰς
997 655 1154 710 βουλάς
1196 657 1403 715 αὐστηρὸν
1434 659 1635 704 καὶκατὰ
1664 662 1747 704 τῶν

299 726 571 780 Χριστιανῶν
601 723 831 777 ἐχθρωδῶς
856 721 1129 776 διακείμενον,
1157 730 1273 765 ποιεῖ’
1293 725 1422 768 αὐτὸν
1445 729 1519 770 καί
1541 726 1747 781 μεσάζον-

299 805 366 832 τα.
392 791 467 831 καί
497 789 555 847 τῷ
585 786 772 843 Μουρὰτ
790 788 871 845 μιᾷ
895 788 980 828 τῶν
1008 786 1177 843 ἡμερῶν
1203 787 1367 845 εἴρηκεν
1392 792 1490 845 ,,ἵνα
1516 794 1566 834 τι
1565 825 1580 847 ‚
1607 790 1743 851 κύριε,

298 852 400 904 τούς
431 854 615 910 ἐχθρούς
637 856 709 908 τῆς
731 852 937 908 ἡμετέρας
963 852 1143 903 πίστεως
1168 869 1229 904 εις
1255 857 1372 905 τέλος
1399 856 1475 899 οὒκ
1500 857 1744 913 α’φανίζεις,
1763 880 1811 906 10

299 918 402 969 θεὸς
440 919 521 975 γὰρ
570 917 716 967 διδους
755 915 833 973 τὴν
871 917 1076 973 τοσαύτην
1112 915 1362 974 ἠγεμονίαν,
1392 920 1445 964 σύ
1473 924 1748 980 καταφρονῶν

262 983 433 1040 Οαυτῆν
478 1000 554 1026 ουκ
598 985 835 1038 ἐπιβλέπεις
871 984 930 1033 εἰς
962 982 1118 1033 αυτούς
1159 1001 1215 1034 ως
1242 987 1301 1043 τῷ
1325 987 1414 1044 θεῷ
1439 988 1622 1042 «ronow,
1638 988 1746 1032 ἀλλὰ

300 1049 611 1108 φιλανθρώπως
646 1051 707 1099 εἷς
751 1050 1053 1104 μακροθυμίαν
1088 1048 1185 1099 τοὺς
1224 1045 1426 1102 ἀπίστους
1463 1053 1748 1108 περιθάλπεις.

297 1118 376 1158 οὐκ
394 1116 505 1159 ἔστιν
522 1112 597 1159 οὖν
614 1116 751 1170 τοῦτο,
777 1114 852 1156 οὐκ
880 1113 972 1157 ἔστι
987 1116 1075 1173 θεῷ
1100 1113 1331 1171 βονλητόν,
1353 1115 1462 1160 om&
1492 1117 1519 1173 ἧ
1548 1116 1745 1175 μάχαιρά
1766 1147 1769 1155 ι

296 1198 376 1224 σου
405 1185 572 1239 φαγέτω
616 1182 718 1236 κρέα
756 1182 841 1223 τῶν
869 1181 1056 1234 α’σεβαῖν,
1095 1182 1176 1231 ε’ως
1206 1176 1260 1222 οὗ
1285 1183 1596 1238 ἐπιστρέψωσιν
1621 1185 1667 1227 ἐν
1693 1183 1746 1242 τῇ
1762 1194 1810 1236 15

294 1249 370 1290 τοῦ
395 1248 527 1301 μόνου
563 1247 666 1289 θεοῦ
699 1245 774 1287 καί
800 1248 878 1287 τοῦ
900 1243 1084 1299 μεγάλου
1114 1246 1329 1302 προφήτου
1363 1249 1628 1308 διδασκαλίᾳ.
1681 1250 1746 1305 γί-

294 1324 435 1356 νωσκε*
455 1307 557 1366 ουν,
598 1328 632 1353 ω
667 1311 862 1391 wanuh,
898 1307 964 1352 ὅτι
992 1309 1036 1352 τὸ
1078 1314 1292 1366 πολίχνιον
1327 1311 1352 1353 ὃ
1380 1313 1695 1371 ἐπῳκοδόμησεν
1722 1315 1745 1358 ὅ

292 1375 493 1433 δεσπότης
520 1378 699 1432 Σερβιάς
730 1377 807 1418 ου’κ
834 1374 921 1419 ἔστι
948 1377 1165 1432 συμφέρον
1206 1377 1421 1432 ἡμέτερον.
1465 1377 1662 1435 α’ρθὴτω
1666 1375 1745 1422 οὖν

295 1439 370 1486 ἄπ’
383 1443 529 1497 αὐτοῦ,
548 1443 621 1485 καί
636 1445 782 1496 ἕξομεν
802 1441 908 1484 αὐτὸ
933 1441 1130 1496 διάβασιν
1150 1439 1230 1484 dm}
1245 1442 1424 1496 Σερβίας
1441 1445 1501 1495 εἷς
1516 1444 1744 1500 Οὕγιγριάν.

294 1503 466 1565 ἅρωμεν
509 1510 583 1551 ἀπ’
620 1510 753 1551 αὐτοῦ
790 1506 866 1558 τὰς
903 1505 1137 1563 πηγάςιτοὶς
1176 1505 1401 1563 οἷειζώους,
1425 1508 1502 1559 τοὶς
1530 1501 1807 1566 βρυούσαςαο

294 1571 354 1624 ὥς
379 1572 496 1630 ὕδωρ
544 1575 720 1616 α’ἑνναον
743 1571 818 1616 τὸν
844 1569 1028 1629 ἄργυρον
1053 1572 1129 1614 καί
1153 1570 1224 1615 τὸν
1245 1572 1433 1628 χρυσόν,
1459 1573 1533 1616 καὶ
1554 1573 1634 1618 σὺν
1662 1576 1744 1618 αὕ-

292 1638 370 1689 τὰς
406 1639 662 1717 κερδήσομεν
704 1639 915 1694 Οὗγγριάν
954 1654 1026 1680 και
1061 1638 1252 1679 επέκεινα
1288 1638 1464 1689 Ἰταλίας
1492 1637 1768 1695 φθάσομεν,“

251 1703 624 1755 Βταπεινώσαντες
661 1703 757 1753 τοὺς
791 1702 975 1759 ἐχθροὺς
1019 1705 1093 1758 τῆς
1137 1703 1342 1759 ἡμετέρας
1367 1704 1664 1755 mitraeus-2³15
1693 1707 1742 1749 δὲ

294 1767 463 1827 ἡγεμών
500 1768 785 1820 ἅπλουστατος
823 1765 883 1811 ὠν
914 1785 983 1811 και
1013 1767 1069 1823 μή
1104 1767 1213 1823 ἔχων
1245 1769 1447 1826 πονηρίαν
1482 1773 1528 1814 ἐν
1560 1771 1741 1831 καρδία,

390 1875 634 1927 ι7.ω]ο“Ρ.

291 2000 384 2041 init,
411 2010 431 2032 a
456 1999 614 2054 quodam
637 2008 825 2042 procerum
853 2009 1009 2038 suorum,
1037 1998 1100 2042 qui
1125 1997 1329 2032 Phadulach
1351 1999 1622 2045 appellabatur,
1646 2001 1739 2035 inci-
1788 1995 1791 1999 ’

289 2051 410 2087 tatus,
434 2047 511 2079 viro
537 2045 720 2078 malitioso
759 2049 795 2077 et
828 2044 1023 2078 Christiani
1048 2046 1204 2078 nominis
1228 2046 1331 2079 hoste
1358 2047 1502 2080 infesto.
1531 2048 1561 2081 is
1583 2048 1738 2093 primum

290 2093 434 2138 imperii
458 2092 604 2125 Turcici
629 2091 810 2124 redituum
836 2102 876 2124 ac
902 2092 1130 2135 vectigalium
1161 2103 1308 2136 magnus
1338 2093 1575 2128 chartularius
1600 2095 1737 2137 fuerat,

290 2151 375 2172 mox
401 2139 543 2183 cognita
566 2139 643 2171 eius
672 2133 822 2170 solertia
848 2143 885 2171 et
907 2138 946 2171 in
971 2138 1130 2171 consiliis
1155 2138 1324 2172 ineundis
1354 2140 1489 2184 ingenii
1511 2141 1675 2174 acumine
1701 2146 1738 2174 et

290 2185 460 2219 adversus
496 2185 718 2218 Christianos
756 2184 864 2225 odio,
896 2185 934 2217 in
969 2185 1202 2218 Mesazonton
1237 2196 1300 2218 seu
1327 2186 1534 2219 Vezirorum
1572 2187 1736 2220 ordinem

289 2233 459 2278 princeps
494 2242 575 2264 eum
614 2231 748 2275 allegit.
771 2231 801 2264 is
824 2231 934 2275 igitur
959 2231 1155 2275 aliquando
1181 2232 1270 2264 haec
1294 2232 1425 2265 Morati
1450 2231 1551 2266 dixit.
1576 2244 1735 2278 „quare,

292 2278 457 2319 domine,
483 2278 569 2311 fidei
603 2284 748 2311 nostrae
788 2277 910 2311 hostes
949 2277 1194 2311 internecione
1221 2289 1294 2311 non
1314 2278 1438 2312 deles?
1463 2290 1542 2312 cum
1568 2281 1663 2312 enim
1689 2259 1736 2313 ad

289 2330 431 2358 tantum
457 2325 646 2369 imperium
670 2324 758 2357 deus
785 2329 820 2357 te
844 2324 1060 2369 provexerit,
1086 2329 1125 2357 tu
1153 2325 1191 2356 id
1218 2325 1378 2369 negligis,
1405 2336 1472 2358 nec
1498 2326 1537 2359 in
1561 2326 1737 2359 Christia-

289 2383 357 2404 nos
383 2371 579 2404 secundum
618 2371 677 2404 dei
713 2371 886 2416 placitum
918 2370 1188 2411 animadvertis,
1222 2371 1285 2403 sed
1309 2370 1484 2405 humanus
1508 2378 1546 2406 et
1570 2373 1735 2417 longani-

291 2418 359 2451 mis
386 2418 551 2450 infideles
578 2418 687 2450 foves.
722 2417 760 2450 id
783 2429 1012 2462 nequaquam
1049 2417 1115 2450 deo
1142 2423 1337 2462 acceptum.
1368 2419 1457 2463 quin
1484 2419 1623 2463 gladius
1650 2425 1733 2452 tuus

291 2465 485 2508 impiorum
511 2475 633 2496 carnes
669 2464 840 2505 devoret,
881 2464 995 2497 donec
1034 2463 1079 2496 ad
1103 2464 1209 2496 unius
1246 2464 1305 2497 dei
1333 2470 1369 2497 et
1391 2466 1510 2509 magni
1534 2466 1733 2511 Prophetae

291 2511 518 2555 disciplinam
544 2521 632 2543 conv
636 2516 805 2544 ertantur.
845 2511 1002 2544 animum
1026 2510 1149 2556 itaque
1175 2509 1339 2551 adverte,
1366 2523 1386 2544 o
1411 2512 1596 2557 princeps,
1621 2512 1734 2545 illud-

289 2568 360 2602 que
394 2563 570 2597 castrum,
607 2557 705 2601 quod
737 2557 879 2591 Serviae
918 2557 1067 2602 despota
1103 2557 1325 2599 aedificavit,
1368 2558 1473 2591 rebus
1502 2558 1634 2592 nostris
1658 2568 1732 2592 non

289 2603 490 2636 conducere
519 2603 716 2636 considera.
742 2615 784 2636 eo
812 2603 1034 2648 depellatur,
1059 2609 1094 2636 et
1117 2604 1306 2636 transitum
1330 2615 1349 2636 a
1374 2605 1496 2638 Servia
1523 2605 1561 2639 in
1586 2604 1732 2649 Hunga-

289 2650 378 2683 riam
405 2655 567 2695 apertum
591 2648 815 2683 habebimus.
842 2651 958 2683 fontes
983 2650 1218 2695 sempiternos
1242 2651 1311 2695 ipsi
1337 2651 1555 2696 eripiamus,
1578 2651 1641 2695 qui
1667 2662 1731 2684 au-

289 2708 368 2729 rum
393 2702 430 2730 et
453 2701 638 2741 argentum
661 2696 762 2729 velut
786 2708 914 2741 aquam
939 2708 1132 2741 perennem
1155 2697 1390 2741 profundunt.
1439 2697 1655 2741 Hungariam
1672 2697 1729 2731 his

288 2743 420 2791 opibus
457 2743 685 2788 subigemus‚
717 2743 828 2789 inque
863 2743 1005 2777 Italiam
1033 2743 1262 2789 postmodum
1298 2744 1451 2791 profecti
1476 2744 1562 2778 fidei
1584 2749 1730 2779 nostrae
