<?xml version="1.0" encoding="UTF-8"?>
<!DOCTYPE html PUBLIC "-//W3C//DTD XHTML 1.0 Transitional//EN"
    "http://www.w3.org/TR/xhtml1/DTD/xhtml1-transitional.dtd">
<html xmlns="http://www.w3.org/1999/xhtml" xml:lang="en" lang="en">
 <head>
  <title>
</title>
<meta http-equiv="Content-Type" content="text/html;charset=utf-8" />
  <meta name='ocr-system' content='tesseract 3.04.00' />
  <meta name='ocr-capabilities' content='ocr_page ocr_carea ocr_par ocr_line ocrx_word'/>
</head>
<body>
  <div class='ocr_page' id='page_1' title='image "./corpusscriptorum11niebuoft_0443.png"; bbox 0 0 1916 3210; ppageno 0'>
   <div class='ocr_carea' id='block_1_1' title="bbox 464 161 1622 230">
    <p class='ocr_par' dir='ltr' id='par_1_1' title="bbox 464 161 1622 230">
     <span class='ocr_line' id='line_1_1' title="bbox 464 161 1622 230; baseline -0.003 -6"><span class='ocrx_word' id='word_1_1' title='bbox 464 180 689 224; x_wconf 66' lang='lat' dir='ltr'><strong>iumen</strong></span> <span class='ocrx_word' id='word_1_2' title='bbox 719 181 1057 224; x_wconf 70' lang='lat' dir='ltr'><strong>m&#39;mxrnm</strong></span> <span class='ocrx_word' id='word_1_3' title='bbox 1099 178 1357 224; x_wconf 70' lang='lat' dir='ltr'><strong>mmmm.</strong></span> <span class='ocrx_word' id='word_1_4' title='bbox 1506 161 1622 230; x_wconf 68' lang='lat'><strong>425</strong></span> 
     </span>
    </p>
   </div>
   <div class='ocr_carea' id='block_1_2' title="bbox 154 277 1717 2832">
    <p class='ocr_par' dir='ltr' id='par_1_2' title="bbox 154 277 1717 2832">
     <span class='ocr_line' id='line_1_2' title="bbox 172 277 1626 338; baseline -0.003 -9"><span class='ocrx_word' id='word_1_5' title='bbox 172 285 263 329; x_wconf 61' lang='lat' dir='ltr'><strong>‘vbv&#39;</strong></span> <span class='ocrx_word' id='word_1_6' title='bbox 343 284 430 326; x_wconf 71' lang='lat' dir='ltr'><strong>&#39;nde</strong></span> <span class='ocrx_word' id='word_1_7' title='bbox 458 277 665 336; x_wconf 65' lang='lat' dir='ltr'><strong>exet-bito,</strong></span> <span class='ocrx_word' id='word_1_8' title='bbox 707 285 749 324; x_wconf 82' lang='lat' dir='ltr'><strong>et</strong></span> <span class='ocrx_word' id='word_1_9' title='bbox 789 285 827 324; x_wconf 80' lang='lat' dir='ltr'><strong>la</strong></span> <span class='ocrx_word' id='word_1_10' title='bbox 870 285 1022 330; x_wconf 75' lang='lat' dir='ltr'><strong>matina</strong></span> <span class='ocrx_word' id='word_1_11' title='bbox 1046 283 1239 338; x_wconf 55' lang='lat' dir='ltr'><strong>proxima¹</strong></span> <span class='ocrx_word' id='word_1_12' title='bbox 1259 282 1568 324; x_wconf 66' lang='lat' dir='ltr'><strong>dovea-flccare·</strong></span> <span class='ocrx_word' id='word_1_13' title='bbox 1595 284 1626 324; x_wconf 90' lang='lat' dir='ltr'><strong>li</strong></span> 
     </span>
     <span class='ocr_line' id='line_1_3' title="bbox 173 298 1626 398; baseline -0.001 -16"><span class='ocrx_word' id='word_1_14' title='bbox 173 342 241 384; x_wconf 72' lang='lat' dir='ltr'><strong>&#39;eoi</strong></span> <span class='ocrx_word' id='word_1_15' title='bbox 264 298 505 398; x_wconf 49' lang='lat' dir='ltr'><strong>{aiglioni</strong></span> <span class='ocrx_word' id='word_1_16' title='bbox 538 339 628 380; x_wconf 77' lang='lat' dir='ltr'><strong>insh</strong></span> <span class='ocrx_word' id='word_1_17' title='bbox 670 339 708 379; x_wconf 82' lang='lat' dir='ltr'><strong>la</strong></span> <span class='ocrx_word' id='word_1_18' title='bbox 748 355 973 394; x_wconf 79' lang='lat' dir='ltr'><strong>compagna</strong></span> <span class='ocrx_word' id='word_1_19' title='bbox 1019 340 1071 380; x_wconf 88' lang='lat' dir='ltr'><strong>de</strong></span> <span class='ocrx_word' id='word_1_20' title='bbox 1112 337 1396 392; x_wconf 83' lang='lat' dir='ltr'><strong>Andrinopoli.</strong></span> <span class='ocrx_word' id='word_1_21' title='bbox 1469 338 1626 380; x_wconf 80' lang='lat' dir='ltr'><strong>Alhora</strong></span> 
     </span>
     <span class='ocr_line' id='line_1_4' title="bbox 173 394 1626 449; baseline -0.003 -10"><span class='ocrx_word' id='word_1_22' title='bbox 173 397 369 448; x_wconf 69' lang='lat' dir='ltr'><strong>Paiasith,</strong></span> <span class='ocrx_word' id='word_1_23' title='bbox 394 395 517 436; x_wconf 55' lang='lat' dir='ltr'><strong>aldit}</strong></span> <span class='ocrx_word' id='word_1_24' title='bbox 534 395 564 436; x_wconf 92' lang='lat' dir='ltr'><strong>li</strong></span> <span class='ocrx_word' id='word_1_25' title='bbox 581 396 731 445; x_wconf 86' lang='lat' dir='ltr'><strong>nuntii,</strong></span> <span class='ocrx_word' id='word_1_26' title='bbox 759 396 864 435; x_wconf 83' lang='lat' dir='ltr'><strong>intra</strong></span> <span class='ocrx_word' id='word_1_27' title='bbox 889 397 926 436; x_wconf 86' lang='lat' dir='ltr'><strong>la</strong></span> <span class='ocrx_word' id='word_1_28' title='bbox 953 409 1146 449; x_wconf 85' lang='lat' dir='ltr'><strong>speranza</strong></span> <span class='ocrx_word' id='word_1_29' title='bbox 1164 401 1207 435; x_wconf 87' lang='lat' dir='ltr'><strong>et</strong></span> <span class='ocrx_word' id='word_1_30' title='bbox 1225 394 1264 434; x_wconf 83' lang='lat' dir='ltr'><strong>la</strong></span> <span class='ocrx_word' id='word_1_31' title='bbox 1285 408 1433 448; x_wconf 84' lang='lat' dir='ltr'><strong>paura,</strong></span> <span class='ocrx_word' id='word_1_32' title='bbox 1453 401 1626 435; x_wconf 84' lang='lat' dir='ltr'><strong>trovan-</strong></span> 
     </span>
     <span class='ocr_line' id='line_1_5' title="bbox 172 449 1707 507; baseline -0.003 -13"><span class='ocrx_word' id='word_1_33' title='bbox 172 452 271 494; x_wconf 74' lang='lat' dir='ltr'><strong>done</strong></span> <span class='ocrx_word' id='word_1_34' title='bbox 297 457 377 493; x_wconf 79' lang='lat' dir='ltr'><strong>&#39;con</strong></span> <span class='ocrx_word' id='word_1_35' title='bbox 404 451 514 492; x_wconf 81' lang='lat' dir='ltr'><strong>cirea</strong></span> <span class='ocrx_word' id='word_1_36' title='bbox 529 457 667 492; x_wconf 82' lang='lat' dir='ltr'><strong>trento</strong></span> <span class='ocrx_word' id='word_1_37' title='bbox 698 450 812 490; x_wconf 83' lang='lat' dir='ltr'><strong>milia</strong></span> <span class='ocrx_word' id='word_1_38' title='bbox 836 451 994 491; x_wconf 81' lang='lat' dir='ltr'><strong>homini</strong></span> <span class='ocrx_word' id='word_1_39' title='bbox 1025 451 1077 491; x_wconf 85' lang='lat' dir='ltr'><strong>da</strong></span> <span class='ocrx_word' id='word_1_40' title='bbox 1094 464 1243 504; x_wconf 82' lang='lat' dir='ltr'><strong>operm·</strong></span> <span class='ocrx_word' id='word_1_41' title='bbox 1262 449 1300 490; x_wconf 90' lang='lat' dir='ltr'><strong>le</strong></span> <span class='ocrx_word' id='word_1_42' title='bbox 1318 464 1443 500; x_wconf 78' lang='lat' dir='ltr'><strong>anne,</strong></span> <span class='ocrx_word' id='word_1_43' title='bbox 1471 465 1512 490; x_wconf 91' lang='lat' dir='ltr'><strong>se</strong></span> <span class='ocrx_word' id='word_1_44' title='bbox 1541 450 1707 507; x_wconf 68' lang='lat' dir='ltr'><strong>fer-145</strong></span> 
     </span>
     <span class='ocr_line' id='line_1_6' title="bbox 174 505 1626 562; baseline -0.002 -13"><span class='ocrx_word' id='word_1_45' title='bbox 174 507 249 549; x_wconf 66' lang='lat' dir='ltr'><strong>titi&gt;</strong></span> <span class='ocrx_word' id='word_1_46' title='bbox 270 509 318 548; x_wconf 74' lang='lat' dir='ltr'><strong>&#39;in</strong></span> <span class='ocrx_word' id='word_1_47' title='bbox 345 509 452 562; x_wconf 76' lang='lat' dir='ltr'><strong>capo&#39;</strong></span> <span class='ocrx_word' id='word_1_48' title='bbox 481 506 535 547; x_wconf 77' lang='lat' dir='ltr'><strong>de</strong></span> <span class='ocrx_word' id='word_1_49' title='bbox 561 521 647 546; x_wconf 89' lang='lat' dir='ltr'><strong>uno</strong></span> <span class='ocrx_word' id='word_1_50' title='bbox 671 506 818 560; x_wconf 82' lang='lat' dir='ltr'><strong>piano,</strong></span> <span class='ocrx_word' id='word_1_51' title='bbox 845 506 882 546; x_wconf 91' lang='lat' dir='ltr'><strong>el</strong></span> <span class='ocrx_word' id='word_1_52' title='bbox 915 507 1034 562; x_wconf 86' lang='lat' dir='ltr'><strong>quale</strong></span> <span class='ocrx_word' id='word_1_53' title='bbox 1061 521 1128 546; x_wconf 87' lang='lat' dir='ltr'><strong>era</strong></span> <span class='ocrx_word' id='word_1_54' title='bbox 1146 505 1336 560; x_wconf 84' lang='lat' dir='ltr'><strong>equatico</strong></span> <span class='ocrx_word' id='word_1_55' title='bbox 1365 513 1407 546; x_wconf 85' lang='lat' dir='ltr'><strong>et</strong></span> <span class='ocrx_word' id='word_1_56' title='bbox 1434 505 1626 546; x_wconf 80' lang='lat' dir='ltr'><strong>zardino-</strong></span> 
     </span>
     <span class='ocr_line' id='line_1_7' title="bbox 172 561 1627 616; baseline -0.001 -13"><span class='ocrx_word' id='word_1_57' title='bbox 172 566 249 616; x_wconf 69' lang='grc' dir='ltr'><strong>σά,</strong></span> <span class='ocrx_word' id='word_1_58' title='bbox 279 562 387 603; x_wconf 80' lang='lat' dir='ltr'><strong>ende</strong></span> <span class='ocrx_word' id='word_1_59' title='bbox 411 577 455 603; x_wconf 80' lang='lat' dir='ltr'><strong>se</strong></span> <span class='ocrx_word' id='word_1_60' title='bbox 484 561 609 602; x_wconf 80' lang='lat' dir='ltr'><strong>vedea</strong></span> <span class='ocrx_word' id='word_1_61' title='bbox 641 562 930 615; x_wconf 84' lang='lat' dir='ltr'><strong>Andrinopoli.</strong></span> <span class='ocrx_word' id='word_1_62' title='bbox 985 563 1040 602; x_wconf 88' lang='lat' dir='ltr'><strong>Et</strong></span> <span class='ocrx_word' id='word_1_63' title='bbox 1066 563 1109 601; x_wconf 87' lang='lat' dir='ltr'><strong>in</strong></span> <span class='ocrx_word' id='word_1_64' title='bbox 1138 567 1283 616; x_wconf 83' lang='lat' dir='ltr'><strong>questo</strong></span> <span class='ocrx_word' id='word_1_65' title='bbox 1311 561 1402 602; x_wconf 92' lang='lat' dir='ltr'><strong>loco</strong></span> <span class='ocrx_word' id='word_1_66' title='bbox 1431 576 1473 602; x_wconf 87' lang='lat' dir='ltr'><strong>se</strong></span> <span class='ocrx_word' id='word_1_67' title='bbox 1499 576 1627 616; x_wconf 80' lang='lat' dir='ltr'>appu-</span> 
     </span>
     <span class='ocr_line' id='line_1_8' title="bbox 171 616 1627 671; baseline -0.001 -13"><span class='ocrx_word' id='word_1_68' title='bbox 171 617 362 659; x_wconf 64' lang='lat' dir='ltr'><strong>rechiava</strong></span> <span class='ocrx_word' id='word_1_69' title='bbox 390 618 455 657; x_wconf 74' lang='lat' dir='ltr'><strong>ala</strong></span> <span class='ocrx_word' id='word_1_70' title='bbox 482 616 674 670; x_wconf 79' lang='lat' dir='ltr'><strong>bataglia,</strong></span> <span class='ocrx_word' id='word_1_71' title='bbox 703 618 853 671; x_wconf 74' lang='lat' dir='ltr'><strong>perche</strong></span> <span class='ocrx_word' id='word_1_72' title='bbox 871 617 1048 657; x_wconf 81' lang='lat' dir='ltr'><strong>Mustafa</strong></span> <span class='ocrx_word' id='word_1_73' title='bbox 1073 631 1145 657; x_wconf 88' lang='lat' dir='ltr'><strong>era</strong></span> <span class='ocrx_word' id='word_1_74' title='bbox 1172 624 1296 657; x_wconf 84' lang='lat' dir='ltr'><strong>zonto</strong></span> <span class='ocrx_word' id='word_1_75' title='bbox 1331 623 1373 657; x_wconf 74' lang='lat' dir='ltr'><strong>et</strong></span> <span class='ocrx_word' id='word_1_76' title='bbox 1397 631 1502 671; x_wconf 87' lang='lat' dir='ltr'><strong>poco</strong></span> <span class='ocrx_word' id='word_1_77' title='bbox 1533 617 1627 657; x_wconf 91' lang='lat' dir='ltr'><strong>lon-</strong></span> 
     </span>
     <span class='ocr_line' id='line_1_9' title="bbox 172 669 1629 726; baseline -0.001 -13"><span class='ocrx_word' id='word_1_78' title='bbox 172 673 211 713; x_wconf 74' lang='lat' dir='ltr'><strong>zi</strong></span> <span class='ocrx_word' id='word_1_79' title='bbox 237 687 281 714; x_wconf 71' lang='lat' dir='ltr'><strong>ee</strong></span> <span class='ocrx_word' id='word_1_80' title='bbox 306 680 483 713; x_wconf 76' lang='lat' dir='ltr'><strong>‘trovnva</strong></span> <span class='ocrx_word' id='word_1_81' title='bbox 522 673 625 712; x_wconf 87' lang='lat' dir='ltr'><strong>colla</strong></span> <span class='ocrx_word' id='word_1_82' title='bbox 653 687 727 712; x_wconf 87' lang='lat' dir='ltr'><strong>sua</strong></span> <span class='ocrx_word' id='word_1_83' title='bbox 753 687 948 726; x_wconf 85' lang='lat' dir='ltr'><strong>possanza</strong></span> <span class='ocrx_word' id='word_1_84' title='bbox 984 673 1026 712; x_wconf 86' lang='lat' dir='ltr'><strong>in</strong></span> <span class='ocrx_word' id='word_1_85' title='bbox 1056 672 1176 712; x_wconf 90' lang='grc'><strong>108110</strong></span> <span class='ocrx_word' id='word_1_86' title='bbox 1214 672 1291 712; x_wconf 86' lang='lat' dir='ltr'><strong>ebe</strong></span> <span class='ocrx_word' id='word_1_87' title='bbox 1319 669 1428 712; x_wconf 80' lang='lat' dir='ltr'><strong>ambi</strong></span> <span class='ocrx_word' id='word_1_88' title='bbox 1452 673 1479 712; x_wconf 88' lang='lat' dir='ltr'><strong>li</strong></span> <span class='ocrx_word' id='word_1_89' title='bbox 1511 687 1629 712; x_wconf 84' lang='lat' dir='ltr'><strong>exer·-</strong></span> 
     </span>
     <span class='ocr_line' id='line_1_10' title="bbox 174 727 1630 769; baseline 0 -1"><span class='ocrx_word' id='word_1_90' title='bbox 174 728 249 769; x_wconf 55' lang='lat' dir='ltr'><strong>otti</strong></span> <span class='ocrx_word' id='word_1_91' title='bbox 279 729 560 769; x_wconf 78' lang='lat' dir='ltr'><strong>eonvenivano</strong></span> <span class='ocrx_word' id='word_1_92' title='bbox 589 742 719 768; x_wconf 84' lang='lat' dir='ltr'><strong>essere</strong></span> <span class='ocrx_word' id='word_1_93' title='bbox 745 728 808 768; x_wconf 82' lang='lat' dir='ltr'><strong>ale</strong></span> <span class='ocrx_word' id='word_1_94' title='bbox 835 743 971 767; x_wconf 86' lang='lat' dir='ltr'><strong>mane.</strong></span> <span class='ocrx_word' id='word_1_95' title='bbox 1031 727 1188 768; x_wconf 82' lang='lat' dir='ltr'><strong>Alhora</strong></span> <span class='ocrx_word' id='word_1_96' title='bbox 1219 727 1399 767; x_wconf 75' lang='lat' dir='ltr'><strong>Paiasith</strong></span> <span class='ocrx_word' id='word_1_97' title='bbox 1426 727 1630 768; x_wconf 68' lang='lat' dir='ltr'><strong>comandb&#39;</strong></span> 
     </span>
     <span class='ocr_line' id='line_1_11' title="bbox 174 782 1630 827; baseline -0.001 -3"><span class='ocrx_word' id='word_1_98' title='bbox 174 783 255 824; x_wconf 59' lang='lat' dir='ltr'><strong>die</strong></span> <span class='ocrx_word' id='word_1_99' title='bbox 281 783 382 824; x_wconf 78' lang='lat' dir='ltr'><strong>tutti</strong></span> <span class='ocrx_word' id='word_1_100' title='bbox 409 782 439 822; x_wconf 86' lang='lat' dir='ltr'><strong>li</strong></span> <span class='ocrx_word' id='word_1_101' title='bbox 478 785 538 823; x_wconf 82' lang='lat' dir='ltr'><strong>soi</strong></span> <span class='ocrx_word' id='word_1_102' title='bbox 565 797 609 823; x_wconf 91' lang='lat' dir='ltr'><strong>se</strong></span> <span class='ocrx_word' id='word_1_103' title='bbox 638 798 827 827; x_wconf 83' lang='lat' dir='ltr'><strong>armasse.</strong></span> <span class='ocrx_word' id='word_1_104' title='bbox 920 783 988 823; x_wconf 86' lang='lat' dir='ltr'><strong>Ali</strong></span> <span class='ocrx_word' id='word_1_105' title='bbox 1015 783 1140 823; x_wconf 89' lang='lat' dir='ltr'><strong>duchi</strong></span> <span class='ocrx_word' id='word_1_106' title='bbox 1167 782 1272 823; x_wconf 83' lang='lat' dir='ltr'><strong>della</strong></span> <span class='ocrx_word' id='word_1_107' title='bbox 1300 783 1502 823; x_wconf 82' lang='lat' dir='ltr'>Romania</span> <span class='ocrx_word' id='word_1_108' title='bbox 1526 797 1630 824; x_wconf 89' lang='lat' dir='ltr'><strong>con-</strong></span> 
     </span>
     <span class='ocr_line' id='line_1_12' title="bbox 173 838 1631 892; baseline -0.001 -13"><span class='ocrx_word' id='word_1_109' title='bbox 173 839 312 891; x_wconf 71' lang='lat' dir='ltr'><strong>yocati</strong></span> <span class='ocrx_word' id='word_1_110' title='bbox 339 839 620 880; x_wconf 85' lang='lat' dir='ltr'><strong>contionando</strong></span> <span class='ocrx_word' id='word_1_111' title='bbox 643 839 776 879; x_wconf 83' lang='lat' dir='ltr'><strong>disse:</strong></span> <span class='ocrx_word' id='word_1_112' title='bbox 837 840 875 879; x_wconf 95' lang='grc' dir='ltr'>Ο</span> <span class='ocrx_word' id='word_1_113' title='bbox 902 839 979 880; x_wconf 89' lang='lat' dir='ltr'><strong>viri</strong></span> <span class='ocrx_word' id='word_1_114' title='bbox 1005 839 1188 890; x_wconf 85' lang='lat' dir='ltr'><strong>fradelli,</strong></span> <span class='ocrx_word' id='word_1_115' title='bbox 1215 845 1352 892; x_wconf 85' lang='lat' dir='ltr'><strong>sapete</strong></span> <span class='ocrx_word' id='word_1_116' title='bbox 1377 839 1457 879; x_wconf 89' lang='lat' dir='ltr'><strong>ben</strong></span> <span class='ocrx_word' id='word_1_117' title='bbox 1486 838 1631 879; x_wconf 83' lang='lat' dir='ltr'><strong>l’amor</strong></span> 
     </span>
     <span class='ocr_line' id='line_1_13' title="bbox 174 893 1631 949; baseline -0.002 -13"><span class='ocrx_word' id='word_1_118' title='bbox 174 893 282 936; x_wconf 75' lang='lat' dir='ltr'><strong>eh’el</strong></span> <span class='ocrx_word' id='word_1_119' title='bbox 309 895 448 948; x_wconf 83' lang='lat' dir='ltr'><strong>signor</strong></span> <span class='ocrx_word' id='word_1_120' title='bbox 482 901 628 935; x_wconf 88' lang='lat' dir='ltr'><strong>nostro</strong></span> <span class='ocrx_word' id='word_1_121' title='bbox 666 901 831 948; x_wconf 87' lang='lat' dir='ltr'><strong>passato</strong></span> <span class='ocrx_word' id='word_1_122' title='bbox 855 901 1063 935; x_wconf 85' lang='lat' dir='ltr'><strong>mostrava</strong></span> <span class='ocrx_word' id='word_1_123' title='bbox 1094 910 1117 934; x_wconf 91' lang='lat' dir='ltr'>a</span> <span class='ocrx_word' id='word_1_124' title='bbox 1149 895 1245 934; x_wconf 81' lang='lat' dir='ltr'><strong>tutti</strong></span> <span class='ocrx_word' id='word_1_125' title='bbox 1271 895 1372 946; x_wconf 89' lang='lat' dir='ltr'><strong>noi,</strong></span> <span class='ocrx_word' id='word_1_126' title='bbox 1409 902 1450 934; x_wconf 87' lang='lat' dir='ltr'><strong>et</strong></span> <span class='ocrx_word' id='word_1_127' title='bbox 1477 901 1631 949; x_wconf 81' lang='lat' dir='ltr'><strong>quanta</strong></span> 
     </span>
     <span class='ocr_line' id='line_1_14' title="bbox 174 949 1630 991; baseline -0.001 0"><span class='ocrx_word' id='word_1_128' title='bbox 174 962 244 991; x_wconf 69' lang='lat' dir='ltr'><strong>era</strong></span> <span class='ocrx_word' id='word_1_129' title='bbox 271 949 311 989; x_wconf 80' lang='grc'><strong>111</strong></span> <span class='ocrx_word' id='word_1_130' title='bbox 338 949 626 990; x_wconf 81' lang='lat' dir='ltr'>benevolentia</span> <span class='ocrx_word' id='word_1_131' title='bbox 651 958 691 990; x_wconf 90' lang='lat' dir='ltr'><strong>et</strong></span> <span class='ocrx_word' id='word_1_132' title='bbox 714 950 841 990; x_wconf 64' lang='lat' dir='ltr'><strong>carith</strong></span> <span class='ocrx_word' id='word_1_133' title='bbox 871 965 940 990; x_wconf 90' lang='lat' dir='ltr'><strong>soa</strong></span> <span class='ocrx_word' id='word_1_134' title='bbox 966 963 1086 990; x_wconf 88' lang='lat' dir='ltr'><strong>verso</strong></span> <span class='ocrx_word' id='word_1_135' title='bbox 1113 949 1154 989; x_wconf 88' lang='lat' dir='ltr'><strong>di</strong></span> <span class='ocrx_word' id='word_1_136' title='bbox 1184 949 1269 989; x_wconf 89' lang='lat' dir='ltr'><strong>noi.</strong></span> <span class='ocrx_word' id='word_1_137' title='bbox 1323 950 1419 990; x_wconf 86' lang='lat' dir='ltr'><strong>Non</strong></span> <span class='ocrx_word' id='word_1_138' title='bbox 1448 965 1500 990; x_wconf 86' lang='lat' dir='ltr'><strong>ne</strong></span> <span class='ocrx_word' id='word_1_139' title='bbox 1527 957 1630 989; x_wconf 77' lang='lat' dir='ltr'><strong>trat-</strong></span> 
     </span>
     <span class='ocr_line' id='line_1_15' title="bbox 173 1004 1634 1060; baseline -0.001 -15"><span class='ocrx_word' id='word_1_140' title='bbox 173 1012 270 1045; x_wconf 72' lang='lat' dir='ltr'><strong>tnva</strong></span> <span class='ocrx_word' id='word_1_141' title='bbox 298 1019 416 1045; x_wconf 86' lang='lat' dir='ltr'><strong>come</strong></span> <span class='ocrx_word' id='word_1_142' title='bbox 443 1008 578 1057; x_wconf 82' lang='lat' dir='ltr'><strong>servi,</strong></span> <span class='ocrx_word' id='word_1_143' title='bbox 607 1020 674 1045; x_wconf 87' lang='lat' dir='ltr'><strong>ma</strong></span> <span class='ocrx_word' id='word_1_144' title='bbox 702 1019 820 1046; x_wconf 87' lang='lat' dir='ltr'><strong>come</strong></span> <span class='ocrx_word' id='word_1_145' title='bbox 846 1006 986 1060; x_wconf 82' lang='lat' dir='ltr'><strong>figlioli</strong></span> <span class='ocrx_word' id='word_1_146' title='bbox 1009 1012 1052 1045; x_wconf 87' lang='lat' dir='ltr'><strong>et</strong></span> <span class='ocrx_word' id='word_1_147' title='bbox 1078 1005 1251 1059; x_wconf 82' lang='lat' dir='ltr'><strong>srategli.</strong></span> <span class='ocrx_word' id='word_1_148' title='bbox 1307 1004 1363 1045; x_wconf 84' lang='lat' dir='ltr'><strong>Et</strong></span> <span class='ocrx_word' id='word_1_149' title='bbox 1391 1019 1473 1044; x_wconf 89' lang='lat' dir='ltr'><strong>non</strong></span> <span class='ocrx_word' id='word_1_150' title='bbox 1502 1005 1634 1045; x_wconf 78' lang='lat' dir='ltr'><strong>havea</strong></span> 
     </span>
     <span class='ocr_line' id='line_1_16' title="bbox 175 1059 1634 1115; baseline 0 -16"><span class='ocrx_word' id='word_1_151' title='bbox 175 1066 294 1100; x_wconf 79' lang='lat' dir='ltr'><strong>tanto</strong></span> <span class='ocrx_word' id='word_1_152' title='bbox 323 1074 419 1099; x_wconf 82' lang='lat' dir='ltr'><strong>caro</strong></span> <span class='ocrx_word' id='word_1_153' title='bbox 445 1059 484 1100; x_wconf 87' lang='lat' dir='ltr'><strong>el</strong></span> <span class='ocrx_word' id='word_1_154' title='bbox 514 1075 588 1100; x_wconf 88' lang='lat' dir='ltr'><strong>suo</strong></span> <span class='ocrx_word' id='word_1_155' title='bbox 615 1063 776 1115; x_wconf 73' lang='lat' dir='ltr'><strong>placere</strong></span> <span class='ocrx_word' id='word_1_156' title='bbox 801 1068 955 1115; x_wconf 86' lang='lat' dir='ltr'><strong>quanto</strong></span> <span class='ocrx_word' id='word_1_157' title='bbox 1002 1059 1131 1101; x_wconf 88' lang='lat' dir='ltr'><strong>l’utile</strong></span> <span class='ocrx_word' id='word_1_158' title='bbox 1159 1067 1317 1105; x_wconf 79' lang='lat' dir='ltr'><strong>nostro.</strong></span> <span class='ocrx_word' id='word_1_159' title='bbox 1372 1060 1425 1101; x_wconf 89' lang='lat' dir='ltr'><strong>El</strong></span> <span class='ocrx_word' id='word_1_160' title='bbox 1453 1060 1532 1100; x_wconf 87' lang='lat' dir='ltr'><strong>ben</strong></span> <span class='ocrx_word' id='word_1_161' title='bbox 1561 1074 1634 1100; x_wconf 87' lang='grc'><strong>80-</strong></span> 
     </span>
     <span class='ocr_line' id='line_1_17' title="bbox 162 1114 1634 1171; baseline 0.001 -17"><span class='ocrx_word' id='word_1_162' title='bbox 162 1126 302 1155; x_wconf 72' lang='grc'><strong>11111118</strong></span> <span class='ocrx_word' id='word_1_163' title='bbox 338 1122 538 1169; x_wconf 81' lang='lat' dir='ltr'><strong>reputava</strong></span> <span class='ocrx_word' id='word_1_164' title='bbox 580 1130 655 1156; x_wconf 87' lang='lat' dir='ltr'><strong>suo</strong></span> <span class='ocrx_word' id='word_1_165' title='bbox 701 1116 932 1171; x_wconf 82' lang='lat' dir='ltr'><strong>guadagno.</strong></span> <span class='ocrx_word' id='word_1_166' title='bbox 1012 1117 1182 1170; x_wconf 84' lang='lat' dir='ltr'><strong>Sempre</strong></span> <span class='ocrx_word' id='word_1_167' title='bbox 1223 1130 1455 1170; x_wconf 78' lang='lat' dir='ltr'><strong>procurava</strong></span> <span class='ocrx_word' id='word_1_168' title='bbox 1486 1115 1562 1155; x_wconf 82' lang='lat' dir='ltr'><strong>ebe</strong></span> <span class='ocrx_word' id='word_1_169' title='bbox 1593 1114 1634 1155; x_wconf 83' lang='lat' dir='ltr'><strong>la</strong></span> 
     </span>
     <span class='ocr_line' id='line_1_18' title="bbox 173 1169 1634 1225; baseline 0 -15"><span class='ocrx_word' id='word_1_170' title='bbox 173 1171 436 1224; x_wconf 76' lang='lat' dir='ltr'><strong>generatione</strong></span> <span class='ocrx_word' id='word_1_171' title='bbox 480 1169 547 1211; x_wconf 86' lang='lat' dir='ltr'><strong>del</strong></span> <span class='ocrx_word' id='word_1_172' title='bbox 584 1171 787 1225; x_wconf 82' lang='lat' dir='ltr'><strong>propheta</strong></span> <span class='ocrx_word' id='word_1_173' title='bbox 824 1185 1018 1211; x_wconf 81' lang='lat' dir='ltr'><strong>crescesse</strong></span> <span class='ocrx_word' id='word_1_174' title='bbox 1057 1177 1100 1211; x_wconf 85' lang='lat' dir='ltr'><strong>et</strong></span> <span class='ocrx_word' id='word_1_175' title='bbox 1141 1171 1178 1211; x_wconf 85' lang='lat' dir='ltr'><strong>le</strong></span> <span class='ocrx_word' id='word_1_176' title='bbox 1208 1185 1302 1211; x_wconf 87' lang='lat' dir='ltr'><strong>cose</strong></span> <span class='ocrx_word' id='word_1_177' title='bbox 1348 1171 1400 1211; x_wconf 92' lang='lat' dir='ltr'><strong>de</strong></span> <span class='ocrx_word' id='word_1_178' title='bbox 1433 1171 1553 1211; x_wconf 84' lang='lat' dir='ltr'><strong>Greci</strong></span> <span class='ocrx_word' id='word_1_179' title='bbox 1592 1183 1634 1210; x_wconf 90' lang='lat' dir='ltr'><strong>se</strong></span> 
     </span>
     <span class='ocr_line' id='line_1_19' title="bbox 174 1225 1635 1280; baseline -0.001 -14"><span class='ocrx_word' id='word_1_180' title='bbox 174 1239 505 1266; x_wconf 77' lang='lat' dir='ltr'><strong>consumasseno.</strong></span> <span class='ocrx_word' id='word_1_181' title='bbox 564 1227 628 1266; x_wconf 85' lang='lat' dir='ltr'><strong>Ha</strong></span> <span class='ocrx_word' id='word_1_182' title='bbox 659 1233 902 1267; x_wconf 84' lang='lat' dir='ltr'><strong>sottomesso</strong></span> <span class='ocrx_word' id='word_1_183' title='bbox 925 1226 1056 1267; x_wconf 87' lang='lat' dir='ltr'><strong>molte</strong></span> <span class='ocrx_word' id='word_1_184' title='bbox 1082 1225 1216 1266; x_wconf 82' lang='lat' dir='ltr'><strong>citade</strong></span> <span class='ocrx_word' id='word_1_185' title='bbox 1242 1233 1284 1266; x_wconf 87' lang='lat' dir='ltr'><strong>et</strong></span> <span class='ocrx_word' id='word_1_186' title='bbox 1310 1225 1437 1266; x_wconf 84' lang='lat' dir='ltr'><strong>molte</strong></span> <span class='ocrx_word' id='word_1_187' title='bbox 1460 1225 1635 1280; x_wconf 86' lang='lat' dir='ltr'><strong>provin-</strong></span> 
     </span>
     <span class='ocr_line' id='line_1_20' title="bbox 174 1280 1637 1336; baseline -0.002 -14"><span class='ocrx_word' id='word_1_188' title='bbox 174 1281 232 1322; x_wconf 82' lang='lat' dir='ltr'><strong>tie</strong></span> <span class='ocrx_word' id='word_1_189' title='bbox 258 1280 299 1321; x_wconf 75' lang='lat' dir='ltr'><strong>al</strong></span> <span class='ocrx_word' id='word_1_190' title='bbox 324 1281 551 1336; x_wconf 80' lang='lat' dir='ltr'><strong>principato</strong></span> <span class='ocrx_word' id='word_1_191' title='bbox 579 1282 632 1322; x_wconf 89' lang='lat' dir='ltr'><strong>de</strong></span> <span class='ocrx_word' id='word_1_192' title='bbox 661 1281 924 1322; x_wconf 78' lang='lat' dir='ltr'><strong>Musulmani.</strong></span> <span class='ocrx_word' id='word_1_193' title='bbox 960 1283 1016 1321; x_wconf 88' lang='lat' dir='ltr'><strong>Et</strong></span> <span class='ocrx_word' id='word_1_194' title='bbox 1044 1295 1125 1320; x_wconf 87' lang='lat' dir='ltr'><strong>non</strong></span> <span class='ocrx_word' id='word_1_195' title='bbox 1155 1281 1327 1321; x_wconf 69' lang='lat' dir='ltr'><strong>mancho</strong></span> <span class='ocrx_word' id='word_1_196' title='bbox 1354 1282 1434 1321; x_wconf 85' lang='lat' dir='ltr'><strong>mai</strong></span> <span class='ocrx_word' id='word_1_197' title='bbox 1459 1283 1541 1321; x_wconf 83' lang='lat' dir='ltr'><strong>fine</strong></span> <span class='ocrx_word' id='word_1_198' title='bbox 1571 1280 1637 1320; x_wconf 83' lang='lat' dir='ltr'><strong>ula</strong></span> 
     </span>
     <span class='ocr_line' id='line_1_21' title="bbox 175 1335 1636 1391; baseline -0.001 -15"><span class='ocrx_word' id='word_1_199' title='bbox 175 1350 248 1376; x_wconf 78' lang='lat' dir='ltr'><strong>sua</strong></span> <span class='ocrx_word' id='word_1_200' title='bbox 282 1342 419 1376; x_wconf 86' lang='lat' dir='ltr'><strong>morte</strong></span> <span class='ocrx_word' id='word_1_201' title='bbox 445 1350 471 1375; x_wconf 84' lang='lat' dir='ltr'>a</span> <span class='ocrx_word' id='word_1_202' title='bbox 497 1351 678 1377; x_wconf 82' lang='lat' dir='ltr'><strong>crescere</strong></span> <span class='ocrx_word' id='word_1_203' title='bbox 702 1345 743 1376; x_wconf 85' lang='lat' dir='ltr'><strong>et</strong></span> <span class='ocrx_word' id='word_1_204' title='bbox 772 1337 1046 1391; x_wconf 85' lang='lat' dir='ltr'><strong>multiplicare</strong></span> <span class='ocrx_word' id='word_1_205' title='bbox 1071 1336 1111 1375; x_wconf 90' lang='lat' dir='ltr'><strong>la</strong></span> <span class='ocrx_word' id='word_1_206' title='bbox 1142 1336 1329 1390; x_wconf 88' lang='lat' dir='ltr'><strong>potentia</strong></span> <span class='ocrx_word' id='word_1_207' title='bbox 1356 1344 1398 1377; x_wconf 85' lang='lat' dir='ltr'><strong>et</strong></span> <span class='ocrx_word' id='word_1_208' title='bbox 1427 1337 1457 1376; x_wconf 93' lang='lat' dir='ltr'><strong>li</strong></span> <span class='ocrx_word' id='word_1_209' title='bbox 1484 1335 1636 1391; x_wconf 88' lang='lat' dir='ltr'><strong>populi</strong></span> 
     </span>
     <span class='ocr_line' id='line_1_22' title="bbox 175 1389 1635 1446; baseline -0.002 -13"><span class='ocrx_word' id='word_1_210' title='bbox 175 1390 250 1433; x_wconf 73' lang='grc'><strong>(181</strong></span> <span class='ocrx_word' id='word_1_211' title='bbox 264 1390 484 1445; x_wconf 81' lang='lat' dir='ltr'><strong>propbeta.</strong></span> <span class='ocrx_word' id='word_1_212' title='bbox 511 1393 580 1431; x_wconf 86' lang='lat' dir='ltr'><strong>Ma</strong></span> <span class='ocrx_word' id='word_1_213' title='bbox 599 1400 742 1446; x_wconf 85' lang='lat' dir='ltr'><strong>questo</strong></span> <span class='ocrx_word' id='word_1_214' title='bbox 759 1389 912 1446; x_wconf 81' lang='lat' dir='ltr'><strong>pseudo</strong></span> <span class='ocrx_word' id='word_1_215' title='bbox 926 1393 1098 1432; x_wconf 88' lang='lat' dir='ltr'><strong>-Turco</strong></span> <span class='ocrx_word' id='word_1_216' title='bbox 1115 1421 1127 1443; x_wconf 89' lang='lat'>‚</span> <span class='ocrx_word' id='word_1_217' title='bbox 1148 1392 1184 1431; x_wconf 91' lang='lat' dir='ltr'><strong>el</strong></span> <span class='ocrx_word' id='word_1_218' title='bbox 1202 1392 1323 1446; x_wconf 87' lang='lat' dir='ltr'><strong>quale</strong></span> <span class='ocrx_word' id='word_1_219' title='bbox 1347 1407 1425 1446; x_wconf 86' lang='lat' dir='ltr'><strong>per</strong></span> <span class='ocrx_word' id='word_1_220' title='bbox 1451 1393 1466 1432; x_wconf 91' lang='lat' dir='ltr'><strong>i</strong></span> <span class='ocrx_word' id='word_1_221' title='bbox 1502 1391 1635 1431; x_wconf 78' lang='lat' dir='ltr'><strong>nostri</strong></span> 
     </span>
     <span class='ocr_line' id='line_1_23' title="bbox 173 1446 1636 1502; baseline 0 -16"><span class='ocrx_word' id='word_1_222' title='bbox 173 1448 330 1501; x_wconf 80' lang='lat' dir='ltr'><strong>peceati</strong></span> <span class='ocrx_word' id='word_1_223' title='bbox 351 1446 417 1486; x_wconf 76' lang='grc' dir='ltr'><strong>1ηέ)</strong></span> <span class='ocrx_word' id='word_1_224' title='bbox 433 1454 678 1487; x_wconf 83' lang='lat' dir='ltr'><strong>novamente</strong></span> <span class='ocrx_word' id='word_1_225' title='bbox 692 1447 746 1488; x_wconf 74' lang='lat' dir='ltr'><strong>s&#39;e</strong></span> <span class='ocrx_word' id='word_1_226' title='bbox 762 1448 909 1499; x_wconf 85' lang='lat' dir='ltr'><strong>levate,</strong></span> <span class='ocrx_word' id='word_1_227' title='bbox 927 1461 1119 1488; x_wconf 90' lang='lat' dir='ltr'><strong>comenza</strong></span> <span class='ocrx_word' id='word_1_228' title='bbox 1147 1462 1170 1486; x_wconf 89' lang='lat' dir='ltr'>a</span> <span class='ocrx_word' id='word_1_229' title='bbox 1185 1447 1368 1488; x_wconf 79' lang='lat' dir='ltr'><strong>dividere</strong></span> <span class='ocrx_word' id='word_1_230' title='bbox 1395 1448 1436 1488; x_wconf 89' lang='lat' dir='ltr'><strong>la</strong></span> <span class='ocrx_word' id='word_1_231' title='bbox 1460 1447 1636 1502; x_wconf 81' lang='lat' dir='ltr'><strong>signoria</strong></span> 
     </span>
     <span class='ocr_line' id='line_1_24' title="bbox 174 1501 1634 1558; baseline 0.001 -17"><span class='ocrx_word' id='word_1_232' title='bbox 174 1503 317 1542; x_wconf 74' lang='lat' dir='ltr'><strong>avanti</strong></span> <span class='ocrx_word' id='word_1_233' title='bbox 357 1501 433 1541; x_wconf 90' lang='grc'><strong>8118</strong></span> <span class='ocrx_word' id='word_1_234' title='bbox 471 1502 510 1542; x_wconf 86' lang='lat' dir='ltr'><strong>la</strong></span> <span class='ocrx_word' id='word_1_235' title='bbox 547 1503 670 1542; x_wconf 86' lang='lat' dir='ltr'><strong>habia</strong></span> <span class='ocrx_word' id='word_1_236' title='bbox 700 1503 919 1557; x_wconf 80' lang='lat' dir='ltr'><strong>aquistata‚</strong></span> <span class='ocrx_word' id='word_1_237' title='bbox 952 1509 994 1542; x_wconf 78' lang='lat' dir='ltr'><strong>et</strong></span> <span class='ocrx_word' id='word_1_238' title='bbox 1032 1502 1128 1542; x_wconf 85' lang='lat' dir='ltr'><strong>dare</strong></span> <span class='ocrx_word' id='word_1_239' title='bbox 1156 1503 1208 1542; x_wconf 85' lang='lat' dir='ltr'><strong>ali</strong></span> <span class='ocrx_word' id='word_1_240' title='bbox 1239 1504 1365 1544; x_wconf 82' lang='lat' dir='ltr'><strong>Greci</strong></span> <span class='ocrx_word' id='word_1_241' title='bbox 1390 1504 1416 1543; x_wconf 90' lang='lat' dir='ltr'><strong>li</strong></span> <span class='ocrx_word' id='word_1_242' title='bbox 1451 1503 1634 1558; x_wconf 83' lang='lat' dir='ltr'><strong>megliori</strong></span> 
     </span>
     <span class='ocr_line' id='line_1_25' title="bbox 154 1555 1717 1617; baseline 0.001 -21"><span class='ocrx_word' id='word_1_243' title='bbox 154 1555 286 1597; x_wconf 72' lang='grc' dir='ltr'><strong>Δ1081ιί</strong></span> <span class='ocrx_word' id='word_1_244' title='bbox 312 1555 378 1596; x_wconf 87' lang='lat' dir='ltr'><strong>del</strong></span> <span class='ocrx_word' id='word_1_245' title='bbox 405 1558 663 1612; x_wconf 85' lang='lat' dir='ltr'><strong>principato,</strong></span> <span class='ocrx_word' id='word_1_246' title='bbox 693 1558 723 1598; x_wconf 90' lang='lat' dir='ltr'><strong>li</strong></span> <span class='ocrx_word' id='word_1_247' title='bbox 753 1559 864 1613; x_wconf 88' lang='lat' dir='ltr'><strong>quali</strong></span> <span class='ocrx_word' id='word_1_248' title='bbox 890 1559 920 1599; x_wconf 89' lang='lat' dir='ltr'><strong>li</strong></span> <span class='ocrx_word' id='word_1_249' title='bbox 941 1558 1204 1612; x_wconf 79' lang='lat' dir='ltr'>progenitore</span> <span class='ocrx_word' id='word_1_250' title='bbox 1232 1558 1297 1598; x_wconf 85' lang='lat' dir='ltr'><strong>del</strong></span> <span class='ocrx_word' id='word_1_251' title='bbox 1324 1559 1459 1599; x_wconf 84' lang='lat' dir='ltr'><strong>ducha</strong></span> <span class='ocrx_word' id='word_1_252' title='bbox 1488 1565 1633 1598; x_wconf 86' lang='lat' dir='ltr'><strong>nostro</strong></span> <span class='ocrx_word' id='word_1_253' title='bbox 1651 1570 1717 1617; x_wconf 71' lang='lat'><strong>146</strong></span> 
     </span>
     <span class='ocr_line' id='line_1_26' title="bbox 173 1611 1635 1667; baseline 0.001 -15"><span class='ocrx_word' id='word_1_254' title='bbox 173 1611 318 1652; x_wconf 82' lang='lat' dir='ltr'><strong>hanno</strong></span> <span class='ocrx_word' id='word_1_255' title='bbox 345 1612 536 1667; x_wconf 79' lang='lat' dir='ltr'><strong>aquistati</strong></span> <span class='ocrx_word' id='word_1_256' title='bbox 565 1620 608 1653; x_wconf 89' lang='lat' dir='ltr'><strong>et</strong></span> <span class='ocrx_word' id='word_1_257' title='bbox 650 1614 851 1654; x_wconf 82' lang='lat' dir='ltr'><strong>fabricati.</strong></span> <span class='ocrx_word' id='word_1_258' title='bbox 910 1614 1001 1653; x_wconf 89' lang='lat' dir='ltr'><strong>Non</strong></span> <span class='ocrx_word' id='word_1_259' title='bbox 1028 1621 1166 1667; x_wconf 81' lang='lat' dir='ltr'><strong>sapete</strong></span> <span class='ocrx_word' id='word_1_260' title='bbox 1195 1614 1263 1654; x_wconf 90' lang='lat' dir='ltr'><strong>voi</strong></span> <span class='ocrx_word' id='word_1_261' title='bbox 1293 1613 1370 1654; x_wconf 86' lang='lat' dir='ltr'><strong>che</strong></span> <span class='ocrx_word' id='word_1_262' title='bbox 1400 1614 1580 1667; x_wconf 85' lang='lat' dir='ltr'><strong>Galipoli</strong></span> <span class='ocrx_word' id='word_1_263' title='bbox 1612 1614 1635 1654; x_wconf 72' lang='grc' dir='ltr'><strong>ὲ</strong></span> 
     </span>
     <span class='ocr_line' id='line_1_27' title="bbox 175 1666 1636 1723; baseline 0 -15"><span class='ocrx_word' id='word_1_264' title='bbox 175 1667 216 1708; x_wconf 80' lang='lat' dir='ltr'><strong>la</strong></span> <span class='ocrx_word' id='word_1_265' title='bbox 238 1673 369 1722; x_wconf 55' lang='lat' dir='ltr'><strong>¹porta</strong></span> <span class='ocrx_word' id='word_1_266' title='bbox 398 1674 440 1708; x_wconf 89' lang='lat' dir='ltr'><strong>et</strong></span> <span class='ocrx_word' id='word_1_267' title='bbox 463 1669 502 1708; x_wconf 91' lang='lat' dir='ltr'><strong>le</strong></span> <span class='ocrx_word' id='word_1_268' title='bbox 530 1669 673 1709; x_wconf 84' lang='lat' dir='ltr'><strong>chiave</strong></span> <span class='ocrx_word' id='word_1_269' title='bbox 696 1670 803 1710; x_wconf 91' lang='lat' dir='ltr'><strong>dello</strong></span> <span class='ocrx_word' id='word_1_270' title='bbox 840 1669 1126 1723; x_wconf 87' lang='lat' dir='ltr'><strong>Hellesponto,</strong></span> <span class='ocrx_word' id='word_1_271' title='bbox 1156 1669 1284 1709; x_wconf 89' lang='lat' dir='ltr'><strong>immo</strong></span> <span class='ocrx_word' id='word_1_272' title='bbox 1316 1669 1406 1709; x_wconf 87' lang='lat' dir='ltr'><strong>dela</strong></span> <span class='ocrx_word' id='word_1_273' title='bbox 1435 1666 1636 1710; x_wconf 76' lang='lat' dir='ltr'><strong>Romania</strong></span> 
     </span>
     <span class='ocr_line' id='line_1_28' title="bbox 173 1723 1635 1780; baseline 0 -17"><span class='ocrx_word' id='word_1_274' title='bbox 173 1729 218 1763; x_wconf 85' lang='lat' dir='ltr'><strong>et</strong></span> <span class='ocrx_word' id='word_1_275' title='bbox 249 1723 354 1762; x_wconf 80' lang='lat' dir='ltr'><strong>della</strong></span> <span class='ocrx_word' id='word_1_276' title='bbox 392 1724 549 1764; x_wconf 82' lang='lat' dir='ltr'><strong>Natolia</strong></span> <span class='ocrx_word' id='word_1_277' title='bbox 590 1731 632 1764; x_wconf 85' lang='lat' dir='ltr'><strong>et</strong></span> <span class='ocrx_word' id='word_1_278' title='bbox 659 1725 767 1765; x_wconf 92' lang='lat' dir='ltr'><strong>dello</strong></span> <span class='ocrx_word' id='word_1_279' title='bbox 794 1726 908 1780; x_wconf 83' lang='lat' dir='ltr'><strong>Egeo</strong></span> <span class='ocrx_word' id='word_1_280' title='bbox 939 1733 979 1765; x_wconf 89' lang='lat' dir='ltr'><strong>et</strong></span> <span class='ocrx_word' id='word_1_281' title='bbox 994 1726 1160 1764; x_wconf 90' lang='lat' dir='ltr'><strong>·Eusin0</strong></span> <span class='ocrx_word' id='word_1_282' title='bbox 1189 1725 1334 1779; x_wconf 83' lang='lat' dir='ltr'><strong>pelago</strong></span> <span class='ocrx_word' id='word_1_283' title='bbox 1353 1729 1372 1764; x_wconf 75' lang='grc'><strong>7</strong></span> <span class='ocrx_word' id='word_1_284' title='bbox 1428 1726 1476 1765; x_wconf 92' lang='lat' dir='ltr'><strong>Li</strong></span> <span class='ocrx_word' id='word_1_285' title='bbox 1509 1724 1635 1765; x_wconf 81' lang='lat' dir='ltr'><strong>Greci</strong></span> 
     </span>
     <span class='ocr_line' id='line_1_29' title="bbox 175 1778 1636 1836; baseline 0.001 -17"><span class='ocrx_word' id='word_1_286' title='bbox 175 1792 349 1819; x_wconf 70' lang='lat' dir='ltr'><strong>sei-anno</strong></span> <span class='ocrx_word' id='word_1_287' title='bbox 387 1778 440 1818; x_wconf 88' lang='lat' dir='ltr'><strong>da</strong></span> <span class='ocrx_word' id='word_1_288' title='bbox 484 1779 557 1833; x_wconf 74' lang='lat' dir='ltr'><strong>qui</strong></span> <span class='ocrx_word' id='word_1_289' title='bbox 587 1779 630 1818; x_wconf 89' lang='lat' dir='ltr'><strong>in</strong></span> <span class='ocrx_word' id='word_1_290' title='bbox 673 1781 747 1833; x_wconf 86' lang='lat' dir='ltr'><strong>poi</strong></span> <span class='ocrx_word' id='word_1_291' title='bbox 783 1781 965 1835; x_wconf 81' lang='lat' dir='ltr'><strong>signori,</strong></span> <span class='ocrx_word' id='word_1_292' title='bbox 1017 1786 1058 1819; x_wconf 86' lang='lat' dir='ltr'><strong>et</strong></span> <span class='ocrx_word' id='word_1_293' title='bbox 1085 1795 1166 1819; x_wconf 91' lang='lat' dir='ltr'><strong>non</strong></span> <span class='ocrx_word' id='word_1_294' title='bbox 1195 1782 1210 1820; x_wconf 89' lang='lat' dir='ltr'><strong>i</strong></span> <span class='ocrx_word' id='word_1_295' title='bbox 1236 1781 1425 1836; x_wconf 78' lang='lat' dir='ltr'><strong>Turchi3</strong></span> <span class='ocrx_word' id='word_1_296' title='bbox 1456 1780 1484 1820; x_wconf 88' lang='lat' dir='ltr'><strong>li</strong></span> <span class='ocrx_word' id='word_1_297' title='bbox 1514 1780 1636 1820; x_wconf 84' lang='lat' dir='ltr'><strong>Greci</strong></span> 
     </span>
     <span class='ocr_line' id='line_1_30' title="bbox 176 1833 1637 1888; baseline 0.001 -15"><span class='ocrx_word' id='word_1_298' title='bbox 176 1847 350 1874; x_wconf 81' lang='lat' dir='ltr'><strong>seranno</strong></span> <span class='ocrx_word' id='word_1_299' title='bbox 389 1833 442 1873; x_wconf 84' lang='lat' dir='ltr'><strong>da</strong></span> <span class='ocrx_word' id='word_1_300' title='bbox 467 1834 540 1888; x_wconf 86' lang='lat' dir='ltr'><strong>qui</strong></span> <span class='ocrx_word' id='word_1_301' title='bbox 566 1836 609 1873; x_wconf 83' lang='lat' dir='ltr'><strong>iu</strong></span> <span class='ocrx_word' id='word_1_302' title='bbox 635 1837 706 1887; x_wconf 88' lang='lat' dir='ltr'><strong>poi</strong></span> <span class='ocrx_word' id='word_1_303' title='bbox 747 1836 902 1888; x_wconf 84' lang='lat' dir='ltr'><strong>signori</strong></span> <span class='ocrx_word' id='word_1_304' title='bbox 930 1834 1026 1875; x_wconf 81' lang='lat' dir='ltr'><strong>delli</strong></span> <span class='ocrx_word' id='word_1_305' title='bbox 1050 1835 1226 1883; x_wconf 86' lang='lat' dir='ltr'><strong>schiavi,</strong></span> <span class='ocrx_word' id='word_1_306' title='bbox 1260 1844 1300 1875; x_wconf 88' lang='lat' dir='ltr'><strong>et</strong></span> <span class='ocrx_word' id='word_1_307' title='bbox 1329 1837 1637 1876; x_wconf 81' lang='lat' dir='ltr'><strong>maximamente</strong></span> 
     </span>
     <span class='ocr_line' id='line_1_31' title="bbox 176 1887 1636 1942; baseline 0.001 -14"><span class='ocrx_word' id='word_1_308' title='bbox 176 1888 230 1928; x_wconf 90' lang='lat' dir='ltr'><strong>de</strong></span> <span class='ocrx_word' id='word_1_309' title='bbox 258 1887 506 1928; x_wconf 82' lang='lat' dir='ltr'><strong>Musulmani</strong></span> <span class='ocrx_word' id='word_1_310' title='bbox 523 1919 535 1941; x_wconf 83' lang='lat'>‚</span> <span class='ocrx_word' id='word_1_311' title='bbox 585 1889 613 1928; x_wconf 95' lang='lat' dir='ltr'><strong>li</strong></span> <span class='ocrx_word' id='word_1_312' title='bbox 637 1890 746 1942; x_wconf 82' lang='lat' dir='ltr'><strong>quali</strong></span> <span class='ocrx_word' id='word_1_313' title='bbox 775 1891 991 1930; x_wconf 63' lang='lat' dir='ltr'><strong>traiecterh</strong></span> <span class='ocrx_word' id='word_1_314' title='bbox 1021 1890 1073 1930; x_wconf 87' lang='lat' dir='ltr'><strong>da</strong></span> <span class='ocrx_word' id='word_1_315' title='bbox 1101 1889 1140 1930; x_wconf 67' lang='lat' dir='ltr'><strong>la</strong></span> <span class='ocrx_word' id='word_1_316' title='bbox 1168 1892 1256 1930; x_wconf 82' lang='lat' dir='ltr'><strong>an</strong></span> <span class='ocrx_word' id='word_1_317' title='bbox 1289 1891 1328 1930; x_wconf 89' lang='lat' dir='ltr'><strong>in</strong></span> <span class='ocrx_word' id='word_1_318' title='bbox 1355 1891 1395 1930; x_wconf 86' lang='lat' dir='ltr'><strong>la</strong></span> <span class='ocrx_word' id='word_1_319' title='bbox 1421 1891 1636 1935; x_wconf 78' lang='lat' dir='ltr'><strong>Romania.</strong></span> 
     </span>
     <span class='ocr_line' id='line_1_32' title="bbox 175 1942 1632 1999; baseline 0.002 -16"><span class='ocrx_word' id='word_1_320' title='bbox 175 1943 233 1983; x_wconf 86' lang='lat' dir='ltr'><strong>Et</strong></span> <span class='ocrx_word' id='word_1_321' title='bbox 277 1942 308 1982; x_wconf 90' lang='lat' dir='ltr'><strong>li</strong></span> <span class='ocrx_word' id='word_1_322' title='bbox 347 1943 597 1984; x_wconf 80' lang='lat' dir='ltr'><strong>Musulmani</strong></span> <span class='ocrx_word' id='word_1_323' title='bbox 639 1959 722 1984; x_wconf 89' lang='lat' dir='ltr'><strong>non</strong></span> <span class='ocrx_word' id='word_1_324' title='bbox 762 1959 905 1985; x_wconf 87' lang='lat' dir='ltr'><strong>serano</strong></span> <span class='ocrx_word' id='word_1_325' title='bbox 948 1946 1023 1999; x_wconf 76' lang='lat' dir='ltr'><strong>piix</strong></span> <span class='ocrx_word' id='word_1_326' title='bbox 1061 1946 1212 1999; x_wconf 71' lang='lat' dir='ltr'><strong>signori</strong></span> <span class='ocrx_word' id='word_1_327' title='bbox 1241 1946 1284 1985; x_wconf 92' lang='lat' dir='ltr'><strong>di</strong></span> <span class='ocrx_word' id='word_1_328' title='bbox 1310 1946 1467 1986; x_wconf 79' lang='lat' dir='ltr'><strong>schiavi</strong></span> <span class='ocrx_word' id='word_1_329' title='bbox 1493 1947 1632 1986; x_wconf 88' lang='lat' dir='ltr'><strong>Greci.</strong></span> 
     </span>
     <span class='ocr_line' id='line_1_33' title="bbox 174 1996 1635 2055; baseline 0.002 -17"><span class='ocrx_word' id='word_1_330' title='bbox 174 1997 290 2038; x_wconf 85' lang='lat' dir='ltr'><strong>Ecco</strong></span> <span class='ocrx_word' id='word_1_331' title='bbox 319 1998 396 2040; x_wconf 90' lang='grc'><strong>8118</strong></span> <span class='ocrx_word' id='word_1_332' title='bbox 435 1999 487 2039; x_wconf 85' lang='lat' dir='ltr'><strong>da</strong></span> <span class='ocrx_word' id='word_1_333' title='bbox 529 2006 672 2055; x_wconf 84' lang='lat' dir='ltr'><strong>questo</strong></span> <span class='ocrx_word' id='word_1_334' title='bbox 713 2001 879 2041; x_wconf 56' lang='lat' dir='ltr'><strong>nascere</strong></span> <span class='ocrx_word' id='word_1_335' title='bbox 906 1996 1093 2040; x_wconf 51' lang='lat' dir='ltr'><strong>lai-uina</strong></span> <span class='ocrx_word' id='word_1_336' title='bbox 1123 2008 1273 2041; x_wconf 87' lang='lat' dir='ltr'><strong>nostra.</strong></span> <span class='ocrx_word' id='word_1_337' title='bbox 1329 2002 1384 2041; x_wconf 83' lang='lat' dir='ltr'><strong>Et</strong></span> <span class='ocrx_word' id='word_1_338' title='bbox 1412 2016 1489 2055; x_wconf 91' lang='lat' dir='ltr'><strong>per</strong></span> <span class='ocrx_word' id='word_1_339' title='bbox 1518 2007 1635 2041; x_wconf 83' lang='lat' dir='ltr'><strong>tanto</strong></span> 
     </span>
     <span class='ocr_line' id='line_1_34' title="bbox 177 2053 1635 2110; baseline 0.001 -17"><span class='ocrx_word' id='word_1_340' title='bbox 177 2053 217 2093; x_wconf 90' lang='lat' dir='ltr'><strong>vi</strong></span> <span class='ocrx_word' id='word_1_341' title='bbox 246 2068 378 2110; x_wconf 82' lang='lat' dir='ltr'><strong>prego</strong></span> <span class='ocrx_word' id='word_1_342' title='bbox 411 2054 535 2104; x_wconf 81' lang='lat' dir='ltr'><strong>tutti,</strong></span> <span class='ocrx_word' id='word_1_343' title='bbox 581 2055 657 2095; x_wconf 88' lang='grc'><strong>8118</strong></span> <span class='ocrx_word' id='word_1_344' title='bbox 686 2069 800 2095; x_wconf 84' lang='grc'><strong>801118</strong></span> <span class='ocrx_word' id='word_1_345' title='bbox 839 2056 986 2095; x_wconf 74' lang='lat' dir='ltr'><strong>devote</strong></span> <span class='ocrx_word' id='word_1_346' title='bbox 1015 2062 1262 2096; x_wconf 87' lang='lat' dir='ltr'><strong>contrastate</strong></span> <span class='ocrx_word' id='word_1_347' title='bbox 1290 2070 1314 2095; x_wconf 87' lang='lat' dir='ltr'>a</span> <span class='ocrx_word' id='word_1_348' title='bbox 1344 2057 1545 2101; x_wconf 74' lang='lat' dir='ltr'><strong>Mustafa,</strong></span> <span class='ocrx_word' id='word_1_349' title='bbox 1576 2058 1635 2097; x_wconf 75' lang='lat' dir='ltr'><strong>si-</strong></span> 
     </span>
     <span class='ocr_line' id='line_1_35' title="bbox 175 2109 1636 2165; baseline 0.002 -17"><span class='ocrx_word' id='word_1_350' title='bbox 175 2109 334 2149; x_wconf 84' lang='lat' dir='ltr'><strong>mulato</strong></span> <span class='ocrx_word' id='word_1_351' title='bbox 359 2109 546 2157; x_wconf 86' lang='lat' dir='ltr'><strong>Tureho,</strong></span> <span class='ocrx_word' id='word_1_352' title='bbox 579 2111 745 2151; x_wconf 88' lang='lat' dir='ltr'><strong>adiutor</strong></span> <span class='ocrx_word' id='word_1_353' title='bbox 772 2112 813 2150; x_wconf 91' lang='lat' dir='ltr'><strong>di</strong></span> <span class='ocrx_word' id='word_1_354' title='bbox 828 2112 982 2152; x_wconf 88' lang='lat' dir='ltr'><strong>Romei.</strong></span> <span class='ocrx_word' id='word_1_355' title='bbox 1040 2112 1193 2163; x_wconf 88' lang='lat' dir='ltr'><strong>Questo</strong></span> <span class='ocrx_word' id='word_1_356' title='bbox 1222 2126 1244 2151; x_wconf 91' lang='lat' dir='ltr'><strong>e</strong></span> <span class='ocrx_word' id='word_1_357' title='bbox 1274 2112 1399 2165; x_wconf 83' lang='lat' dir='ltr'><strong>impio</strong></span> <span class='ocrx_word' id='word_1_358' title='bbox 1429 2118 1470 2152; x_wconf 86' lang='lat' dir='ltr'><strong>et</strong></span> <span class='ocrx_word' id='word_1_359' title='bbox 1496 2112 1636 2152; x_wconf 88' lang='lat' dir='ltr'><strong>inimi-</strong></span> 
     </span>
     <span class='ocr_line' id='line_1_36' title="bbox 175 2164 1637 2222; baseline 0.003 -18"><span class='ocrx_word' id='word_1_360' title='bbox 175 2178 224 2204; x_wconf 88' lang='lat' dir='ltr'><strong>co</strong></span> <span class='ocrx_word' id='word_1_361' title='bbox 252 2164 318 2204; x_wconf 87' lang='lat' dir='ltr'><strong>del</strong></span> <span class='ocrx_word' id='word_1_362' title='bbox 364 2166 565 2219; x_wconf 80' lang='lat' dir='ltr'><strong>propheta</strong></span> <span class='ocrx_word' id='word_1_363' title='bbox 602 2173 643 2206; x_wconf 89' lang='lat' dir='ltr'><strong>et</strong></span> <span class='ocrx_word' id='word_1_364' title='bbox 666 2167 716 2206; x_wconf 89' lang='lat' dir='ltr'><strong>de</strong></span> <span class='ocrx_word' id='word_1_365' title='bbox 752 2166 791 2206; x_wconf 82' lang='lat' dir='ltr'><strong>la</strong></span> <span class='ocrx_word' id='word_1_366' title='bbox 827 2181 898 2206; x_wconf 86' lang='lat' dir='ltr'><strong>sua</strong></span> <span class='ocrx_word' id='word_1_367' title='bbox 928 2167 1034 2206; x_wconf 83' lang='lat' dir='ltr'><strong>fede.</strong></span> <span class='ocrx_word' id='word_1_368' title='bbox 1106 2167 1202 2206; x_wconf 91' lang='lat' dir='ltr'><strong>Non</strong></span> <span class='ocrx_word' id='word_1_369' title='bbox 1233 2167 1255 2206; x_wconf 71' lang='grc' dir='ltr'>ὲ</span> <span class='ocrx_word' id='word_1_370' title='bbox 1281 2166 1346 2206; x_wconf 89' lang='grc'><strong>(181</strong></span> <span class='ocrx_word' id='word_1_371' title='bbox 1377 2181 1530 2222; x_wconf 83' lang='lat' dir='ltr'><strong>sangue</strong></span> <span class='ocrx_word' id='word_1_372' title='bbox 1555 2167 1637 2208; x_wconf 89' lang='lat' dir='ltr'><strong>deli</strong></span> 
     </span>
     <span class='ocr_line' id='line_1_37' title="bbox 176 2220 1632 2279; baseline 0.003 -20"><span class='ocrx_word' id='word_1_373' title='bbox 176 2220 387 2259; x_wconf 78' lang='lat' dir='ltr'><strong>Ottomani</strong></span> <span class='ocrx_word' id='word_1_374' title='bbox 403 2251 416 2271; x_wconf 90' lang='lat'><strong><em>,</em></strong></span> <span class='ocrx_word' id='word_1_375' title='bbox 449 2221 599 2274; x_wconf 76' lang='lat' dir='ltr'><strong>perche</strong></span> <span class='ocrx_word' id='word_1_376' title='bbox 626 2221 762 2275; x_wconf 84' lang='lat' dir='ltr'><strong>quello</strong></span> <span class='ocrx_word' id='word_1_377' title='bbox 792 2222 992 2273; x_wconf 81' lang='lat' dir='ltr'><strong>Mustafa‚</strong></span> <span class='ocrx_word' id='word_1_378' title='bbox 1018 2221 1190 2262; x_wconf 84' lang='lat' dir='ltr'><strong>fradello</strong></span> <span class='ocrx_word' id='word_1_379' title='bbox 1225 2221 1291 2262; x_wconf 88' lang='lat' dir='ltr'><strong>del</strong></span> <span class='ocrx_word' id='word_1_380' title='bbox 1323 2230 1466 2263; x_wconf 88' lang='lat' dir='ltr'><strong>nostro</strong></span> <span class='ocrx_word' id='word_1_381' title='bbox 1494 2225 1632 2279; x_wconf 86' lang='lat' dir='ltr'><strong>signo-</strong></span> 
     </span>
     <span class='ocr_line' id='line_1_38' title="bbox 172 2275 1633 2333; baseline 0.003 -19"><span class='ocrx_word' id='word_1_382' title='bbox 172 2288 248 2327; x_wconf 83' lang='lat' dir='ltr'><strong>re,</strong></span> <span class='ocrx_word' id='word_1_383' title='bbox 277 2275 385 2315; x_wconf 70' lang='lat' dir='ltr'><strong>mori</strong></span> <span class='ocrx_word' id='word_1_384' title='bbox 413 2276 561 2317; x_wconf 82' lang='lat' dir='ltr'><strong>siando</strong></span> <span class='ocrx_word' id='word_1_385' title='bbox 591 2277 748 2330; x_wconf 89' lang='lat' dir='ltr'><strong>piccolo</strong></span> <span class='ocrx_word' id='word_1_386' title='bbox 778 2291 953 2331; x_wconf 76' lang='lat' dir='ltr'><strong>gar-zone</strong></span> <span class='ocrx_word' id='word_1_387' title='bbox 972 2308 983 2328; x_wconf 89' lang='lat'>‚</span> <span class='ocrx_word' id='word_1_388' title='bbox 1021 2291 1135 2316; x_wconf 87' lang='lat' dir='ltr'><strong>come</strong></span> <span class='ocrx_word' id='word_1_389' title='bbox 1161 2278 1197 2317; x_wconf 93' lang='lat' dir='ltr'><strong>el</strong></span> <span class='ocrx_word' id='word_1_390' title='bbox 1224 2279 1360 2331; x_wconf 83' lang='lat' dir='ltr'><strong>signor</strong></span> <span class='ocrx_word' id='word_1_391' title='bbox 1390 2285 1530 2319; x_wconf 86' lang='lat' dir='ltr'><strong>nostro</strong></span> <span class='ocrx_word' id='word_1_392' title='bbox 1558 2279 1633 2333; x_wconf 65' lang='lat' dir='ltr'><strong>pin</strong></span> 
     </span>
     <span class='ocr_line' id='line_1_39' title="bbox 176 2329 1635 2386; baseline 0.003 -17"><span class='ocrx_word' id='word_1_393' title='bbox 176 2329 290 2370; x_wconf 84' lang='lat' dir='ltr'><strong>volte</strong></span> <span class='ocrx_word' id='word_1_394' title='bbox 316 2330 436 2371; x_wconf 89' lang='lat' dir='ltr'><strong>disse.</strong></span> <span class='ocrx_word' id='word_1_395' title='bbox 495 2333 653 2383; x_wconf 83' lang='lat' dir='ltr'><strong>Questo</strong></span> <span class='ocrx_word' id='word_1_396' title='bbox 678 2347 760 2371; x_wconf 88' lang='lat' dir='ltr'><strong>uno</strong></span> <span class='ocrx_word' id='word_1_397' title='bbox 789 2333 829 2372; x_wconf 89' lang='lat' dir='ltr'><strong>di</strong></span> <span class='ocrx_word' id='word_1_398' title='bbox 850 2334 886 2372; x_wconf 89' lang='lat' dir='ltr'>T</span> <span class='ocrx_word' id='word_1_399' title='bbox 892 2331 1006 2372; x_wconf 87' lang='lat' dir='ltr'><strong>urchi</strong></span> <span class='ocrx_word' id='word_1_400' title='bbox 1036 2333 1184 2386; x_wconf 83' lang='lat' dir='ltr'><strong>plebei.</strong></span> <span class='ocrx_word' id='word_1_401' title='bbox 1217 2332 1286 2372; x_wconf 85' lang='lat' dir='ltr'><strong>alli</strong></span> <span class='ocrx_word' id='word_1_402' title='bbox 1317 2334 1433 2373; x_wconf 90' lang='lat' dir='ltr'><strong>zorni</strong></span> <span class='ocrx_word' id='word_1_403' title='bbox 1463 2333 1529 2374; x_wconf 86' lang='lat' dir='ltr'><strong>del</strong></span> <span class='ocrx_word' id='word_1_404' title='bbox 1557 2334 1635 2374; x_wconf 91' lang='lat' dir='ltr'><strong>du-</strong></span> 
     </span>
     <span class='ocr_line' id='line_1_40' title="bbox 175 2387 1635 2444; baseline 0.003 -19"><span class='ocrx_word' id='word_1_405' title='bbox 175 2399 223 2425; x_wconf 81' lang='lat' dir='ltr'><strong>ca</strong></span> <span class='ocrx_word' id='word_1_406' title='bbox 270 2387 428 2434; x_wconf 85' lang='lat' dir='ltr'><strong>Moses,</strong></span> <span class='ocrx_word' id='word_1_407' title='bbox 463 2387 690 2427; x_wconf 85' lang='lat' dir='ltr'><strong>Hemanuel</strong></span> <span class='ocrx_word' id='word_1_408' title='bbox 731 2388 969 2442; x_wconf 83' lang='lat' dir='ltr'><strong>imperador</strong></span> <span class='ocrx_word' id='word_1_409' title='bbox 1012 2387 1067 2427; x_wconf 85' lang='lat' dir='ltr'><strong>ha</strong></span> <span class='ocrx_word' id='word_1_410' title='bbox 1109 2387 1324 2429; x_wconf 83' lang='lat' dir='ltr'><strong>sublevato</strong></span> <span class='ocrx_word' id='word_1_411' title='bbox 1351 2396 1491 2444; x_wconf 87' lang='lat' dir='ltr'><strong>questo</strong></span> <span class='ocrx_word' id='word_1_412' title='bbox 1519 2404 1635 2432; x_wconf 88' lang='lat' dir='ltr'><strong>come</strong></span> 
     </span>
     <span class='ocr_line' id='line_1_41' title="bbox 174 2439 1634 2497; baseline 0.004 -18"><span class='ocrx_word' id='word_1_413' title='bbox 174 2439 302 2494; x_wconf 81' lang='lat' dir='ltr'><strong>figliol</strong></span> <span class='ocrx_word' id='word_1_414' title='bbox 331 2441 382 2481; x_wconf 86' lang='lat' dir='ltr'><strong>de</strong></span> <span class='ocrx_word' id='word_1_415' title='bbox 408 2442 554 2482; x_wconf 81' lang='lat' dir='ltr'><strong>Eldrin</strong></span> <span class='ocrx_word' id='word_1_416' title='bbox 588 2443 755 2494; x_wconf 86' lang='lat' dir='ltr'><strong>Sultan,</strong></span> <span class='ocrx_word' id='word_1_417' title='bbox 787 2458 860 2496; x_wconf 83' lang='lat' dir='ltr'><strong>per</strong></span> <span class='ocrx_word' id='word_1_418' title='bbox 886 2444 949 2483; x_wconf 85' lang='lat' dir='ltr'><strong>far</strong></span> <span class='ocrx_word' id='word_1_419' title='bbox 977 2457 1106 2497; x_wconf 87' lang='lat' dir='ltr'><strong>paura</strong></span> <span class='ocrx_word' id='word_1_420' title='bbox 1136 2444 1173 2483; x_wconf 87' lang='lat' dir='ltr'><strong>al</strong></span> <span class='ocrx_word' id='word_1_421' title='bbox 1203 2443 1338 2485; x_wconf 80' lang='lat' dir='ltr'><strong>ducha</strong></span> <span class='ocrx_word' id='word_1_422' title='bbox 1369 2447 1518 2485; x_wconf 88' lang='lat' dir='ltr'><strong>Moses.</strong></span> <span class='ocrx_word' id='word_1_423' title='bbox 1546 2445 1634 2485; x_wconf 88' lang='lat' dir='ltr'><strong>Da·-</strong></span> 
     </span>
     <span class='ocr_line' id='line_1_42' title="bbox 177 2495 1633 2553; baseline 0.004 -19"><span class='ocrx_word' id='word_1_424' title='bbox 177 2495 251 2549; x_wconf 89' lang='lat' dir='ltr'><strong>poi</strong></span> <span class='ocrx_word' id='word_1_425' title='bbox 279 2503 426 2550; x_wconf 87' lang='lat' dir='ltr'><strong>questo</strong></span> <span class='ocrx_word' id='word_1_426' title='bbox 458 2497 723 2553; x_wconf 84' lang='lat' dir='ltr'><strong>inganatore‚</strong></span> <span class='ocrx_word' id='word_1_427' title='bbox 752 2500 859 2539; x_wconf 88' lang='lat' dir='ltr'><strong>visto</strong></span> <span class='ocrx_word' id='word_1_428' title='bbox 885 2499 959 2538; x_wconf 91' lang='grc'><strong>8118</strong></span> <span class='ocrx_word' id='word_1_429' title='bbox 990 2499 1031 2539; x_wconf 93' lang='grc'><strong>10</strong></span> <span class='ocrx_word' id='word_1_430' title='bbox 1059 2499 1315 2553; x_wconf 88' lang='lat' dir='ltr'><strong>imperadore</strong></span> <span class='ocrx_word' id='word_1_431' title='bbox 1343 2515 1383 2540; x_wconf 89' lang='lat' dir='ltr'><strong>se</strong></span> <span class='ocrx_word' id='word_1_432' title='bbox 1407 2501 1633 2541; x_wconf 74' lang='lat' dir='ltr'><strong>consederb</strong></span> 
     </span>
     <span class='ocr_line' id='line_1_43' title="bbox 177 2554 1631 2608; baseline 0.002 -18"><span class='ocrx_word' id='word_1_433' title='bbox 177 2564 255 2590; x_wconf 88' lang='lat' dir='ltr'><strong>con</strong></span> <span class='ocrx_word' id='word_1_434' title='bbox 283 2561 534 2594; x_wconf 77' lang='lat' dir='ltr'><strong>sacramento</strong></span> <span class='ocrx_word' id='word_1_435' title='bbox 563 2561 604 2594; x_wconf 87' lang='lat' dir='ltr'><strong>et</strong></span> <span class='ocrx_word' id='word_1_436' title='bbox 634 2554 789 2608; x_wconf 81' lang='lat' dir='ltr'><strong>grande</strong></span> <span class='ocrx_word' id='word_1_437' title='bbox 813 2554 988 2594; x_wconf 85' lang='lat' dir='ltr'><strong>amicitia</strong></span> <span class='ocrx_word' id='word_1_438' title='bbox 1019 2555 1084 2594; x_wconf 89' lang='lat' dir='ltr'><strong>col</strong></span> <span class='ocrx_word' id='word_1_439' title='bbox 1113 2555 1247 2595; x_wconf 88' lang='lat' dir='ltr'><strong>ducha</strong></span> <span class='ocrx_word' id='word_1_440' title='bbox 1267 2556 1522 2596; x_wconf 83' lang='lat' dir='ltr'><strong>Mechemeth</strong></span> <span class='ocrx_word' id='word_1_441' title='bbox 1554 2571 1631 2596; x_wconf 92' lang='lat' dir='ltr'><strong>no..</strong></span> 
     </span>
     <span class='ocr_line' id='line_1_44' title="bbox 177 2606 1633 2661; baseline 0.005 -16"><span class='ocrx_word' id='word_1_442' title='bbox 177 2612 261 2646; x_wconf 82' lang='lat' dir='ltr'><strong>stro</strong></span> <span class='ocrx_word' id='word_1_443' title='bbox 303 2606 490 2661; x_wconf 82' lang='lat' dir='ltr'><strong>signore,</strong></span> <span class='ocrx_word' id='word_1_444' title='bbox 535 2610 615 2648; x_wconf 62' lang='lat' dir='ltr'><strong>suzi</strong></span> <span class='ocrx_word' id='word_1_445' title='bbox 656 2617 697 2650; x_wconf 87' lang='lat' dir='ltr'><strong>et</strong></span> <span class='ocrx_word' id='word_1_446' title='bbox 724 2610 830 2649; x_wconf 86' lang='lat' dir='ltr'><strong>ando</strong></span> <span class='ocrx_word' id='word_1_447' title='bbox 868 2611 909 2649; x_wconf 90' lang='lat' dir='ltr'><strong>in</strong></span> <span class='ocrx_word' id='word_1_448' title='bbox 936 2609 1155 2660; x_wconf 85' lang='lat' dir='ltr'><strong>Vulachia,</strong></span> <span class='ocrx_word' id='word_1_449' title='bbox 1199 2612 1522 2652; x_wconf 87' lang='lat' dir='ltr'><strong>convinzendose</strong></span> <span class='ocrx_word' id='word_1_450' title='bbox 1551 2626 1633 2652; x_wconf 88' lang='lat' dir='ltr'><strong>con</strong></span> 
     </span>
     <span class='ocr_line' id='line_1_45' title="bbox 178 2659 1632 2719; baseline 0.004 -19"><span class='ocrx_word' id='word_1_451' title='bbox 178 2659 292 2700; x_wconf 86' lang='lat' dir='ltr'><strong>Milzi</strong></span> <span class='ocrx_word' id='word_1_452' title='bbox 313 2690 326 2713; x_wconf 91' lang='lat'>,</span> <span class='ocrx_word' id='word_1_453' title='bbox 355 2663 398 2702; x_wconf 86' lang='lat' dir='ltr'><strong>in</strong></span> <span class='ocrx_word' id='word_1_454' title='bbox 424 2663 518 2717; x_wconf 89' lang='lat' dir='ltr'><strong>quel</strong></span> <span class='ocrx_word' id='word_1_455' title='bbox 547 2672 686 2718; x_wconf 81' lang='lat' dir='ltr'><strong>tempo</strong></span> <span class='ocrx_word' id='word_1_456' title='bbox 714 2667 896 2719; x_wconf 87' lang='lat' dir='ltr'><strong>principe</strong></span> <span class='ocrx_word' id='word_1_457' title='bbox 932 2665 983 2704; x_wconf 86' lang='lat' dir='ltr'><strong>de</strong></span> <span class='ocrx_word' id='word_1_458' title='bbox 1014 2665 1202 2716; x_wconf 83' lang='lat' dir='ltr'><strong>Tribali,</strong></span> <span class='ocrx_word' id='word_1_459' title='bbox 1219 2667 1403 2707; x_wconf 71' lang='lat' dir='ltr'><strong>&#39;dicendo</strong></span> <span class='ocrx_word' id='word_1_460' title='bbox 1434 2667 1493 2707; x_wconf 93' lang='lat' dir='ltr'><strong>lui</strong></span> <span class='ocrx_word' id='word_1_461' title='bbox 1523 2681 1632 2708; x_wconf 87' lang='lat' dir='ltr'><strong>esser</strong></span> 
     </span>
     <span class='ocr_line' id='line_1_46' title="bbox 178 2715 1632 2776; baseline 0.005 -21"><span class='ocrx_word' id='word_1_462' title='bbox 178 2715 300 2769; x_wconf 83' lang='lat' dir='ltr'><strong>figliol</strong></span> <span class='ocrx_word' id='word_1_463' title='bbox 345 2718 399 2758; x_wconf 88' lang='lat' dir='ltr'><strong>de</strong></span> <span class='ocrx_word' id='word_1_464' title='bbox 437 2719 563 2758; x_wconf 82' lang='lat' dir='ltr'><strong>lldrin</strong></span> <span class='ocrx_word' id='word_1_465' title='bbox 596 2721 788 2762; x_wconf 77' lang='lat' dir='ltr'><strong>Paiasith.</strong></span> <span class='ocrx_word' id='word_1_466' title='bbox 856 2722 919 2760; x_wconf 91' lang='lat' dir='ltr'><strong>De</strong></span> <span class='ocrx_word' id='word_1_467' title='bbox 949 2721 1149 2761; x_wconf 82' lang='lat' dir='ltr'><strong>Vulachia</strong></span> <span class='ocrx_word' id='word_1_468' title='bbox 1179 2723 1281 2774; x_wconf 86' lang='lat' dir='ltr'><strong>poi,</strong></span> <span class='ocrx_word' id='word_1_469' title='bbox 1311 2737 1389 2763; x_wconf 88' lang='grc'><strong>8011</strong></span> <span class='ocrx_word' id='word_1_470' title='bbox 1422 2723 1559 2776; x_wconf 85' lang='lat' dir='ltr'><strong>pocho</strong></span> <span class='ocrx_word' id='word_1_471' title='bbox 1590 2728 1632 2762; x_wconf 83' lang='lat' dir='ltr'><strong>et</strong></span> 
     </span>
     <span class='ocr_line' id='line_1_47' title="bbox 179 2771 1631 2832; baseline 0.003 -19"><span class='ocrx_word' id='word_1_472' title='bbox 179 2771 411 2815; x_wconf 84' lang='lat' dir='ltr'><strong>mendicato</strong></span> <span class='ocrx_word' id='word_1_473' title='bbox 442 2774 591 2816; x_wconf 83' lang='lat' dir='ltr'><strong>auxilio</strong></span> <span class='ocrx_word' id='word_1_474' title='bbox 612 2806 624 2830; x_wconf 86' lang='lat'>‚</span> <span class='ocrx_word' id='word_1_475' title='bbox 660 2790 792 2818; x_wconf 86' lang='lat' dir='ltr'><strong>venne</strong></span> <span class='ocrx_word' id='word_1_476' title='bbox 819 2778 861 2818; x_wconf 90' lang='lat' dir='ltr'><strong>in</strong></span> <span class='ocrx_word' id='word_1_477' title='bbox 891 2778 927 2818; x_wconf 86' lang='lat' dir='ltr'><strong>le</strong></span> <span class='ocrx_word' id='word_1_478' title='bbox 956 2785 1069 2832; x_wconf 81' lang='lat' dir='ltr'><strong>parte</strong></span> <span class='ocrx_word' id='word_1_479' title='bbox 1097 2777 1146 2818; x_wconf 86' lang='lat' dir='ltr'><strong>de</strong></span> <span class='ocrx_word' id='word_1_480' title='bbox 1175 2778 1362 2820; x_wconf 80' lang='lat' dir='ltr'><strong>Thetalia</strong></span> <span class='ocrx_word' id='word_1_481' title='bbox 1393 2774 1507 2820; x_wconf 79' lang='lat' dir='ltr'><strong>come</strong></span> <span class='ocrx_word' id='word_1_482' title='bbox 1537 2777 1631 2818; x_wconf 79' lang='lat' dir='ltr'><strong>rob-</strong></span> 
     </span>
    </p>
   </div>
   <div class='ocr_carea' id='block_1_3' title="bbox 0 0 95 1101">
    <p class='ocr_par' dir='ltr' id='par_1_3' title="bbox 0 0 95 1101">
     <span class='ocr_line' id='line_1_48' title="bbox 0 0 95 1101; baseline 0 0"><span class='ocrx_word' id='word_1_483' title='bbox 0 0 95 1101; x_wconf 95' lang='lat' dir='ltr'><strong> </strong></span> 
     </span>
    </p>
   </div>
   <div class='ocr_carea' id='block_1_4' title="bbox 0 1209 18 1482">
    <p class='ocr_par' dir='ltr' id='par_1_4' title="bbox 0 1209 18 1482">
     <span class='ocr_line' id='line_1_49' title="bbox 0 1209 18 1344; baseline 0 -22"><span class='ocrx_word' id='word_1_484' title='bbox 0 1209 18 1344; x_wconf 66' lang='grc' dir='ltr'><strong>Ξ,</strong></span> 
     </span>
     <span class='ocr_line' id='line_1_50' title="bbox 0 1345 14 1412; baseline 0 -2"><span class='ocrx_word' id='word_1_485' title='bbox 0 1345 14 1412; x_wconf 59' lang='lat'>5</span> 
     </span>
     <span class='ocr_line' id='line_1_51' title="bbox 0 1414 15 1482; baseline 0 -8"><span class='ocrx_word' id='word_1_486' title='bbox 0 1414 15 1482; x_wconf 62' lang='lat'><em>÷</em></span> 
     </span>
    </p>
   </div>
  </div>
 </body>
</html>
