1904 3198
338 177 411 234 62
679 195 863 254 DUCAF.
897 195 1184 259 meamus
1217 197 1442 243 NEPOTIS

335 298 464 353 μέρη,
493 298 567 339 καὶ
591 296 665 352 τήν
690 297 1001 340 Καππαδοκίαν
1028 296 1210 339 διελθών
1240 298 1318 340 σὺν
1346 299 1476 355 πολλῇ
1503 302 1782 356 areanorum*

335 366 383 406 ἐκ
409 363 491 405 τῶν
514 362 747 417 Ἀρμενίων
773 364 853 404 ούκ
897 358 1062 416 ὂλίγους
1090 363 1350 419 παραλαβών
1380 362 1488 420 πρὸς
1513 363 1567 407 τὰ
1595 365 1781 409 τῶν-Γω-

335 431 475 472 aaran
505 430 615 484 μέρη
643 430 834 485 α’φίκετο,
862 425 1042 482 στρατὸν
1068 426 1177 482 ἔχων
1203 429 1260 479 ὥς
1290 427 1315 471 ὅ
1342 431 1441 473 ποτὲ
1469 427 1629 486 ,Ξέρξης
1652 433 1783 473 πολύ-

335 496 588 549 αριθμητσν.
645 493 667 536 ὅ
698 496 745 536 δὲ
771 491 994 548 Παγιαζὴτ
1027 496 1100 536 καί
1127 494 1256 546 αὐτὸς
1283 497 1423 539 πᾶσαν
1449 493 1651 550 στρατιὰν
1681 510 1787 541 συνῆ

335 556 438 610 ἄξας
489 559 699 617 Θρᾳκικήν
749 574 793 600 τε
845 559 918 599 καί
965 558 1207 616 α’νατολικῆν
1260 563 1332 604 καί
1389 558 1600 604 νεόλεκτον
1654 554 1820 605 ἅλλονό

334 622 536 679 στρατόν,
581 627 655 666 καί
690 622 762 666 τὸν
799 626 956 676 Σέρβον
1013 622 1123 678 ἔχων
1168 623 1278 678 ὁμοῦ
1330 629 1548 683 Στέφανον
1598 624 1667 669 τὸν
1706 627 1784 669 τοῦ

290 688 541 745 ΒΛαζάρου
569 687 663 731 υἱὸν
704 689 785 731 σὺν
823 689 1074 746 δορυφόροις
1113 692 1355 746 πλείστοις,
1397 694 1547 749 ἐξῆλθε
1588 692 1664 735 καὶ
1700 693 1782 735 αὖ·

333 754 404 805 τὸς
441 754 714 810 συναντήσων
755 755 814 811 τῷ
857 755 1015 811 Τεμύρ.
1081 756 1138 806 ὥς
1184 759 1230 799 δὲ
1260 757 1332 800 καί
1373 757 1502 808 αὐτὸς
1539 760 1783 814 προσέγγισε

333 827 423 871 τοῖς
448 824 596 876 μέρεσι
625 821 862 872 Γαλατίας,
892 819 1051 874 ἔμαθεν
1086 819 1149 865 ὅτι
1180 822 1321 880 Τεμύρ
1351 825 1396 866 ἐν
1418 822 1602 881 Ἀγκύρᾳ
1634 826 1688 882 τῇ
1707 823 1783 866 πό-

332 891 398 929 λει
422 886 640 942 πληκεύων
667 882 735 941 ἦν.
774 886 942 941 ἐγγίσας
971 888 1018 928 δὲ
1046 887 1233 937 κάκεῖνος
1263 890 1452 944 πλησίον,
1479 888 1555 932 καὶ
1578 888 1662 940 τοὶςΙ
1682 905 1782 945 σκη-
1799 906 1847 932 ιο

332 953 407 1002 νὰς
434 951 567 1007 πήξας
592 953 638 994 ἐν
665 954 780 1010 μέσῳ
811 954 888 995 τοῦ
917 952 1086 1006 κάμπου
1115 956 1288 1010 πλησίον
1321 956 1554 1010 Ἀγκύρας,
1599 952 1688 1010 εἶχε
1712 955 1787 1002 καί

331 1015 406 1060 τὸν
450 1015 635 1071 ποταμὸν
667 1019 956 1074 εύθυροοῢντα
991 1020 1064 1061 καί
1100 1017 1146 1061 τὸ
1176 1016 1351 1073 πότιμον
1379 1016 1496 1076 ὕδωρ
1527 1019 1600 1063 διά
1627 1035 1679 1063 τε
1706 1020 1785 1076 τήν

329 1086 481 1138 χρείαν
517 1086 598 1125 τοῦ
628 1086 814 1139 στρατοῦ
841 1086 914 1127 καί
949 1087 1032 1126 τῶν
1060 1084 1200 1128 ἵππων
1237 1087 1310 1128 καί
1334 1085 1471 1142 πάσης
1500 1088 1574 1142 τῆς
1594 1085 1784 1143 παρατά-

332 1153 453 1200 ξεως·
511 1147 533 1190 ὅ
576 1151 625 1192 δὲ
658 1149 801 1206 Τεμύρ
842 1145 894 1206 ἦν
924 1152 1047 1193 οἰκῶν
1074 1152 1121 1193 ἐν
1154 1149 1320 1210 ἀνύδρῳ
1346 1154 1414 1209 γῇ.
1469 1151 1577 1208 πλὴν
1608 1153 1654 1195 τί
1675 1153 1785 1207 γίνε-

331 1231 432 1267 ται,·
469 1213 627 1258 κελεύει
668 1212 690 1256 ὅ
723 1215 953 1272 Παγιαζῆτ
997 1217 1218 1266 διαλαλιάς
1263 1217 1459 1272 γενέσθαι
1496 1219 1542 1261 ἐν
1567 1212 1682 1278 μέσῳ
1708 1220 1786 1265 τοῦ,
1801 1219 1849 1261 15

225 1289 262 1324 Ρ.
276 1290 320 1336 34
334 1280 531 1336 φωσάτου
570 1282 623 1337 τῇ
663 1278 840 1339 ἐπιούσῃ
876 1282 1061 1333 ἐξελθεῖν
1089 1278 1274 1332 ἅπαντας
1300 1282 1345 1325 ἐν
1370 1285 1610 1343 κυνηγεσιζο.
1663 1287 1786 1341 ἐξῆλ-

333 1349 410 1388 θεν
440 1341 514 1387 οὖν
553 1344 634 1387 σύν
660 1345 787 1387 παντί
810 1348 870 1403 τῷ
895 1344 1175 1402 στρατεύματι
1220 1354 1331 1405 τρεῖς
1368 1346 1529 1405 ἡμέρας
1556 1353 1787 1406 κυνηγετῶν

218 1417 260 1451 V.
277 1429 319 1464 ²7
334 1414 406 1453 καί
444 1411 631 1468 ἐλάφους
677 1411 856 1455 διώκων.
920 1413 943 1454 ὅ
973 1414 1020 1454 δὲ
1054 1412 1193 1470 Τεμύρ
1224 1412 1408 1465 ἀναστάς
1436 1415 1519 1457 α’πό
1550 1418 1625 1458 τοῦ
1651 1416 1785 1459 τόπου

333 1471 386 1518 οὗ
423 1472 504 1531 ἦν,
547 1473 661 1532 ἦλθε
697 1479 771 1520 καί
805 1475 1038 1534 ἐσκήνωσεν
1082 1481 1128 1522 ἐν
1156 1485 1249 1529 ταῖς
1277 1473 1432 1534 ὄχθαις
1459 1483 1535 1523 τοῦ
1562 1485 1752 1536 ποταμοῦ
1769 1516 1783 1536 ,

332 1537 437 1583 ὅπου
466 1541 646 1598 ἐκάθητο
676 1541 820 1599 πρώην
859 1541 881 1584 ὅ
911 1546 1151 1599 Παγιαζήτ.
1218 1540 1370 1597 ὕδατος
1397 1549 1542 1590 τοίνυν
1566 1549 1786 1600 σπανίζον-
1797 1564 1850 1591 20

331 1622 432 1658 τος,
480 1607 575 1651 ἐπεὶ
612 1609 686 1651 καί
712 1609 737 1651 ὅ
779 1607 896 1665 ἥλιος
939 1612 984 1652 ἐν
1008 1613 1068 1668 τῷ
1094 1613 1227 1653 λέοντι
1272 1611 1345 1668 τὴν
1371 1615 1545 1668 πορείαν
1571 1614 1729 1663 ἐποίει,
1761 1613 1784 1656 ὅ

335 1672 476 1727 Τεμῦρ
508 1672 585 1716 ούκ
612 1675 831 1731 ἐφρόντιζε
860 1678 984 1718 πλέον
1014 1679 1115 1732 περί
1131 1677 1400 1733 ὑδροποσίας·
1453 1679 1545 1721 ἀλλ’
1574 1677 1785 1733 ὃΠαγια-

333 1737 410 1794 ζητ
437 1740 814 1794 α’λαζονευόμενος,
856 1744 930 1784 καί
953 1740 1238 1797 ὑπεροπτικῶς
1265 1744 1466 1787 δεικνύων
1491 1743 1569 1799 τὴν
1596 1749 1784 1799 συμπλο-

330 1803 407 1860 κὴν
438 1808 514 1847 τοῦ
534 1805 689 1862 Τεμύρ,
718 1805 773 1856 ὥς
800 1809 846 1850 ἐκ
875 1810 1070 1863 δευτέρου
1091 1807 1216 1863 λόγου
1245 1811 1462 1866 προσέχων
1489 1811 1634 1868 αὐτὴν,
1661 1811 1784 1867 ἐνήρ-

332 1928 458 1962 agmen
471 1927 714 1959 numerosum,
729 1918 888 1964 indeque
902 1920 940 1952 in
951 1919 1131 1953 Galatiam
1143 1921 1243 1954 venit
1256 1921 1451 1955 exercitum
1464 1919 1598 1957 <lucens
1615 1923 1660 1964 ei,
1675 1935 1784 1969 quem

330 1965 463 1998 Xerxes
481 1964 569 1997 olim
580 1965 803 2009 conseripsit,
822 1966 1057 2000 multitudine
1075 1977 1208 2011 parem.
1223 1968 1397 2002 Baiazites
1414 1979 1499 2002 vero
1514 1981 1592 2003 cum
1607 1970 1784 2005 universis

331 2011 446 2055 copiis
481 2011 670 2052 Thraciis,
698 2017 734 2044 et
770 2013 1010 2046 orientalibus
1035 2014 1142 2046 simul
1178 2014 1361 2057 collectis,
1386 2026 1555 2062 novoque
1579 2018 1782 2063 conscripto

329 2058 447 2092 milite
474 2063 511 2090 et
538 2058 775 2091 auxiliaribus
791 2059 995 2093 Serviorum
1019 2059 1242 2094 hastatorum
1266 2061 1488 2104 cohortibus,
1514 2075 1603 2109 quas
1627 2063 1784 2098 ducebat

330 2105 455 2138 Lazari
478 2105 574 2138 filius
597 2105 824 2150 Stephanus,
863 2107 1008 2150 Temyri
1046 2107 1189 2140 obviam
1212 2110 1396 2152 processit.
1424 2121 1577 2156 cumque
1601 2110 1648 2143 ad
1673 2111 1783 2145 Gala-

330 2152 404 2184 tiae
433 2151 567 2184 limites
586 2153 830 2196 pervenisset,
867 2154 999 2187 certior
1020 2153 1135 2187 factus
1161 2160 1216 2188 est
1239 2156 1429 2200 Temyrem
1454 2156 1500 2189 ad
1521 2158 1695 2200 Ancyram
1723 2170 1782 2192 ca-

331 2203 403 2231 stra
431 2198 575 2230 habere.
618 2200 814 2232 exercitum
842 2199 966 2245 itaque
1004 2211 1116 2245 prope
1152 2200 1340 2244 admovet,
1376 2203 1573 2248 castrisque
1599 2204 1639 2236 in
1659 2205 1782 2238 medio

331 2255 457 2289 campo
479 2245 639 2287 Ancyrae
665 2246 784 2279 vicino
821 2247 1006 2280 collocatis
1039 2247 1187 2280 fluvium
1217 2249 1296 2282 illic
1320 2250 1477 2283 vicinum
1509 2250 1693 2284 labentem
1716 2252 1783 2286 ha-

331 2291 425 2331 buit,
451 2291 758 2338 aquationemque
771 2293 914 2327 facilem
942 2300 979 2327 et
997 2294 1218 2327 commodam
1239 2296 1404 2330 universo
1425 2297 1598 2330 exercitui
1615 2303 1652 2331 et
1665 2300 1781 2344 equis,

332 2349 412 2371 cum
435 2338 566 2380 Temyr
588 2338 667 2371 loca
692 2339 792 2373 arida
821 2346 858 2374 et
878 2342 982 2386 aquis
1003 2342 1160 2374 carentia
1186 2347 1487 2376 teneretsverum
1516 2343 1606 2388 quid
1622 2346 1781 2380 accidit?

331 2384 437 2418 iubet
460 2384 635 2417 Baiazites
658 2386 696 2419 in
729 2388 854 2420 castris
884 2388 1041 2420 edictum
1062 2388 1303 2433 promulgari,
1326 2394 1367 2422 ut
1386 2389 1563 2434 postridie
1589 2402 1712 2426 omnes
1735 2393 1782 2426 ad

330 2431 561 2465 venationem
584 2432 733 2465 exirent.
759 2445 839 2466 cum
878 2435 1044 2468 universo
1074 2435 1196 2480 itaque
1221 2436 1379 2469 exercitu
1401 2447 1466 2481 per
1489 2437 1650 2472 triduum
1671 2450 1781 2473 vena-

330 2478 425 2511 tioni
450 2488 635 2510 cervorum
671 2490 816 2523 operam
854 2481 980 2523 ‹ledit3
1009 2493 1080 2526 quo
1111 2483 1282 2526 temporis
1321 2484 1459 2527 spatio,
1497 2495 1604 2528 quem
1631 2487 1782 2520 tenebat

331 2525 473 2565 locum,
498 2523 632 2558 deserit
655 2525 787 2570 Temyr
813 2532 849 2560 et
873 2534 986 2561 castra
1008 2534 1151 2570 movet,
1177 2529 1288 2574 inque
1315 2529 1472 2563 fluminis
1498 2530 1595 2564 locat
1619 2533 1716 2578 ripa,
1742 2534 1780 2566 in

332 2583 404 2615 qua
429 2570 603 2604 Baiazites
628 2572 746 2616 pridie
778 2575 1000 2609 consederat.
1027 2586 1143 2620 aquae
1161 2581 1247 2608 tunc
1271 2577 1423 2620 penuria
1451 2583 1547 2611 erat:
1571 2579 1670 2623 quod
1693 2581 1779 2613 anui

329 2623 472 2662 tempus
518 2623 683 2662 ageretur
723 2631 795 2664 quo
830 2622 969 2665 siguum
1010 2622 1126 2654 leonis
1163 2622 1217 2654 sol
1254 2629 1434 2666 permeat3
1471 2635 1540 2657 nec
1577 2630 1699 2659 tamen
1733 2626 1778 2659 de

331 2665 528 2709 aquatione
555 2664 687 2708 Temyr
710 2667 863 2711 amplius
888 2669 958 2702 fuit
984 2669 1171 2702 sollicitus.
1194 2680 1315 2701 verum
1340 2671 1514 2704 Baiazites
1537 2683 1628 2705 vane
1654 2684 1778 2717 super-

330 2711 459 2751 biens,
493 2712 685 2745 venatione
720 2718 860 2758 tempus
901 2715 1053 2748 terendo
1088 2714 1358 2749 demonstrabat
1392 2723 1620 2751 contemnere
1664 2731 1700 2752 se
1743 2724 1780 2752 et

332 2758 414 2792 aliis
441 2757 549 2792 rebus
573 2758 791 2804 posthabere
815 2772 968 2807 pugnam
985 2787 995 2804 ,
1021 2763 1050 2796 si
1075 2773 1155 2795 cum
1181 2762 1333 2807 Temyre
1357 2763 1517 2798 ineunda
1542 2771 1658 2809 esset3
1681 2765 1778 2799 unde
