1916 3210
423 209 642 280 runca
679 211 1016 255 mma-pam
1052 210 1307 255 menam.
1474 190 1588 267 393

134 316 324 372 Epheso,
353 315 393 358 01
417 315 618 357 Cnmman
648 330 726 357 eon
754 316 918 358 hument
945 317 1091 358 armati
1117 317 1245 357 XXX
1275 314 1402 368 milia,
1433 315 1592 355 010111·-

135 375 355 414 nui-neon
382 373 427 412 X.
452 371 589 425 milia,
617 371 765 413 zenait
788 387 866 413 con
895 373 933 412 V
961 373 1086 418 milia.
1141 371 1375 412 Musutman
1406 370 1591 411 davala-a

135 435 256 484 porto
295 427 349 468 d·
376 426 526 469 Prusia
570 426 679 467 ando
719 442 743 468 a
773 428 983 482 Lupadio,
1023 428 1131 469 dove
1173 426 1280 467 facto
1322 425 1360 466 01
1389 440 1511 466 censo
1538 426 1592 466 de

136 482 278 525 tutto’l
312 496 390 525 suo
426 482 608 524 exercito
647 483 794 524 sorono
834 484 987 524 trovati
1025 483 1181 524 homini
1207 483 1289 523 fine
1312 481 1433 522 XXV
1462 481 1651 527 milia-85

135 539 196 580 Et
223 537 442 579 levandose
473 537 527 578 da
553 538 767 593 Lupadio,
811 553 947 580 venne
978 554 1002 579 a
1039 540 1241 592 Pergamo
1272 537 1341 578 nel
1370 551 1515 592 campo
1542 537 1594 578 de

135 595 412 646 Memmeno,
439 599 484 634 et
512 593 564 634 de
591 594 619 635 l'1
648 608 781 634 venne
805 609 830 635 a
856 608 1003 648 campo
1029 595 1091 636 ale
1110 595 1288 635 Smirne.
1348 593 1595 633 111105οΜοὲ

135 649 296 690 salman
340 649 381 690 la
429 649 709 691 conventione
754 657 819 690 tra
860 650 1076 700 caraman,
1119 650 1310 690 Carmian
1338 654 1382 689 et
1420 648 1591 698 Zanait,

135 710 263 746 nette
285 702 483 760 aiquanto
511 718 698 760 suspeso:
729 721 807 760 pur
835 706 941 761 parti
974 705 1066 746 dale
1078 705 1239 745 Smirne
1271 711 1311 744 et
1339 718 1469 744 venne
1495 718 1594 744 ver..

134 773 185 801 ao
208 759 404 814 Epheso,
449 761 640 814 ponendo
679 760 716 801 el
758 776 834 802 suo
875 775 1021 815 campo
1068 761 1118 802 ad
1156 775 1212 801 un
1253 758 1347 800 loco
1391 759 1596 800 chiamato

134 816 386 864 Mantinon,
427 815 599 856 facendo
643 817 787 857 ficcare
818 816 845 856 Ιί
872 817 936 857 soi
959 816 1184 871 paviglioni
1210 815 1334 870 spessi
1362 820 1405 855 et
1433 816 1595 863 sti-etth

134 876 181 912 et
210 870 300 912 fece
325 871 389 912 far
416 870 454 912 le
476 871 586 912 fosse
616 872 782 912 intorno
813 871 851 911 al
888 886 1034 927 campo
1061 878 1102 912 et
1126 873 1236 913 levar
1265 871 1301 911 01
1327 877 1498 910 terreno
1514 899 1526 922 ,
1555 877 1597 912 et

137 925 187 967 in
211 941 328 967 mezo
358 940 403 967 se
430 927 542 967 serro
571 927 638 967 001
666 942 741 968 suo
772 928 957 968 exercito
974 958 984 976 ,
1017 932 1308 968 castrametato
1334 928 1391 966 sei
1415 925 1519 966 hore
1545 925 1597 966 de

134 981 301 1023 cumino
330 983 505 1023 lontano
529 983 589 1022 da
611 982 777 1037 Epheso
806 989 849 1023 et
877 983 974 1023 dalli
1004 985 1138 1037 campi
1167 981 1258 1023 dela
1286 988 1402 1036 parte
1429 989 1598 1021 contra-

136 1037 202 1079 ria
214 1066 233 1087 ,
262 1037 303 1078 la
331 1037 452 1093 quale
480 1052 555 1092 per
580 1052 713 1092 paura
738 1052 824 1078 non
853 1053 975 1080 osava
1005 1039 1120 1079 venir
1149 1053 1173 1079 a
1200 1044 1344 1078 trovar
1371 1036 1598 1077 Musulma..

138 1106 226 1146 ”03
264 1093 317 1134 110
344 1093 608 1133 Musulmano
650 1108 723 1148 per
760 1095 799 1134 la
838 1094 1061 1148 inequalita
1102 1108 1188 1134 non
1234 1093 1392 1132 andava
1437 1107 1461 1132 a
1487 1092 1598 1136 loro.

134 1147 294 1189 Stando
318 1147 427 1188 l’una
453 1156 495 1189 et
522 1149 659 1189 l’altra
689 1156 811 1204 parte
838 1150 1019 1204 ambigui
1047 1150 1152 1190 infra
1167 1150 1196 1189 li
1223 1149 1285 1188 soi
1305 1147 1484 1200 termini,
1512 1162 1597 1188 uno

133 1203 364 1245 secretario
392 1204 446 1245 de
475 1205 712 1245 Musulman
738 1212 1028 1245 secretamente
1048 1204 1156 1244 ando
1181 1203 1231 1245 ad
1251 1211 1392 1243 trovar
1424 1204 1598 1255 Zenait,

135 1259 418 1300 mom-andesc
442 1274 520 1300 suo
549 1261 711 1311 amico,
739 1260 770 1300 li
798 1260 885 1300 fece
914 1261 1150 1309 intendere,
1183 1273 1299 1299 come
1327 1259 1528 1298 Can-aman
1558 1264 1600 1300 et

135 1314 332 1356 carmina
362 1328 408 1356 se
429 1329 536 1356 sono
565 1315 776 1356 accordati
809 1330 888 1356 con
918 1315 1193 1366 Musulmano,
1221 1320 1262 1354 et
1293 1312 1467 1353 hannoli
1494 1327 1599 1367 pro-

136 1383 270 1411 moeso
298 1376 443 1425 questa
471 1377 596 1411 noete
620 1371 726 1411 darli
766 1385 854 1411 esso
883 1372 1026 1411 Zenait
1054 1369 1182 1424 ligato
1215 1369 1257 1408 in
1287 1369 1324 1408 le
1350 1383 1423 1409 sue
1450 1383 1597 1420 mane,

135 1431 183 1467 et
206 1425 295 1466 coni
329 1425 468 1466 hanno
511 1426 619 1467 sacta
676 1440 749 1467 ace
777 1431 819 1466 et
860 1426 1042 1466 amicitia
1069 1433 1137 1466 tra
1167 1425 1279 1465 loro.
1337 1424 1392 1464 Et
1418 1423 1529 1478 dapo
1559 1424 1599 1465 la

135 1489 211 1522 tua
249 1480 448 1536 captivit&
489 1480 518 1521 li
561 1481 641 1522 duc
674 1482 686 1522 i
727 1481 915 1522 cadauno
964 1482 1005 1521 in
1053 1495 1154 1536 pace
1177 1487 1432 1520 tornaranno
1464 1479 1502 1519 al
1523 1494 1599 1520 suo

170 1537 392 1592 rincipato.
451 1535 673 1577 Habiando
703 1537 835 1577 inteso
861 1544 1002 1591 queste
1029 1551 1150 1584 cose,
1182 1536 1353 1585 Zenait‚
1385 1535 1603 1589 vegnando

137 1550 181 1632 iia
221 1605 338 1644 sera,
375 1592 461 1632 fece
503 1592 567 1632 far
607 1592 767 1646 grande
805 1592 1001 1633 luminari
1045 1599 1087 1633 et
1114 1591 1226 1632 sochi
1254 1605 1329 1646 per
1357 1590 1496 1632 tutto'l
1526 1606 1602 1631 suo

137 1661 303 1702 eampo.
370 1646 429 1688 Et
461 1647 521 1688 lui
547 1648 646 1688 tolti
691 1662 773 1688 con
801 1662 894 1688 seco
925 1648 954 1688 li
983 1646 1057 1703 pii1
1084 1646 1214 1702 presti
1242 1647 1412 1697 cavalli,
1443 1646 1551 1687 ando
1580 1662 1603 1687 a

137 1701 326 1744 Peinsith
352 1717 430 1744 suo
469 1703 666 1753 fratello,
710 1702 748 1744 el
779 1703 901 1758 quale
930 1718 1000 1744 era
1032 1709 1305 1758 governatore
1334 1701 1404 1742 1101
1432 1702 1602 1743 castello

139 1758 195 1798 de
221 1758 387 1812 Epheso
411 1772 424 1810 3
472 1758 510 1799 al
550 1758 671 1814 quale
705 1759 1007 1799 minutamente
1047 1758 1172 1799 narro
1200 1765 1308 1799 tutte
1336 1757 1377 1798 le
1403 1772 1498 1798 cose
1526 1758 1602 1798 che

136 1811 200 1853 lui
228 1827 357 1853 erano
386 1819 493 1855 state
520 1815 741 1864 notificate,
771 1820 814 1854 et
843 1814 1118 1855 ricomandoli
1142 1814 1182 1854 la
1208 1813 1383 1868 guardia
1411 1813 1517 1853 della
1538 1813 1600 1852 ci-

138 1870 183 1909 ta
213 1868 295 1908 fine
333 1867 397 1908 ala
438 1869 608 1909 matina.
665 1870 770 1909 Esso
799 1883 878 1909 con
906 1869 941 1909 el
973 1876 1082 1910 resto
1107 1869 1150 1909 di
1176 1869 1238 1909 soi
1264 1868 1414 1908 soldati
1441 1869 1547 1908 ando
1578 1876 1658 1910 1186

139 1921 425 1964 Musulmano.
481 1924 598 1964 Circa
627 1923 668 1963 la
694 1939 806 1964 meza
834 1932 959 1964 nocte
987 1926 1025 1964 le
1052 1925 1224 1978 guardie
1250 1923 1302 1964 de
1329 1924 1529 1964 caraman
1558 1930 1602 1964 et

138 1978 194 2019 dc
219 1979 408 2019 Carmian
431 2007 443 2029 ,
491 1979 530 2019 le
562 1980 683 2034 quale
712 1979 927 2019 andavano
957 1979 1192 2020 revedendo
1222 1978 1261 2018 le
1289 1980 1463 2019 statione
1489 1979 1600 2018 mili-

138 2040 258 2086 tare,
285 2047 466 2074 venneto
498 2034 567 2074 alli
595 2034 818 2089 paviglioni
845 2034 898 2074 de
927 2035 1102 2086 Zenait,
1129 2041 1172 2074 et
1196 2033 1313 2074 nullo
1342 2034 1385 2073 fo
1412 2040 1598 2075 trovato.

139 2090 288 2129 Zenait
316 2096 578 2138 veramente,
610 2090 823 2144 vegnando
854 2089 974 2130 l'alba
1000 2090 1067 2130 del
1093 2104 1217 2130 zorno
1248 2097 1458 2144 seguente,
1492 2089 1601 2130 colla

137 2144 267 2184 corda
303 2146 466 2185 avincta
504 2146 672 2186 intorno
712 2145 750 2185 al
779 2144 887 2185 00110
919 2159 1052 2186 venne
1082 2144 1162 2184 alla
1190 2146 1394 2199 presentia
1422 2144 1473 2185 de
1501 2146 1600 2185 Mu-

137 2199 327 2252 sulman,
357 2201 585 2254 pianzendo
614 2207 656 2241 et
685 2199 887 2241 dicendo:
918 2200 1071 2255 Signor
1099 2202 1210 2250 mio,
1252 2200 1293 2240 io
1323 2200 1379 2240 ho
1408 2207 1599 2254 peccato3

137 2269 244 2296 sono
280 2269 353 2295 reo
384 2255 493 2295 delia
522 2263 675 2296 morte.
709 2257 748 2295 fa
777 2255 820 2295 di
850 2270 914 2295 me
942 2255 1040 2311 quel
1068 2255 1144 2296 che
1172 2261 1214 2296 te
1242 2255 1377 2310 piace.
1407 2270 1504 2297 ceco
1534 2271 1600 2297 me

136 2309 248 2350 colla
272 2310 400 2351 corda
429 2310 468 2350 al
497 2311 624 2352 collo.
655 2326 727 2351 son
755 2311 942 2351 subiecto
973 2311 1037 2351 ala
1059 2326 1178 2365 pena.
1239 2311 1485 2360 Musulman‚
1522 2325 1598 2353 ve-
1634 2340 1637 2341 ν

140 2366 245 2406 duta
272 2365 312 2406 la
338 2365 527 2407 humilita
556 2374 600 2408 et
627 2366 853 2421 penitentia
881 2367 933 2407 de
962 2367 1130 2416 Zenait,
1161 2380 1203 2407 se
1231 2381 1365 2406 mosse
1394 2367 1445 2407 ad
1475 2367 1599 2408 mise-

139 2420 327 2462 ricordia
357 2421 474 2462 iuver
501 2423 543 2462 di
575 2422 740 2478 quello,
783 2430 823 2462 et
850 2421 1145 2463 remectendoli
1175 2422 1212 2462 01
1243 2436 1468 2463 commesso
1498 2438 1597 2477 pec-

138 2483 260 2528 cato,
294 2476 340 2517 lu
386 2479 489 2518 vesti
526 2477 576 2518 de
604 2478 778 2518 biancha
818 2485 946 2518 vesta.
1004 2477 1084 2518 Poi
1115 2477 1151 2519 el
1180 2477 1386 2518 domandb
1414 2478 1523 2518 dove
1556 2493 1599 2519 se

140 2538 373 2573 trovavano
419 2532 447 2572 li
492 2533 620 2573 duchi
658 2541 698 2573 et
726 2533 754 2573 li
790 2533 853 2573 soi
890 2533 1070 2574 exerciti.
1139 2534 1284 2573 Zenait
1309 2534 1598 2587 respondendo

82 2596 85 2600 ’
139 2585 271 2628 disse:
300 2602 406 2628 sono
435 2587 478 2627 in
507 2589 689 2642 Epheso.
747 2589 804 2629 Et
829 2603 871 2629 se
909 2595 956 2627 tu
986 2589 1098 2641 voli,
1128 2589 1291 2629 damme
1317 2590 1362 2629 lu
1391 2589 1598 2640 exercito,

141 2641 246 2682 ch'io
286 2643 355 2683 teli
404 2645 570 2683 menan-o
600 2644 730 2698 ligati.
800 2645 1064 2684 Musulmano
1105 2643 1332 2685 dubitando
1359 2644 1412 2684 de
1440 2644 1597 2698 doppio

142 2698 324 2751 ingenuo
347 2728 360 2748 ‚
397 2700 627 2739 cunctando
671 2700 975 2753 soprasedette,
1014 2701 1067 2739 fin
1100 2699 1203 2739 ch’el
1230 2699 1293 2740 sol
1322 2699 1405 2740 alto
1437 2700 1489 2740 da
1519 2702 1598 2740 Le-

105 2774 108 2778 ⁴
142 2760 268 2794 vante
307 2767 458 2808 pareva
487 2769 613 2809 sopra
658 2755 696 2794 la
725 2761 852 2795 terra.
912 2755 1067 2795 Poiche
1094 2755 1131 2795 le
1158 2769 1255 2795 cose
1284 2756 1312 2795 li
1344 2771 1461 2810 parse
1490 2770 1597 2795 asse-

144 2815 316 2863 curate,
355 2810 496 2851 monto
521 2826 545 2852 a
578 2810 736 2852 cavallo
775 2826 855 2852 con
885 2810 1022 2852 tutto’l
1053 2826 1127 2852 suo
1153 2811 1359 2861 exercite,
1393 2811 1596 2853 menando
