1916 3210
391 184 394 186 v
459 171 678 215 muer.
721 174 1054 216 lNTERPRETE
1100 167 1354 216 mecam.
1523 158 1595 225 42
1612 181 1630 214 1

185 276 439 323 mente
476 275 539 323 dn
559 277 636 318 essi
674 290 787 318 semo
816 278 964 331 puniti.
1021 278 1174 330 Questa
1199 277 1460 332 generatione
1488 278 1641 320 ottho-

189 331 485 387 „floidltpffi
511 330 675 386 possede
695 332 748 372 da
767 332 1005 387 Ellesponto
1032 333 1073 373 in
1102 334 1182 374 fine
1202 333 1254 373 ad
1284 333 1414 382 Istro,
1446 333 1521 373 che
1553 350 1639 388 non

194 400 240 429 oe
305 387 385 431 ello
414 386 490 428 che
515 394 608 428 tene
637 388 679 427 in
708 388 744 428 le
773 396 892 442 parte
921 389 1139 441 Orientali,
1170 390 1213 428 in
1241 387 1280 429 la
1305 395 1416 428 terra
1444 389 1640 439 Asiatica,
1661 398 1721 440 ¹37

183 442 244 484 ‘in
290 441 444 498 brigia,
465 443 686 497 Lycaonia,
706 444 774 483 alli
791 445 944 483 confini
972 445 1023 484 de
1041 443 1251 492 Armenia,
1281 444 1323 483 in
1349 443 1531 496 Amasia‚
1563 446 1642 484 Ca-

185 496 394 552 φιᾶοοὶα,
422 498 600 552 Cylicia,
629 499 754 553 Lycia
772 507 813 538 et
844 499 965 540 Cares
989 500 1116 539 infine
1150 500 1189 539 al
1209 499 1412 538 Danubio.
1445 499 1507 538 De
1536 506 1644 540 tutte

181 571 192 589 ψ
293 559 335 594 te
362 554 575 607 provintie
606 567 650 594 se
681 568 870 594 mosseno
909 556 946 594 le
984 557 1090 594 zenti
1129 569 1246 594 senza
1277 556 1432 595 raxone
1459 562 1499 594 et
1528 570 1646 596 senza

179 565 336 653 ›ah-‘est
365 608 502 649 damni
533 616 572 648 et
603 610 718 648 ruine
748 610 798 649 de
826 610 1060 657 Christiani,
1089 624 1206 650 come
1235 610 1404 660 latroni,
1434 610 1643 659 rohban0‚

177 661 347 707 ffinino.
399 664 486 704 P'er
512 672 652 718 queste
694 666 756 705 vie
789 666 925 705 hanno
959 665 1161 704 desertato
1191 666 1227 704 la
1258 665 1432 715 Tracia‚
1463 665 1503 705 la
1534 666 1644 705 The—

178 717 292 761 ‘wlia
321 725 362 758 et
394 718 497 759 altre
537 722 704 760 natione
746 721 826 759 fine
853 722 917 760 ala
945 721 1164 762 Dalmatia.
1236 721 1284 760 Li
1316 719 1537 770 Albanesi,
1573 721 1648 761 che

183 773 380 815 mliv-auo
419 788 525 814 esser
567 776 827 829 generatione
866 777 1185 826 innumerabile,
1235 775 1342 816 bora
1370 789 1474 815 sono
1516 776 1644 829 pochi

178 827 446 883 :ebdispersh
504 830 757 870 Similmente
786 832 812 870 li
853 832 1050 881 Vulachi,
1084 831 1262 882 Tritum,
1295 832 1411 870 Servi
1440 837 1480 870 et
1510 832 1645 871 Greci.

174 884 257 925 *De
275 885 304 924 li
325 886 439 939 quali
467 888 565 926 tutti
587 885 763 925 menauli
791 888 833 926 in
863 888 1018 926 servitii
1047 887 1287 936 miserabile,
1318 887 1355 925 la
1380 886 1521 939 quinta
1551 900 1649 940 par-

180 945 235 981 ›te
261 953 339 993 per
366 941 492 981 electa
521 941 617 981 vien
647 941 845 981 destinata
874 942 912 980 al
941 943 1145 994 principe.
1205 942 1258 980 Et
1285 941 1336 981 de
1364 942 1510 980 tutt'or
1538 949 1648 981 resto

181 994 374 1039 -anchora
403 997 577 1052 elegono
598 997 635 1036 le
654 997 850 1050 megliore
875 1004 914 1036 et
943 998 1015 1050 pih
1044 997 1152 1036 belle
1174 1003 1291 1047 teste,
1323 997 1359 1036 le
1387 997 1506 1050 quale
1536 1010 1649 1036 com-

191 1062 350 1104 perano
380 1065 460 1105 per
499 1051 638 1105 pocho
684 1055 844 1105 prezio,
890 1052 1104 1092 chiamanli
1135 1051 1285 1092 schiavi
1311 1051 1377 1090 del
1401 1054 1568 1105 signor3
1607 1052 1648 1092 di

192 1105 304 1158 quali
332 1106 620 1147 instituiscono
653 1121 767 1147 novo
799 1108 1003 1157 exercito,
1039 1114 1079 1146 et
1107 1106 1322 1146 chiamano
1353 1108 1394 1146 in
1424 1107 1488 1146 lor
1513 1107 1648 1161 lingua

193 1161 385 1212 luminari,
415 1170 456 1202 et
484 1161 628 1202 factoli
657 1162 946 1201 circumcidere
976 1163 1006 1201 li
1034 1162 1250 1201 chiamano
1279 1162 1340 1201 soi
1371 1162 1548 1215 proprii,
1572 1162 1647 1202 che

190 1229 396 1270 mugnano
417 1218 455 1257 81
483 1231 560 1258 suo
588 1231 706 1270 pane.
732 1217 788 1256 Et
814 1218 954 1267 amali,
983 1231 1098 1257 come
1123 1218 1160 1257 81
1188 1224 1305 1270 patre
1330 1218 1358 1256 li
1385 1219 1448 1256 soi
1474 1217 1644 1270 figlioli3

190 1278 234 1311 et
261 1271 330 1312 sali
358 1273 551 1326 participi
576 1273 656 1311 deli
687 1272 850 1323 honori,
883 1272 976 1312 delli
1006 1271 1128 1311 officii
1158 1280 1197 1311 ct
1228 1272 1279 1312 (18
1308 1272 1404 1325 ogni
1436 1272 1541 1312 altro
1569 1287 1643 1312 suo

169 1330 172 1332 ’
190 1325 312 1370 bene.
333 1335 376 1367 et
393 1342 438 1367 se
456 1328 622 1367 volemo
644 1327 854 1367 intendere
876 1327 942 1367 chi
971 1341 1047 1367 son
1074 1327 1203 1381 questi
1229 1334 1268 1366 et
1289 1327 1396 1365 onde
1419 1333 1581 1366 trazeno
1607 1329 1645 1368 81

177 1394 267 1422 zuo
294 1383 521 1436 principio,
553 1396 678 1422 erano
697 1383 855 1434 pastori
875 1382 927 1422 de
953 1383 1119 1436 piecore
1143 1389 1183 1421 et
1208 1382 1260 1421 de
1286 1396 1420 1432 cavre,
1451 1382 1725 1436 guardia-138

184 1436 235 1477 ni
261 1435 314 1477 (18
340 1437 452 1487 bovi,
486 1437 540 1478 (18
566 1437 719 1491 porchi
749 1444 789 1477 et
815 1437 867 1477 de
899 1438 1057 1486 cavalli,
1087 1437 1228 1490 figlioli
1247 1437 1298 1477 de
1329 1437 1467 1477 villani
1499 1437 1645 1478 cultori

187 1490 296 1533 della
321 1498 448 1535 terra.
477 1492 795 1533 Recordandose
815 1500 957 1546 questa
985 1494 1262 1546 generatione,
1293 1492 1345 1531 da
1366 1491 1501 1546 quella
1531 1492 1647 1533 hassa

172 1547 430 1589 conditione
468 1548 584 1588 siano
624 1547 825 1588 sublevati
859 1555 899 1588 ct
926 1549 1097 1588 exaltati>
1119 1562 1243 1601 sopra
1287 1547 1316 1586 li
1346 1546 1478 1587 nobili
1508 1562 1583 1601 per
1610 1550 1648 1589 el

185 1604 504 1657 tuo—principe,
533 1611 706 1657 soporta
736 1603 835 1658 ogni
863 1603 1013 1658 fatiga,
1045 1611 1086 1643 et
1115 1617 1363 1656 expongono
1392 1603 1429 1642 la
1459 1616 1531 1642 sua
1563 1604 1646 1645 vita

188 1657 252 1699 ad<
268 1659 365 1713 ogni
391 1661 576 1713 periculo
594 1688 606 1708 ,
635 1659 820 1699 anchora
848 1673 924 1713 per
951 1674 1038 1699 non
1066 1659 1290 1707 descazere,
1320 1660 1406 1697 anzi
1428 1659 1646 1700 ascendere

186 1727 213 1754 ο
239 1727 380 1754 mazor
406 1714 544 1754 honor
571 1721 610 1754 et
640 1714 791 1754 officio.
839 1714 1005 1768 quando
1035 1714 1068 1754 si
1098 1721 1275 1765 trovano
1306 1713 1347 1753 in
1377 1713 1415 1753 le
1443 1713 1644 1767 bataglie,

187 1774 231 1808 et
259 1771 569 1809 maximamente
599 1771 639 1808 in
669 1777 890 1823 conspecto
918 1770 983 1810 del
1021 1783 1097 1810 suo
1128 1768 1288 1819 ducha,
1322 1769 1455 1822 prima
1482 1769 1643 1822 voglio-

187 1837 244 1864 no
271 1826 428 1864 morire
457 1824 532 1864 che
561 1826 699 1864 voltar
728 1825 764 1864 le
785 1825 924 1878 spalle.
978 1826 1133 1875 Questa
1159 1831 1274 1863 zente
1298 1824 1380 1863 mai
1408 1838 1495 1864 non
1524 1839 1642 1864 man-

187 1878 268 1919 cha
294 1880 388 1920 dala
414 1886 536 1933 porta
566 1880 632 1919 del
649 1879 782 1919 ducha
800 1882 843 1918 in
864 1879 997 1919 citade
1019 1881 1108 1920 oin
1137 1893 1363 1933 campagna
1390 1878 1465 1918 che
1492 1879 1525 1918 si
1555 1887 1642 1919 tro-

187 1947 255 1974 ve.
297 1941 339 1975 et
377 1949 450 1989 per
486 1948 562 1974 suo
602 1948 729 1988 segno
775 1941 952 1988 portano
991 1936 1032 1973 in
1065 1949 1169 1987 capo
1211 1949 1266 1974 un
1294 1934 1479 1987 capello,
1510 1933 1585 1974 che
1615 1935 1642 1974 li

187 1990 311 2030 Greci
337 1990 553 2030 chiamano
583 1991 765 2040 zarcula,
794 1997 961 2030 coverto
990 1990 1041 2029 de
1058 1990 1180 2029 feltro
1205 1988 1382 2029 biancho
1403 2003 1644 2029 overamen-

183 2051 233 2085 -te
263 2059 407 2086 rosso:
437 2047 573 2099 quello
604 2045 678 2086 che
694 2059 821 2099 copre
851 2046 889 2085 el
916 2059 1049 2098 capo,
1079 2046 1102 2083 ὲ
1130 2059 1247 2084 come
1278 2059 1360 2083 una
1387 2058 1497 2084 meza
1526 2051 1642 2096 testa,

187 2099 242 2140 de
266 2115 410 2141 scorze
447 2101 651 2150 ‹Pax-hori,
681 2102 871 2141 incollate
897 2101 1024 2140 molto
1062 2099 1168 2139 forte
1186 2130 1195 2148 ‚
1228 2114 1345 2139 come
1373 2114 1454 2138 una
1487 2100 1642 2150 celata,

184 2154 397 2196 defensivo
440 2157 546 2196 della
587 2163 689 2196 testa
729 2156 782 2196 da
824 2155 919 2209 ogni
963 2155 1186 2196 offensibile
1227 2158 1372 2198 arma(
1401 2154 1451 2194 da
1495 2163 1639 2208 questo

187 2212 345 2264 capello
371 2212 503 2252 tondo
532 2213 595 2251 ala
623 2213 756 2252 forma
787 2211 852 2251 del
885 2225 985 2264 capo
1002 2241 1015 2260 ,
1046 2211 1099 2251 de
1123 2211 1215 2263 quel
1247 2211 1467 2250 medesimo
1495 2211 1637 2262 feltre,

186 2266 320 2320 pende
356 2274 468 2307 certa
497 2268 630 2316 falda,
675 2267 749 2306 che
774 2281 869 2307 seva
899 2266 1155 2306 extenuando
1183 2280 1297 2306 come
1326 2281 1407 2305 una
1440 2266 1546 2306 calza
1574 2274 1638 2306 tra

186 2322 228 2362 le
252 2322 379 2375 spalle
408 2322 462 2362 ad
498 2329 746 2362 ornamento
790 2330 830 2362 et
859 2322 997 2362 defesa
1026 2322 1092 2361 nel
1119 2322 1242 2361 collo.
1302 2322 1351 2360 Li
1375 2321 1567 2361 honorati
1598 2329 1639 2362 et

186 2379 379 2430 generosi
419 2386 591 2432 portano
636 2379 798 2417 zarcula
838 2391 978 2427 rosso3
1024 2377 1147 2431 quelli
1179 2376 1255 2416 che
1285 2376 1317 2416 si
1346 2378 1560 2417 ritrovano
1592 2379 1636 2417 in

171 2430 303 2473 -bassa
347 2434 580 2474 conditione
628 2433 778 2473 servile
797 2463 808 2482 ,
838 2439 1015 2486 portano
1047 2432 1208 2472 zarcula
1235 2432 1425 2482 biancho.
1486 2433 1638 2483 Questa

187 2491 499 2542 congregatione
525 2490 577 2529 da
604 2503 715 2529 novo
745 2487 870 2528 electa
890 2489 985 2541 ogni
1014 2502 1124 2527 anno
1152 2486 1394 2541 multiplica.
1424 2502 1504 2527 una
1528 2488 1637 2527 mul-

187 2542 413 2597 tiplicando
450 2559 587 2584 cresce
627 2546 663 2583 fa
708 2551 827 2583 cento
848 2573 860 2593 ‚
902 2543 1049 2596 perche
1075 2545 1183 2584 servi
1222 2543 1348 2583 fanno
1375 2542 1499 2592 altri,
1529 2546 1636 2583 servi

185 2597 240 2639 de
283 2599 390 2639 servi
421 2600 602 2640 anchora
643 2599 768 2638 fauno
807 2598 902 2639 altri
941 2599 1060 2639 servi.
1130 2599 1184 2639 Et
1220 2599 1314 2638 tutti
1351 2613 1393 2639 se
1422 2599 1637 2638 chiamano

184 2653 340 2694 ‚eohiavi
372 2655 437 2695 del
467 2657 664 2709 principe.
704 2670 786 2694 non
824 2655 847 2694 ὲ
890 2654 932 2693 in
960 2653 1083 2707 quelli
1110 2668 1161 2694 ne
1186 2654 1358 2694 Turcho
1389 2654 1440 2694 ne
1469 2655 1634 2701 Arabo,

187 2722 256 2750 ma
285 2711 380 2750 tutti
409 2726 512 2751 sono
541 2712 680 2764 figlioli
715 2710 765 2749 de
792 2709 1039 2758 Christiani,
1071 2709 1121 2749 de
1149 2711 1291 2761 Greci,
1325 2710 1376 2750 de
1403 2710 1541 2759 Servi,
1568 2710 1638 2748 Al-

171 2762 345 2820 -hauesi,
374 2766 556 2821 Bulgari,
586 2765 774 2816 vul-achi,
806 2765 935 2810 Unui.
992 2766 1054 2807 Dc
1094 2765 1264 2808 Ianizari
1291 2767 1424 2823 questi
1451 2779 1638 2820 vengouo

26 682 37 710 ‘z
