1916 3210
8 736 9 739 „
0 711 5 723 ⁷
0 689 9 697 V
0 331 18 678 ἐῖ-κ-’ᾳπ-’νκπ-π-ψι-
0 247 10 318 um·-

461 179 678 224 ιΤΑιιοΕ
720 181 1058 224 mmmmm:
1095 179 1350 226 monnio.
1522 165 1635 243 407

182 283 284 325 dati.
337 279 489 323 L'ultre
513 279 617 336 galie
642 279 923 322 misceandose
950 288 992 322 ct
1016 282 1335 323 incatenandose
1363 297 1441 324 con
1469 284 1509 326 le
1539 285 1644 342 galie

180 336 445 381 Tumbesche
473 351 560 378 non
587 351 802 378 cessar-ono
831 337 939 378 della
967 346 1112 379 strecta
1140 346 1180 379 et
1197 337 1338 379 crudel
1365 339 1558 396 belegna,
1587 343 1644 382 fin

175 394 261 437 ⁴cha
287 394 315 435 li
329 393 486 441 Turchi
508 392 660 433 ⁴forono
691 393 788 432 tutti
824 396 992 434 amazati
1021 394 1063 435 in
1094 401 1317 449 conspectu
1347 394 1454 436 delle
1469 397 1646 452 moglie-

184 465 235 493 re
255 456 308 491 ct
344 448 483 504 figlioli
528 450 614 500 soi,
651 463 734 488 uno
773 449 913 504 miglio
947 450 1090 490 lontan
1123 450 1176 491 (13
1205 450 1396 505 Galipoli.
1456 452 1647 507 Compita

181 506 378 559 adunque
403 504 444 545 13
483 503 662 559 bataglia
707 507 815 545 circa
858 505 895 546 la
923 506 1027 545 hora
1060 507 1112 546 de
1141 520 1308 560 vespero
1327 537 1339 555 ‚
1371 507 1399 547 li
1429 504 1648 549 Venetiani

183 560 391 605 victoriosi
433 560 576 601 feceno
611 559 703 600 vele
732 561 936 602 menando
981 575 1056 601 con
1092 561 1179 602 loro
1211 563 1374 602 XXVII
1402 562 1508 619 galie
1534 565 1650 604 Tur-

182 617 386 669 ohcsche,
423 623 470 657 et
504 615 655 656 arivati
686 615 751 656 nel
791 625 915 670 porto
946 616 999 657 de
1026 617 1196 658 Tenedo
1223 618 1365 658 feceno
1393 619 1522 659 molto
1552 619 1650 659 dili-

182 679 304 728 gente
334 671 617 726 inquisitione,
647 679 687 711 et
719 672 864 713 furono
893 674 1069 726 seperari
1100 675 1198 713 tutti
1227 672 1254 712 li
1270 674 1426 714 Turehi
1454 676 1507 715 da
1526 675 1650 715 Chri..

183 729 323 771 atiani.
379 728 429 769 Li
455 727 613 768 Turchi
641 727 742 767 tutti
774 728 840 767 dal
870 731 1007 782 primo
1039 730 1117 769 stne
1145 728 1346 770 al‘ultimo
1370 732 1468 771 tutti
1499 731 1652 771 forono

182 782 386 825 amanti:
416 783 475 824 de⁴
503 783 726 823 Christiani
760 792 994 825 ven-amente
1022 786 1062 825 fo
1096 785 1201 826 facta
1229 785 1403 826 un'altra
1433 799 1558 826 ancor
1579 787 1654 840 pin

183 839 383 894 diligente
409 846 451 880 et
486 839 561 894 pin
587 841 747 878 minuta
775 840 1046 895 indagatione.
1104 842 1138 880 A
1173 839 1300 896 quelli
1330 841 1408 882 che
1433 856 1512 895 per
1540 842 1655 882 forza

185 909 315 936 erano
356 895 452 936 stati
499 897 620 935 messi
661 894 703 934 in
741 896 844 948 galia
864 927 875 946 ,
909 897 949 935 fo
993 896 1145 936 donata
1175 898 1212 936 la
1239 896 1349 940 vita:
1378 898 1504 951 quelli
1534 912 1655 937 vera-

185 957 327 994 mente
353 949 382 991 li
411 950 524 1007 quali
551 950 699 990 forono
727 950 875 992 trovati
904 951 1058 991 havere
1088 952 1328 1005 provisione
1359 953 1582 1004 ordinaria,
1614 959 1658 993 et

247 1007 315 1047 elli
358 1006 436 1047 ohe
469 1021 546 1061 per
582 1006 714 1046 dinari
759 1014 799 1046 et
827 1021 907 1060 per
934 1007 1152 1062 guadagno
1179 1022 1310 1049 erano
1341 1010 1481 1048 venuti
1513 1015 1657 1048 contra

225 1063 412 1103 hristiani
442 1069 484 1103 et
509 1069 654 1103 contra
680 1061 719 1101 la
747 1076 818 1102 sua
851 1064 1022 1116 propria
1051 1063 1170 1111 fede,
1203 1063 1305 1103 tutti
1333 1063 1483 1103 forono
1511 1065 1657 1118 impic-
1674 1076 1734 1103 ιιι

187 1116 315 1163 chati.
344 1118 398 1159 El
424 1119 539 1173 paria
566 1117 692 1158 veder
718 1118 886 1158 intorno
917 1117 1074 1159 l’insola
1104 1119 1156 1160 de
1172 1118 1343 1160 Tenedo
1372 1119 1514 1160 forche
1543 1134 1660 1160 come

187 1176 335 1230 vigne,
362 1180 404 1214 et
429 1173 554 1228 quelli
586 1172 638 1213 da
666 1173 774 1226 legni
799 1173 996 1226 pendenti
1028 1188 1148 1214 come
1179 1185 1259 1215 uve
1286 1175 1338 1214 de
1368 1175 1397 1214 li
1426 1176 1543 1218 rami.
1599 1175 1663 1215 Le

218 1231 296 1271 alie
335 1229 485 1271 forono
526 1228 765 1282 dispartste,
807 1235 927 1281 parte
962 1229 1154 1270 mandate
1199 1229 1240 1270 in
1270 1230 1453 1281 candia,
1491 1238 1609 1283 parte
1637 1245 1663 1271 3

189 1245 459 1340 {ligi-oponte
489 1292 531 1326 et
555 1291 678 1338 parte
707 1298 730 1323 3
769 1283 954 1328 Vinexia.
1027 1285 1074 1323 Li
1106 1285 1260 1326 homini
1301 1285 1354 1324 da
1395 1281 1510 1325 remo
1541 1286 1662 1325 Chri-

190 1342 313 1382 stiani
332 1369 347 1390 ‚
389 1340 542 1395 iquali
584 1353 661 1394 per
697 1339 807 1379 forza
837 1339 986 1379 forono
1019 1340 1218 1380 conducti
1255 1341 1297 1380 in
1328 1341 1464 1395 galia,
1501 1349 1665 1395 passato

192 1396 395 1438 l’invcrno
432 1403 474 1436 et
498 1394 711 1450 vegnando
743 1395 781 1435 la
811 1395 1041 1448 primavera
1059 1425 1070 1442 ‚
1103 1396 1198 1436 foro
1226 1398 1332 1450 posti
1362 1396 1400 1435 al
1433 1411 1550 1436 remo
1583 1411 1666 1437 con

190 1451 232 1493 le
257 1466 364 1492 nove
396 1450 525 1507 galie‚
566 1451 605 1491 le
643 1449 765 1504 quale
804 1464 935 1491 venne
971 1451 1023 1490 da
1050 1451 1245 1492 Venexia.
1303 1450 1418 1491 Nello
1457 1466 1566 1492 anno
1599 1467 1666 1492 se-

191 1514 348 1562 quente
375 1522 400 1548 3
430 1506 568 1562 quello
610 1506 687 1546 che
722 1507 760 1544 fo
791 1513 900 1546 rotta
925 1506 1111 1547 l’armata
1139 1507 1181 1546 di
1208 1507 1367 1547 Turchi
1407 1521 1430 1547 a
1458 1508 1666 1562 Galipoli3

191 1577 329 1605 venne
353 1562 408 1603 da
450 1562 622 1602 Vinexia
663 1568 819 1601 armata
860 1577 968 1602 nova
999 1562 1041 1601 in
1073 1564 1256 1603 Levante
1275 1592 1287 1614 ‚
1326 1563 1365 1602 la
1395 1563 1517 1617 quale
1544 1562 1667 1603 entrb

193 1619 239 1660 in
283 1620 326 1659 lo
367 1618 633 1672 Hellesponto
665 1631 741 1671 per
774 1618 979 1670 prendere
1010 1619 1047 1658 la
1076 1625 1196 1658 torre
1224 1619 1275 1658 de
1303 1619 1556 1672 Lampsaco,
1588 1619 1667 1659 che

193 1675 282 1716 feze
320 1674 382 1715 sar
410 1675 710 1724 Musul1na1103
758 1672 795 1711 la
841 1674 936 1727 qual
978 1674 1252 1714 comhatendo
1283 1682 1564 1727 asperamente
1594 1689 1671 1728 per

195 1744 312 1772 mare
358 1745 382 1771 e
417 1744 496 1783 per
525 1737 636 1769 terra
677 1743 760 1768 non
805 1727 844 1768 13
885 1737 1045 1783 possete
1083 1732 1375 1783 conquistare,
1405 1730 1560 1783 perche
1599 1744 1671 1770 era

197 1786 354 1827 sornita
385 1785 436 1826 de
465 1785 565 1839 ogni
595 1785 827 1824 munitione
853 1792 894 1823 et
922 1784 1055 1825 defesa
1087 1786 1138 1824 (13
1169 1786 1387 1833 Camnsas,
1421 1785 1590 1825 sradello
1619 1785 1672 1824 de

196 1841 414 1891 Paiasitb‚
460 1855 538 1880 con
577 1841 674 1880 dece
703 1840 815 1879 milia
859 1839 1017 1879 homini
1046 1841 1306 1881 combatenti.
1367 1841 1569 1881 Vedendo
1598 1841 1672 1879 ad-

198 1910 344 1951 unque
371 1896 587 1936 Venetiani
629 1897 666 1935 la
706 1897 885 1947 impresa
932 1895 1096 1936 difficile
1124 1910 1199 1949 per
1226 1897 1265 1935 la
1292 1896 1556 1935 multitudine
1586 1894 1672 1935 deli

202 1952 436 2000 defensori,
488 1951 564 1991 che
603 1951 698 2003 ogni
741 1950 842 1989 hora
887 1964 909 1989 a
940 1965 1129 1990 soccorso
1178 1953 1423 2001 zonzivano,
1454 1951 1603 1990 lassaro
1633 1951 1674 1991 la

199 2010 374 2062 impresa
406 2005 514 2047 della
554 2014 672 2047 torre
700 2013 806 2045 tutta
836 2007 977 2059 gu'asta
1019 2013 1058 2046 et
1090 2007 1304 2047 straforata
1333 2007 1384 2046 da
1414 2005 1639 2046 bombarde
1657 2037 1668 2056 ‚

201 2070 243 2105 ct
274 2078 298 2103 3
331 2063 682 2116 Constantinopoli
714 2063 982 2116 navigaronO.
1053 2063 1248 2101 Camusas
1282 2062 1469 2101 vedendo
1495 2062 1532 2101 la
1561 2069 1676 2102 torre

202 2118 492 2161 abbandonam
537 2118 589 2158 da
628 2117 808 2158 l'armata
852 2115 904 2156 de
937 2118 1175 2167 venetiani,
1226 2118 1262 2156 la
1291 2118 1375 2157 scce
1404 2117 1538 2157 desfar
1565 2125 1673 2158 tutta

204 2175 260 2217 da
288 2176 317 2215 li
347 2173 627 2220 fondamenti,
681 2173 886 2213 dicendo:
920 2186 1039 2212 senza
1069 2173 1283 2226 guadagno
1313 2187 1396 2212 non
1429 2188 1472 2212 se
1502 2173 1553 2212 de
1580 2187 1673 2212 cer-

202 2245 274 2272 car
301 2244 521 2284 vergogna.
584 2229 856 2278 Mechcmeth,
887 2227 1081 2268 havendo
1112 2236 1272 2282 passato
1292 2229 1434 2268 Zenait
1463 2243 1486 2267 a
1510 2229 1674 2282 Galipo-

203 2286 262 2337 li,
294 2285 338 2327 lu
367 2288 520 2339 scripse
545 2285 623 2325 alla
649 2284 891 2338 provisione
921 2286 962 2322 in
995 2284 1033 2323 le
1062 2292 1180 2337 parte
1213 2283 1264 2323 de
1292 2284 1479 2337 Nicopoli
1508 2298 1674 2338 api-esso

206 2343 246 2384 el
274 2343 398 2382 fiume
440 2341 506 2381 del
535 2340 756 2390 Danubio,
805 2339 1060 2379 admonendo
1103 2340 1240 2394 quello
1272 2339 1347 2379 che
1376 2339 1544 2379 dovcsse
1573 2354 1674 2379 con·

205 2412 371 2439 servare
403 2398 431 2437 li
460 2397 612 2438 confini
658 2403 698 2436 et
744 2410 926 2449 pugnare
953 2410 1026 2449 per
1061 2395 1090 2434 li
1123 2394 1385 2435 Musulmani.
1459 2395 1506 2434 In
1545 2395 1672 2450 quelli

207 2454 323 2494 zorni
363 2453 471 2493 nelle
514 2459 628 2506 parte
673 2452 750 2492 che
782 2454 925 2491 iaceno
975 2458 1081 2491 sotto
1113 2452 1149 2490 le
1190 2459 1412 2504 montagne
1439 2451 1575 2491 vicine
1609 2452 1673 2490 ala

207 2509 342 2550 bocha
387 2509 455 2549 del
492 2507 606 2563 golfo
636 2507 689 2547 de
717 2508 830 2547 lonia
848 2537 859 2558 ‚
889 2507 927 2546 el
955 2508 1052 2560 qual
1081 2507 1114 2547 si
1144 2506 1303 2546 chiama
1329 2507 1523 2555 Stssario,
1553 2520 1671 2546 verso
1690 2525 1751 2549 112

210 2566 250 2606 la
279 2565 441 2604 Natolia
459 2595 471 2614 ‚
519 2564 561 2602 in
589 2564 777 2617 opposito
805 2578 828 2602 a
860 2562 1014 2602 l'insola
1047 2562 1098 2603 de
1126 2562 1254 2612 Chio,
1289 2563 1329 2601 fo
1356 2562 1558 2603 sullevato
1588 2576 1672 2601 uno

211 2621 413 2670 Tarcho,
444 2619 571 2659 homo
600 2620 727 2659 idiota
762 2626 802 2658 et
828 2621 1061 2669 ignorante.
1118 2619 1273 2670 Questo
1303 2618 1472 2672 insegnb
1506 2624 1548 2658 et
1578 2633 1676 2671 per-

211 2690 329 2717 suase
356 2675 410 2715 ali
441 2676 600 2714 Turchi
632 2675 670 2713 la
701 2675 886 2727 μονονῐέι,
920 2681 960 2713 ct
988 2688 1073 2713 non
1091 2673 1240 2713 havere
1270 2673 1321 2714 (10
1350 2674 1530 2728 proprio,
1556 2672 1680 2713 excess

213 2739 286 2787 pto
313 2731 354 2771 13
381 2732 601 2784 mogliera:
634 2731 661 2769 li
693 2730 892 2780 alimenti,
914 2738 954 2768 ct
983 2731 1109 2778 vesti,
1141 2728 1169 2768 li
1199 2726 1415 2769 terreniet
1439 2736 1545 2768 tutte
1574 2728 1680 2768 altre

214 2799 306 2829 cose
323 2815 337 2839 ,
362 2794 534 2842 excepto
563 2786 602 2827 10
635 2784 813 2837 femine,
847 2785 1007 2825 fosseno
1038 2799 1243 2838 coniune3
1274 2792 1314 2826 et
1340 2785 1416 2825 che
1446 2787 1485 2825 io
1514 2784 1680 2825 havesse
