1904 3198
393 160 686 204 merorum
727 130 1069 205 namium-2
1109 161 1228 204 CAP.
1254 166 1345 204 vn.
1519 166 1588 220 27

170 270 173 272 ’
208 303 211 306 .
257 282 300 322 7.
360 259 460 319 'Tap
474 265 550 306 τοῦ
571 261 709 318 Ἀτῆν
723 262 911 319 Τούρκου
930 262 1024 315 υἱός
1035 260 1266 322 εἶςὉμοῦρ
1287 264 1594 320 ἑπονομαζόμε-
1610 277 1638 310 C

143 339 232 381 νος.
249 329 435 386 α’ρχηγὸς
451 331 535 373 τῶν
554 329 599 373 ἓν
613 330 666 386 τῇ
682 327 856 387 ..μύρνῃ
882 331 1120 386 πολιχνίων,
1144 330 1219 373 καί
1242 332 1376 388 αὐτῆς
1398 331 1596 388 Σμύρνης

141 396 251 440 κατὰ
260 395 471 452 ’διαδοχὴν
483 395 682 450 λαβόντος
704 391 782 450 τήν
809 396 1035 450 ἠγεμονίαν
1053 396 1170 453 παρὰ
1195 401 1272 439 τοῦ
1289 397 1447 452 πατρὸς
1463 400 1598 440 αὐτοῦ

138 463 282 519 'Attin
295 460 505 519 ’τολμηρὸς
520 458 668 505 ὦτ’-καί
674 460 1007 517 θρασυκάρδιος,
1019 461 1204 517 ἐντυχών
1215 466 1288 506 καί
1304 466 1474 517 λιμένας
1482 464 1598 515 οἵους

102 530 129 571 5
141 529 425 585 ἑγκολπιζεται
443 528 470 584 ἦ
484 526 631 573 Ἰωνία
644 530 716 570 καί
734 530 960 583 ὃρυμῶνας
977 528 1235 582 πολυξύλους
1252 532 1327 573 καί
1347 529 1452 586 πρὸς
1467 546 1598 573 κατα-

139 595 296 646 σκευοὶς
312 597 525 654 φορτικῶν
537 597 648 651 νηῶν
670 593 746 637 καί
767 599 943 651 μακρῶν
962 594 1145 652 τριήρων
1172 597 1449 653 ἐπιτηδείους,
1473 612 1596 639 κατε-

136 660 342 706 σκεύασεν
369 662 592 718 αὐτάρκως
613 661 720 716 πρὸς
751 661 779 704 ἃ
798 660 998 717 ἠβούλετο
1023 661 1249 720 λῃστρικοῖς
1277 662 1439 718 διήρεις
1460 679 1502 706 τε
1525 665 1600 705 καί

137 726 341 786 τριήρεις,
368 727 443 772 καὶ
459 730 725 783 ἐπεμβαίνων
751 727 887 779 αὐτὰς
905 726 1081 784 ἐπόρθει
1109 728 1185 781 τοὶς
1205 729 1439 789 περικύκλῳ
1459 730 1598 779 πόλεις

138 795 213 837 καί
237 795 406 851 νήσους,
427 792 680 850 Μιτυλήνην
705 793 786 837 miv
807 794 919 852 πάσῃ
946 794 1058 854 νήσῳ
1082 798 1257 855 Λέσβῳ,
1281 799 1402 850 Χίον,
1429 793 1589 851 Σάμον,

74 873 126 903 ἰο
140 862 306 912 Ναξίαν
321 859 544 911 mimica}
561 859 639 911 τὰς
651 860 885 919 περικύκλῳ
898 863 1066 918 νήσους.
1074 861 1228 916 μαθων
1239 863 1287 905 δὲ
1303 861 1382 918 τὴν
1399 865 1598 917 διχοστα·
1612 875 1644 907 D

133 928 234 970 σίαν
249 929 334 970 τῶν
345 925 584 982 Ῥωμαίων,
613 929 686 970 καί
714 925 828 979 ὅπως
849 929 1049 984 Ἰωάννης
1070 928 1093 972 ὅ
1107 927 1465 984 Καντακουζηνὸς
1485 924 1593 985 ἇνήρ
1608 937 1651 971 V.
1668 948 1708 971 ιο

138 992 310 1049 εὖγενής
324 1009 370 1036 τε
387 993 462 1036 καὶ
485 996 573 1038 uffae
594 994 727 1037 πάλαι
755 993 906 1050 ἡρώων
932 992 1147 1050 ἀπόγονος,
1176 996 1372 1050 ἀνδρεῖος
1390 1012 1453 1049 μα
1454 994 1592 1050 χιμώ·

137 1059 265 1110 τατός
291 1076 337 1102 τε
363 1059 464 1115 περὶ
486 1058 541 1103 τοὶ
564 1058 767 1114 πολεμικοὶ
808 1060 882 1102 καί
916 1059 1092 1111 συνετὸς
1138 1062 1185 1103 ἑν
1224 1058 1383 1104 ἅπασιν
1419 1061 1595 1116 α’γαθοῖς

136 1121 278 1180 ἤθεσι,
306 1124 466 1182 βουλὴν
495 1125 745 1179 βουλεύεται
773 1125 973 1181 πονηράν.
1014 1125 1165 1169 στόλον
1207 1126 1289 1182 γάρ
1339 1127 1595 1182 εὐτρεπίσας

74 1194 125 1236 15
137 1191 210 1235 τὸν
250 1191 442 1248 α’ριθμὸν
467 1189 575 1248 ὑπὲρ
605 1190 659 1234 τὰ
689 1193 1004 1247 τεσσαράκοντα
1033 1195 1166 1249 λαίφη
1199 1195 1274 1235 καί
1307 1193 1491 1244 ἐξελθών
1518 1196 1597 1235 τοῦ

134 1259 302 1311 λιμένος
327 1257 438 1313 πρὸς
469 1255 790 1300 Καλλιούπολιν
827 1259 1004 1315 ἀφίκετο
1046 1257 1368 1312 αὕτοκοίλεστος,
1399 1259 1595 1301 κοῖκεΐθεν

133 1321 320 1375 ἐξελθών
348 1323 420 1367 <hd
449 1326 580 1380 ξηρᾶς
601 1319 731 1380 ἄχρις
762 1323 1079 1379 Διδυμοτοίχου
1121 1316 1308 1381 ἄφίκετο.
1347 1322 1472 1379 ἔτυχε
1512 1323 1592 1380 γὰρ

133 1391 268 1433 ἐκεῖσε
285 1392 492 1446 διάγουσα
509 1392 536 1449 ἦ
551 1392 656 1449 γυνὴ
677 1393 753 1435 τοῦ
766 1394 1123 1448 Καντακουζηνοῦ
1136 1393 1320 1434 πανοικί·
1356 1391 1593 1446 οἷπερχομέ-
1607 1398 1640 1431 Ρ.
1660 1401 1698 1433 ι3

134 1471 210 1498 νου
229 1454 313 1514 γάρ
342 1457 478 1500 αὐτοῦ
505 1459 552 1501 ἐν
583 1458 753 1517 Σερβίᾳ,
782 1456 1035 1514 συναγαγών
1071 1456 1210 1500 πάντα
1228 1456 1279 1500 τοὶ
1321 1458 1366 1500 ἐν
1394 1460 1454 1515 τῷ
1496 1455 1593 1515 οἴκῳ

69 1524 279 1578 αοχρυσᾶ
301 1539 346 1565 τε
375 1526 452 1567 καί
465 1525 635 1582 ἀργυρᾶ
649 1524 723 1568 καί
743 1526 885 1567 πᾶσαν
914 1521 1043 1580 ἄλλην
1070 1523 1320 1580 περιουσίαν
1343 1522 1417 1565 καὶ
1443 1523 1600 1572 παῖδάς

133 1603 181 1630 τε
195 1590 270 1631 καί
293 1596 471 1644 γυναῖκα
504 1592 552 1633 ἐκ
578 1592 651 1647 τῆς
676 1593 904 1648 Ἀδριανοῦ
937 1592 999 1640 εἰς
1011 1590 1327 1646 Διδυμότοιχον
1355 1585 1499 1645 ἤγαγε,
1526 1591 1600 1631 καὶ

135 1656 281 1698 πᾶσαν
305 1650 434 1712 ἄλλην
461 1655 540 1713 τήν
584 1660 801 1712 τυχοῦσαν
846 1659 1088 1712 ἐπιμέλειαν
1107 1658 1184 1700 τοῦ
1211 1660 1429 1712 πολιχνίου
1457 1672 1597 1714 παρα-

231 1782 264 1816 5.
290 1766 328 1817 ἃ]
352 1766 396 1808 ἂς
420 1770 454 1803 Ρ.

227 1882 259 1918 7.
307 1872 425 1907 Atinis
450 1873 650 1907 Tru-corum
674 1875 848 1919 principis
874 1874 1032 1908 filiorum
1056 1886 1148 1908 unus
1174 1875 1312 1908 Homur
1336 1874 1454 1908 dictus
1479 1875 1599 1918 Smyr-

132 1929 203 1953 nae
225 1919 519 1966 oppidorumque
553 1926 689 1954 tractus
727 1921 826 1954 illius
864 1922 1053 1967 princeps,
1093 1933 1203 1968 quam
1239 1921 1417 1954 ditionem
1449 1933 1469 1954 a
1495 1927 1598 1966 patre

133 1966 243 2000 Atine
268 1967 348 2000 iure
371 1966 594 2001 hereditario
624 1967 846 2008 obtinuerat,
872 1968 990 2001 audax
1019 1969 1096 2014 ipse
1127 1975 1163 2002 et
1191 1979 1406 2012 generosus;
1433 1979 1598 2013 quosque

132 2013 260 2046 Ioniae
299 2013 425 2047 littora
465 2014 504 2046 in
539 2014 639 2047 sinus
666 2020 811 2047 curvata
836 2020 960 2058 portus
987 2015 1147 2049 efficiunt
1170 2014 1391 2059 occupabat,
1417 2015 1599 2061 silvasque

133 2059 325 2094 arboribus
341 2060 572 2095 densissimas
597 2062 690 2106 aptis
716 2061 762 2094 ad
788 2061 1038 2095 fabricandum
1062 2073 1171 2095 naves
1199 2062 1376 2095 actuarias
1400 2062 1599 2108 longasque

132 2107 317 2150 triremes3
343 2119 387 2141 ex
415 2108 549 2154 quibus
573 2109 742 2142 materias
771 2108 917 2142 abunde
946 2109 1065 2153 coegit
1099 2109 1145 2142 ad
1169 2108 1416 2155 praedatorias
1441 2109 1598 2142 biremes

131 2154 372 2200 triremesque
383 2167 448 2201 pro
467 2155 576 2189 libitu
598 2156 881 2197 construenda33
907 2168 996 2202 quas
1015 2168 1094 2189 cum
1120 2156 1398 2198 conscendisset,
1425 2156 1533 2190 urbes
1561 2162 1599 2191 et

132 2201 269 2235 insulas
299 2202 595 2236 circumiacentes
608 2203 774 2244 vastavit,
796 2210 833 2237 et
852 2203 1094 2248 depopulatus
1115 2209 1170 2237 est
1190 2204 1391 2248 Mitylenen
1415 2215 1494 2237 cum
1519 2209 1598 2237 tota

131 2248 251 2282 insula
276 2249 415 2291 Lesbo,
456 2249 606 2291 Chium,
637 2250 803 2292 Samum,
839 2251 979 2284 Naxum
1005 2255 1237 2296 caeterasque
1263 2251 1351 2284 alias
1378 2251 1515 2285 vicinas
1538 2251 1597 2284 in-

132 2295 241 2329 sulas.
266 2308 346 2330 cum
371 2308 456 2331 vero
481 2298 632 2331 nuntius
661 2298 707 2331 ad
734 2299 852 2343 ipsum
877 2299 1038 2343 perlatus
1064 2305 1158 2332 esset
1185 2298 1230 2331 de
1256 2299 1492 2332 Romaeorum
1521 2298 1597 2332 dis—

130 2342 256 2376 cordia
299 2344 417 2386 civili,
458 2344 779 2391 innotuissentque
815 2346 884 2390 ipsi
922 2345 1094 2379 Iohannis
1134 2346 1375 2379 Cantacuzeni
1417 2346 1595 2379 nobilitas

131 2401 319 2436 genusque
345 2390 390 2424 ab
417 2391 590 2426 heroibus
617 2393 704 2426 olim
730 2392 939 2434 deductum,
965 2392 1097 2426 bellica
1111 2393 1219 2427 etiam
1243 2393 1356 2426 virtus
1385 2394 1511 2439 reique
1526 2393 1595 2426 mi-

130 2437 248 2470 litaris
273 2438 417 2484 peritia,
442 2450 536 2484 quae
564 2451 703 2475 morum
727 2440 901 2486 probitati
932 2452 972 2472 ac
998 2440 1215 2486 prudentiae
1241 2440 1455 2473 coniunctae
1482 2446 1596 2481 erant,

131 2484 323 2518 consilium
339 2485 542 2531 improbum
560 2487 675 2521 inivit.
696 2488 907 2520 instructam
922 2488 1017 2520 enim
1033 2488 1181 2522 classem
1198 2487 1438 2533 quadraginta
1451 2487 1597 2521 navium

131 2537 239 2576 portu
255 2531 417 2573 deduxit,
432 2539 468 2566 et
481 2534 689 2579 Callipolim
712 2535 815 2567 nullo
837 2535 1057 2569 sollicitante
1079 2536 1238 2582 appulit:
1262 2535 1348 2568 inde
1363 2535 1597 2568 exscensione

132 2579 228 2612 sacta
239 2581 402 2613 terrestri
417 2581 547 2614 itinere
561 2581 889 2626 Didymotocchum
903 2583 1078 2626 pervenit,
1093 2582 1156 2616 ubi
1167 2583 1408 2616 Cantacuzeni
1418 2594 1506 2616 vxor
1516 2593 1596 2614 cum

131 2630 211 2658 tota
228 2626 365 2660 familia
379 2627 611 2662 substiterat:
630 2629 667 2662 in
682 2630 841 2662 Serviam
858 2630 952 2662 enim
967 2629 1155 2664 discedens
1169 2630 1438 2663 Cantacuzenus
1451 2629 1597 2662 univer-

133 2683 206 2705 sam
223 2675 513 2720 suppellectilem
525 2687 668 2709 auream
682 2682 791 2722 atque
808 2682 1011 2721 argenteam
1025 2684 1258 2722 caeterasque
1274 2688 1360 2722 opes
1375 2681 1595 2718 convasatas,

132 2717 268 2754 liberos
284 2722 391 2754 simul
406 2728 443 2755 et
457 2734 603 2756 uxorem
616 2723 853 2768 Adrianopoli
867 2724 1067 2759 deduxerat
1083 2731 1119 2759 et
1130 2724 1457 2769 Didymotoechum
1478 2730 1595 2757 trans-

132 2773 307 2814 portarat3
322 2770 507 2806 securitati
521 2771 668 2817 insuper
682 2771 807 2819 oppidi
825 2771 932 2807 huius
948 2771 993 2806 ab
1007 2773 1085 2820 ipso
1101 2773 1295 2819 provisum,
1311 2783 1391 2806 cum
1403 2771 1447 2806 ad
1463 2771 1594 2806 cralem
