1916 3236
744 192 1066 255 PRAEFA'rio.
1538 214 1635 254 xm

184 316 304 371 quale
317 309 464 368 fuerit,
484 329 541 358 ,εκ
572 315 660 370 ipso
688 313 844 357 discere
867 317 1199 370 possumus,·qui
1228 328 1270 354 se
1291 314 1492 369 politicis-
1511 315 1635 356 rebus

180 407 228 435 ac
268 393 439 450 negotiis
477 392 700 434 tractandis
734 393 1126 447 occupatum'fuisse
1152 392 1292 432 tradit.
1325 392 1436 447 apud
1464 392 1636 434 Gatelu·

178 466 390 527 zinsllesbi
419 471 626 526 principes
655 471 763 511 vitae
791 478 951 524 partem
979 471 1186 524 transegit,
1214 470 1294 510 fide
1325 484 1373 509 ac
1401 471 1531 525 gratia
1558 486 1646 518 yaae-

177 548 257 598 luit
267 549 363 602 ;„ah
389 547 550 604 illisque
575 547 626 588 ad
653 547 867 597 Sultanum
888 547 1159 590 Mehemetem
1185 547 1410 588 secundum
1437 555 1531 602 post
1558 563 1648 589 ur·-

175 625 271 667 bem
318 620 481 681 captam
521 625 674 680 legatus
715 627 858 666 missus
899 633 974 670 est.
1030 627 1183 667 Rerum
1214 624 1499 680 quarundam,
1530 638 1634 680 quas

176 711 350 754 narrat,
382 710 587 758 spectator
615 703 722 755 fuit3
756 718 933 758 cumque
962 704 1213 758 principibus
1242 704 1324 744 istis
1350 702 1504 744 Lesbiis
1530 717 1632 757 ope-

176 794 273 837 ram
295 782 535 833 amaverit,
568 781 611 822 in
641 775 734 822 Asia
760 796 823 822 res
852 789 1012 836 gestas,
1042 783 1084 822 in
1115 796 1196 836 qua
1227 781 1361 836 ipsum
1390 788 1532 822 natum
1562 782 1630 823 fu-

174 856 262 902 isse,
295 859 515 903 verisimile
544 867 630 911 est,
672 860 735 899 vel
783 861 823 898 in
854 859 1010 907 Lesbo,
1043 860 1268 899 accuratius
1295 859 1456 901 novisse
1481 862 1631 914 potuit.

174 944 298 993 atque
329 938 380 978 de
403 938 519 978 Duca
547 936 714 991 eiusque
747 937 953 977 scribendi
985 938 1145 976 ratione
1174 938 1379 978 hactenus.

215 1047 220 1049 s
283 1017 401 1068 Quae
424 1029 519 1056 vero
540 1015 580 1055 in
597 1015 678 1054 hoc
690 1014 849 1066 edendo
870 1014 974 1054 libro
993 1014 1068 1068 ipsi
1086 1015 1420 1068 praestiterimus,
1443 1015 1631 1072 deinceps

171 1093 410 1148 exponenda
424 1099 534 1135 sunt.
556 1094 676 1132 unico
691 1092 831 1133 codice
847 1091 1118 1132 bibliothecae
1131 1081 1278 1146 Regiae
1294 1093 1357 1133 usi
1371 1107 1522 1135 sumus.
1539 1109 1634 1150 ope·

169 1172 229 1218 ria
243 1171 337 1219 finis
353 1171 401 1211 in,
416 1184 468 1212 eo
486 1169 762 1220 desideratur3
793 1183 868 1209 nec
887 1169 1090 1222 scriptura
1116 1170 1203 1209 eius
1219 1171 1411 1225 castigata
1431 1179 1470 1212 et
1491 1186 1632 1213 emen-

170 1247 274 1293 data*
290 1255 366 1299 est,
393 1255 435 1288 at
460 1247 814 1302 pronunciationis
841 1246 1063 1287 hodiernae
1091 1247 1207 1298 vitio,
1239 1249 1482 1291 confusione
1511 1252 1632 1292 nimi-

171 1339 266 1368 rum
293 1339 316 1367 ε
339 1327 473 1367 tenuis
514 1340 610 1366 cum
639 1338 686 1364 αι
714 1323 999 1379 diphthongo,
1031 1324 1251 1364 Iotacismo
1281 1326 1403 1366 etiam
1434 1329 1632 1371 continuo

171 1412 393 1459 corrupta,
421 1405 478 1444 ita
503 1410 548 1444 ut
575 1415 694 1457 saepe
725 1402 874 1443 vocalis
900 1417 980 1442 una
1011 1417 1093 1457 pro
1121 1401 1218 1455 alia,
1249 1403 1528 1460 diphthongus
1556 1421 1632 1461 pro

170 1481 332 1533 vocali,
375 1495 423 1522 ac
460 1483 550 1522 vice
578 1495 698 1522 versa
726 1480 962 1521 succedant.
998 1488 1129 1521 textus
1159 1481 1266 1522 illius
1293 1483 1511 1524 continuus
1545 1493 1626 1534 est,

169 1574 255 1601 non
281 1559 532 1601 sectionibus
578 1567 649 1599 aut
677 1558 882 1613 capitibus
911 1559 1153 1607 distinctus,
1187 1563 1252 1600 cui
1283 1563 1522 1615 marginales
1551 1577 1628 1603 no-

167 1637 278 1678 tulae
305 1637 456 1678 iudices
476 1637 720 1692 quibusdam
737 1637 831 1677 locis
861 1638 1066 1691 appositae
1087 1646 1195 1678 sunt.
1231 1638 1453 1680 faciliorem
1481 1641 1628 1682 lectio-

167 1729 263 1757 nem
291 1722 337 1755 ut
373 1716 659 1766 redderemus,
694 1722 847 1754 textum
894 1716 933 1754 in
989 1716 1121 1769 capita
1166 1716 1350 1757 dividere
1381 1718 1514 1758 visum
1541 1727 1626 1772 est3

166 1782 418 1848 marginibus
461 1794 583 1834 etiam
620 1793 780 1834 notulas
819 1807 1022 1846 apponere
1067 1794 1217 1834 indices
1248 1809 1418 1848 eorum,
1448 1811 1554 1852 quae
1583 1799 1628 1839 in

168 1878 278 1912 textu
310 1878 544 1912 narrantur.
576 1884 753 1925 cumque
786 1877 1044 1924 temporum,
1075 1872 1224 1925 quibus
1255 1887 1320 1913 res
1347 1882 1482 1928 gestae
1509 1885 1623 1930 sunt,

166 1949 349 2003 epochae
385 1949 551 1989 omnino
583 1949 832 1988 necessariae
868 1949 966 1995 sint,
998 1955 1043 1987 ut
1074 1948 1185 1987 clara
1218 1963 1263 1988 ac
1292 1953 1503 2005 perspicua
1533 1968 1630 1995 nar.

166 2027 270 2067 ratio
297 2026 468 2075 evadat,
498 2024 588 2065 illas
620 2039 713 2065 cum
730 2038 776 2064 ex
805 2020 974 2064 historia
1000 2026 1432 2076 Musulmanicm'tum
1459 2045 1505 2071 cx
1538 2032 1628 2074 aliis

166 2106 330 2146 Graecis
359 2119 407 2145 ac
426 2105 581 2144 Latinis
608 2110 813 2156 excerptas
843 2104 1114 2156 apposuimus.
1142 2119 1269 2145 annos
1299 2105 1420 2147 etiam
1438 2108 1627 2164 Hegirae‚

138 2181 236 2222 ·ubi
277 2195 436 2222 necesse
472 2181 575 2232 fuit,
620 2188 661 2221 et
706 2181 757 2220 ab
798 2181 896 2220 orbe
942 2180 1110 2221 condito
1161 2183 1385 2224 secundum
1414 2186 1626 2242 Graecos,

159 2259 416 2301 ‘Christianae
444 2273 561 2299 aerae
589 2260 705 2299 annis
728 2258 894 2299 adiectis
923 2258 1235 2312 adscripsimus*
1286 2261 1512 2305 Historiam
1540 2267 1624 2321 By-

165 2339 370 2383 zantinam
417 2337 627 2391 appellare
666 2337 820 2391 placuit
841 2367 852 2388 ‚
897 2339 1089 2390 quoniam
1118 2339 1253 2378 Ducas
1282 2354 1344 2379 res
1376 2342 1416 2380 in
1446 2342 1517 2383 illo
1546 2344 1625 2384 im-

162 2415 276 2469 perio
306 2423 435 2469 gestas
449 2415 638 2455 Mauuele
658 2415 840 2455 Iohanne
870 2421 909 2454 et
931 2415 1198 2456 Constantino
1226 2419 1520 2472 imperantibus
1549 2421 1624 2463 de-

162 2493 318 2533 scribit.
363 2500 481 2533 notas
522 2493 630 2533 libro
670 2492 939 2543 subiecimus,
973 2500 1017 2532 ut
1057 2508 1299 2535 consensum
1327 2511 1373 2536 ac
1401 2497 1626 2541 dissensum

164 2571 408 2613 narrationis
443 2570 584 2609 Ducae
626 2584 720 2609 cum
751 2570 928 2609 Laonico
969 2568 1154 2610 Phranzc
1184 2571 1433 2613 Leunclavio
1467 2582 1507 2616 et
1538 2577 1625 2618 aliis

159 2647 430 2688 indicaremus
450 2677 462 2698 ‚
493 2648 557 2687 vel
598 2647 677 2686 alia
707 2654 856 2686 notatu
887 2646 1008 2700 digna
1041 2648 1342 2690 adnotaremus.
1373 2665 1425 2691 ne
1452 2654 1624 2697 nimium

160 2732 387 2766 crescerent
427 2724 698 2774 inhibuimus,
745 2724 915 2777 illasque
939 2754 950 2772 ,
997 2732 1198 2778 quantum
1236 2741 1360 2780 penes
1400 2743 1474 2769 nos
1515 2731 1620 2782 fuit,

159 2803 448 2846 contraximus.
476 2803 616 2844 Ducae
642 2802 834 2844 historiae
860 2801 1109 2844 Chronicum
1136 2803 1287 2856 breve,
1320 2820 1366 2847 ex
1395 2806 1621 2856 bibliothe„
