1890 3204
284 168 396 226 630
873 167 1154 228 BULLlALm

393 290 441 332 P.
471 290 567 341 516,
608 303 666 334 12·
732 285 965 340 Ἀκουβάν]
1034 286 1240 326 Phranzes
1282 284 1402 325 huius
1430 284 1507 325 loci
1534 286 1723 327 meminit

280 345 349 385 lib.
381 346 402 385 3
436 360 521 399 cap.
548 359 611 388 22,
672 343 814 383 Acuva
838 357 905 382 seu
936 342 1146 382 Accumba
1175 343 1215 380 in
1244 340 1373 380 Elidis
1402 341 1717 392 mediterraneis,

279 401 376 439 olim
407 401 594 454 Hypania
622 398 835 452 appellata,
864 397 1130 450 Peloponnesi
1164 396 1271 435 urbs.
1329 395 1612 448 Tyrophagiae
1638 397 1716 437 do-

226 485 228 489 .
279 455 427 494 minica
462 456 538 495 fuit
580 454 650 493 illo
691 467 797 492 anno
827 451 1045 502 Februarii
1075 465 1097 505 7
1115 480 1126 500 ,
1157 451 1312 490 Pascha
1340 451 1480 489 Martii
1510 449 1588 502 28,
1617 450 1717 505 cycl.

278 510 420 549 Lunae
441 523 491 561 2,
521 510 622 550 Solis
636 508 716 558 26,
747 506 862 546 litera
890 508 933 546 C.
963 506 1108 546 eodem
1137 519 1242 545 anno
1272 503 1559 546 Thessalonica
1585 507 1716 559 aRBa-

278 565 396 612 iazite
426 570 558 618 capta.
590 565 725 602 Ducas
754 576 837 615 cap.
875 561 939 601 13.

389 629 439 669 P.
468 629 564 679 516,
591 629 649 667 15.
705 623 947 680 Δημήτριος
975 623 999 665 ὅ
1023 622 1140 678 Ῥάλ]
1200 625 1408 668 Phranzes
1445 625 1497 665 de
1534 624 1713 668 Iohanne

276 684 399 731 Rale‚
431 698 551 736 quem
579 682 800 736 Georgium
839 683 962 721 etiam
992 680 1165 722 Raulem
1192 681 1449 735 appellarat,
1483 687 1523 719 et
1555 680 1606 720 de
1635 681 1718 720 Mi·

276 739 415 778 chaele
444 738 571 778 Raule
599 738 669 780 lib.
691 738 712 775 3
743 751 830 790 cap.
863 736 914 776 26
941 743 981 775 et
1010 735 1062 776 28
1090 736 1334 776 mentionem
1362 735 1470 775 facit,
1500 749 1548 776 ex
1575 735 1718 778 eadem

275 794 383 834 forte
413 800 531 847 gente
559 800 679 832 erant
708 805 753 830 ac
781 791 851 830 ille
887 790 1264 845 q'uiApocauchum
1293 790 1455 830 occidit.

385 859 434 899 P.
465 858 564 907 516,
588 857 650 909 14,
705 856 782 896 τοῦ
814 854 1022 910 Λεόντος]
1051 856 1188 910 Vulgo
1218 856 1480 894 Leontarium
1502 860 1549 895 et
1572 855 1716 897 Leon-

274 914 375 962 tari,
406 910 587 965 Msya'iq
617 908 737 957 πόλις
764 911 862 951 olim
892 911 1106 964 appellata.
1136 919 1176 950 at
1202 911 1240 950 in
1267 910 1419 949 tabulis
1446 910 1718 964 geographicis

270 968 478 1010 Leondari
505 969 624 1020 longe
652 981 675 1006 a
701 966 942 1020 Megalopoli
981 980 1119 1006 versus
1145 979 1328 1005 occasum
1359 965 1492 1006 distat.
1549 965 1717 1008 Albani-

270 1030 336 1062 tae
364 1030 457 1062 sunt
497 1022 649 1062 Albani
689 1021 1013 1075 Peloponnesum
1047 1022 1290 1068 incolentes,
1331 1027 1377 1059 ut
1403 1020 1454 1059 ad
1482 1020 1621 1071 Ducae
1649 1034 1718 1060 ea-

270 1084 347 1131 put
372 1079 422 1117 52
450 1077 716 1118 ostendimus.
1560 1120 1562 1122 v

380 1142 434 1182 P.
465 1142 562 1193 516,
601 1156 675 1196 17:
719 1139 1048 1195 ἐσυμφώνησεν]
1120 1140 1206 1179 Ubi
1241 1139 1352 1179 loeus
1382 1138 1450 1179 ille
1480 1139 1716 1183 Thenmisus

269 1196 493 1250 appellatus
531 1199 572 1236 in
612 1199 779 1236 Graecia
820 1198 898 1244 sit,
947 1195 1047 1235 mihi
1098 1194 1409 1248 incompertum.
1440 1195 1718 1248 -Mylopotami

268 1253 425 1303 turris,
472 1252 524 1291 de
560 1266 640 1306 qua
680 1251 745 1290 hic
780 1251 826 1289 fit
860 1250 1042 1298 mentio,
1073 1250 1228 1302 pariter
1251 1250 1355 1289 *mihi
1387 1250 1621 1303 incognitae>
1647 1262 1717 1291 ea·

264 1314 397 1345 >strum
428 1306 581 1346 insulae
607 1307 749 1345 Cretae
785 1306 863 1344 hoc
892 1307 985 1344 loco
1012 1319 1094 1343 esse
1121 1304 1428 1358 intelligendum
1447 1334 1460 1354 ,
1489 1318 1578 1343 non.
1596 1303 1716 1346 facile

267 1361 536 1414 persuadeor,
566 1375 661 1403 cum
688 1361 730 1400 in
759 1361 1042 1413 Peloponneso
1068 1360 1191 1399 situm
1221 1373 1302 1399 esse
1329 1360 1470 1399 locum
1500 1357 1616 1399 illum
1643 1366 1715 1398 aut

267 1415 308 1454 in
337 1417 473 1455 Attica
507 1423 710 1469 oporteat.
768 1417 923 1468 Megra,
951 1415 1116 1467 Megara
1146 1414 1240 1455 olim
1271 1413 1486 1468 appellata,
1512 1412 1629 1462 loeus
1655 1416 1716 1454 est

268 1471 310 1509 in
337 1470 472 1510 Attica
502 1472 553 1510 ad
579 1470 712 1510 sinum
743 1470 988 1508 Saronicum
1012 1469 1135 1522 vulgo
1166 1469 1247 1507 Gol
1263 1483 1286 1508 ο
1312 1469 1513 1520 d'Engia.

378 1535 429 1578 P.
460 1535 557 1589 516,
589 1549 656 1576 21.
731 1529 752 1574 ὃ
782 1532 1095 1587 Γιαγουπασᾶς]
1140 1534 1379 1574 »Αάοιιῃάιιε
1405 1533 1609 1574 Phranzes
1640 1531 1712 1576 lib.

265 1603 288 1629 '1
331 1603 421 1643 cap.
451 1604 517 1633 20.
1691 1595 1694 1597 ’

375 1654 427 1699 Ρ.
458 1655 552 1710 517,
577 1655 620 1704 4.
673 1654 910 1706 παρέλαβεν
939 1648 961 1693 ὅ
987 1650 1218 1708 Δεσπότης]
1275 1653 1442 1694 Iacobus
1470 1652 1613 1694 Bosius
1643 1653 1714 1696 lib.

267 1707 292 1759 4
321 1709 422 1749 nist.
457 1711 544 1749 mil.
563 1709 839 1763 Hierosolym.
869 1709 994 1749 tradit
1015 1708 1278 1748 Dominicum
1306 1709 1356 1748 de
1382 1708 1590 1748 Alemania
1619 1723 1714 1749 cum

265 1765 484 1803 Theodoro
515 1765 872 1819 Porphyrogenito
916 1765 1079 1803 nomine
1117 1763 1276 1817 collegii
1303 1771 1342 1803 et
1369 1764 1575 1802 societatis
1602 1763 1714 1802 mili-

267 1819 347 1857 tiae
387 1818 777 1873 Hierosolymitanae
819 1818 1038 1873 pepigisse,
1079 1825 1118 1857 et
1149 1819 1200 1857 de
1241 1818 1310 1857 lite
1346 1817 1582 1871 transegisse
1609 1832 1715 1871 quae

268 1873 374 1911 inter
400 1872 667 1913 Theodorum
709 1881 748 1913 et
777 1873 960 1913 Rhodios
1003 1870 1095 1912 orta
1134 1880 1220 1912 erat
1249 1872 1501 1912 venditionis
1539 1881 1662 1913 causa
1690 1888 1713 1912 a

135 1928 490 1981 PnssowTheodoro
532 1929 690 1981 factae,
737 1929 807 1983 qui
847 1929 1108 1982 despotatnm
1153 1928 1422 1981 Peloponnesi
1460 1927 1643 1966 Corinthi
1674 1934 1715 1967 et
1768 1932 1771 1935 '

269 1982 594 2023 Lacedaemonis
630 1983 799 2037 collegio
842 1983 1093 2023 Rhodiorum
1142 1983 1380 2022 vendiderat
1424 1996 1530 2021 anno
1564 1981 1714 2022 Christi

274 2038 405 2090 1597,
446 2039 549 2092 1111111
573 2040 744 2092 Magnus
791 2039 978 2092 magister
1014 2045 1102 2078 erat
1143 2037 1393 2077 Philibertus
1434 2037 1483 2077 de
1511 2035 1713 2082 Nailaceu.

266 2090 327 2130 'liti
353 2093 429 2131 hac
457 2093 690 2133 conditione
718 2093 804 2133 finis
835 2094 1060 2146 impositus,
1092 2098 1148 2131 ut‘
1167 2092 1334 2132 Rhodiis
1363 2091 1529 2131 ducatos
1561 2104 1707 2132 aureos

268 2155 390 2199 supra
432 2148 698 2201 quadraginta
742 2163 807 2187 sex
850 2148 961 2188 mille
1001 2148 1238 2201 quingentos
1275 2147 1392 2188 sortis
1419 2161 1465 2185 ac
1488 2158 1710 2187 usurarum

270 2203 437 2241 nomine
473 2202 644 2242 solveret
673 2202 941 2255 Theodorus,
980 2210 1019 2242 et
1044 2204 1099 2241 ita
1128 2202 1368 2242 Corinthum
1396 2203 1482 2239 eius
1513 2199 1710 2239 castella-

267 2258 403 2307 niam,
451 2257 706 2300 Calauretam
767 2259 931 2312 eiusque
979 2271 1119 2310 agrum
1164 2258 1240 2309 ipsi
1281 2255 1494 2295 redderent
1541 2254 1708 2294 Rhodii.

268 2318 405 2351 aetum
431 2312 558 2351 refert
595 2314 741 2352 Bosius
769 2328 875 2352 anno
911 2312 1037 2363 1404,
1080 2311 1230 2365 Aprilis
1258 2311 1325 2351 die
1352 2317 1474 2351 sexta.
1505 2309 1555 2349 de
1586 2309 1710 2348 Pelo-

268 2367 439 2418 ponnesi
466 2367 702 2409 venditione
732 2368 934 2408 Phranzes
962 2368 1034 2410 lib.
1070 2381 1084 2406 1
1116 2381 1204 2420 cap.
1240 2380 1318 2418 20,
1348 2366 1416 2419 qui
1443 2362 1706 2405 Theodorum

268 2420 472 2472 Spartam,
504 2436 583 2460 non
614 2429 738 2461 totam
760 2423 1087 2476 Peloponnesum
1106 2421 1276 2462 Rhodiis
1303 2419 1528 2460 vendidisse
1558 2418 1709 2458 scribit.

379 2476 432 2516 P.
463 2476 556 2529 517,
592 2491 652 2516 11.
717 2474 930 2530 ,ΤΙῙανουὴλ
957 2475 981 2517 ὃ
1013 2474 1227 2530 βασιλεύς]
1283 2475 1387 2515 Vide
1408 2487 1511 2528 quae
1544 2472 1707 2513 notavi·

267 2543 356 2568 mus
387 2530 439 2568 ad
469 2531 607 2572 Ducae
638 2546 724 2586 cap.
754 2547 822 2571 20.

380 2584 430 2624 P.
461 2584 561 2639 517,
616 2587 677 2625 16.
742 2584 1044 2640 Ἀναβαρέζοι]
1114 2585 1309 2625 Abarinos
1347 2584 1454 2623 forte
1489 2580 1702 2634 intelligit:

268 2638 478 2678 Abarinus
520 2646 653 2679 autem
694 2649 755 2680 est
795 2642 922 2695 Pylus
963 2644 1127 2694 antiqua
1154 2641 1332 2680 Nestoris
1369 2635 1510 2692 patria.
1550 2638 1580 2674 si
1613 2638 1705 2689 quis

268 2707 369 2732 vero
398 2695 624 2733 Navarenos
673 2710 694 2734 e
723 2702 855 2735 castro
886 2696 1091 2735 Navarino
1110 2726 1120 2744 ,
1162 2695 1274 2748 quod
1299 2694 1352 2733 ad
1378 2691 1704 2746 promontorium

270 2748 450 2792 zanchio
479 2748 598 2806 vulgo
628 2750 873 2808 appellatum
902 2750 1022 2793 situm
1056 2758 1131 2803 est,
1161 2749 1387 2807 intelligere
1413 2746 1601 2798 voluerit,
1630 2760 1707 2803 per
