1890 3204
265 156 269 159 -
313 123 424 207 596
712 137 735 161 *³
888 149 1177 191 neumam

388 255 389 259 ’
420 251 472 295 Ρ.
509 251 596 306 187,
635 262 675 308 7.
732 249 755 290 ὅ
791 250 839 292 δὲ
865 245 1067 301 βασιλεὺς
1094 249 1334 304 Μανουήλ]
1363 253 1484 296 Hunc
1503 257 1760 314 Mnuaphaxn

309 306 480 347 Moratis
507 307 673 347 tratrem
700 303 1060 359 Mustaphopulum
1088 305 1297 346 Phranzes
1326 308 1396 348 lib.
1431 325 1446 350 1
1480 325 1572 367 cap.
1599 313 1659 367 '4⁰
1677 329 1761 371 ⁸1³·-

307 361 459 413 pellat‚
501 361 825 415 Byzantiumque
860 361 1019 399 venisse
1066 361 1204 400 tradit.
1272 363 1475 406 Laonicus
1513 369 1759 412 vero-'illum

306 416 707 468 apudCaramanum
736 417 904 469 degisse,
936 428 1119 468 quaeque
1139 416 1189 455 ad
1220 417 1372 457 victum
1404 418 1624 463 necessaria
1650 434 1748 468 sunt
1773 424 1777 431 ¹

308 471 362 509 ab
391 485 440 510 eo
472 471 672 525 accepisse
704 470 862 510 scribit.
921 468 1083 523 Cpolim
1112 470 1261 510 deinde
1291 474 1475 526 venisse3
1505 458 1759 521 Graecorun}

304 525 471 565 tandem
505 525 678 565 factione
704 528 746 565 in
776 526 918 565 Asiam
959 531 1257 575 transvectum,
1285 527 1338 566 ab
1371 529 1510 570 Aliaze
1537 532 1758 588 Saraphta-

307 594 372 627 re,
404 581 468 619 cui
500 580 747 621 Mehemetes
776 595 869 620 eum
897 579 1163 629 crediderat,
1196 582 1342 621 Morati
1368 585 1592 637 proditum,
1617 588 1758 630 huius-

307 649 387 687 que
418 635 528 674 iussu
563 634 875 688 strangulatum.
946 634 1214 674 Leunclavius
1242 634 1312 674 lib.
1349 637 1396 689 14
1427 654 1473 679 ex
1500 641 1686 683 vex-antii
1714 652 1757 685 et

303 689 518 729 flanivaldi
547 692 823 730 monumentis
853 689 963 730 illam
991 689 1201 728 historiam
1226 689 1626 747 fusiusexplanavit.

412 744 466 783 P.
504 744 593 792 188,
621 759 664 798 9.
724 742 939 798 Μανουὴλ
965 740 1113 796 ἔκειτο]
1173 746 1354 785 Mortem
1368 748 1567 791 Manuelis
1592 748 1752 794 Phr-an..

304 813 367 838 zes
396 798 590 839 accidisse
614 799 742 840 tradit
769 815 878 840 anno
910 799 1017 854 6933
1037 828 1049 849 ‚
1080 798 1173 838 Iulii
1205 813 1273 848 21,
1305 800 1348 841 id
1373 810 1432 841 est
1451 805 1603 846 Christi
1637 808 1754 859 1425.

411 853 462 893 Ρ.
496 854 586 909 189,
604 869 646 908 9.
677 851 787 895 ὥστε
815 854 994 907 α’ντᾶραι
1012 853 1069 909 τῷ
1101 851 1288 906 Τζινεήτ]
1318 856 1442 897 Anno
1471 858 1646 915 Hegirae
1657 862 1751 915 828,

301 908 370 962 qui
402 913 537 962 coepit
572 909 701 961 1424,
729 910 840 950 Nov.
872 910 951 956 25,
982 909 1056 948 fer.
1088 910 1126 950 5.
1685 943 1687 945 ,

307 975 311 978 ⁴
410 962 463 1003 P.
497 964 586 1018 189,
621 963 685 1004 16.
750 960 1035 1014 Ἀκιντζάῗας]
1095 963 1142 1003 Id
1171 970 1230 1003 est
1262 978 1463 1007 cursores.
1521 968 1653 1011 Ackin
1682 985 1750 1012 ex-

298 1018 453 1057 cursio.
483 1018 682 1059 dicuntur
714 1021 834 1060 etiam
865 1019 1049 1058 Akenzii.
1566 1051 1569 1054 ,

406 1072 458 1111 Ρ.
497 1088 589 1128 190,
607 1089 651 1129 9.
708 1069 934 1125 ἑτοιμάσας
969 1070 1040 1113 τὸν
1074 1071 1144 1125 τῆς
1171 1066 1279 1127 ἑῴας
1305 1073 1499 1129 στράτον]
1557 1079 1675 1131 Quae
1702 1094 1748 1121 ex

297 1126 594 1168 Hanivaldanis
634 1130 907 1169 monumentis
945 1128 1069 1168 refert
1109 1128 1405 1182 Leunclavius,
1437 1131 1579 1173 Ducae
1606 1147 1750 1176 narra-

296 1182 399 1221 tioni
427 1185 554 1238 magis
583 1190 816 1238 congruunt
845 1197 969 1238 quam
996 1197 1100 1236 quae
1128 1196 1173 1221 ex
1197 1183 1446 1226 Verautiano
1476 1187 1548 1228 lib.
1565 1198 1751 1243 excerpta

295 1244 404 1276 sunt.
475 1240 676 1279 Laonicus
708 1239 828 1279 huius
855 1238 1048 1279 adversus
1076 1237 1273 1278 Cineitem
1300 1240 1563 1293 expeditionis
1589 1243 1749 1286 nullum

296 1292 468 1332 verbum
496 1294 608 1334 facit.
1495 1314 1499 1316 -
1671 1316 1686 1325 .-

407 1347 460 1387 Ρ.
497 1362 587 1404 192,
623 1363 660 1388 1.
711 1344 874 1400 “Υψηλῆ
912 1343 1287 1400 ἐπονομαζόμενον]
1343 1349 1494 1392 Turcis
1523 1351 1749 1407 appellatur

296 1399 494 1442 Ala-Sar
539 1405 604 1443 vel
647 1402 888 1451 Alachisar,
938 1402 978 1441 id
1021 1409 1081 1441 est
1123 1403 1250 1441 altum
1290 1411 1486 1448 castrum.
1555 1409 1745 1464 Hypsilin

296 1470 460 1511 quoque
488 1471 576 1497 eam
608 1465 776 1507 vocant,
806 1470 910 1524 quae
938 1464 1079 1495 nostro
1103 1457 1302 1496 maritima
1333 1466 1405 1498 est.

404 1512 458 1551 P.
496 1513 584 1567 193,
615 1526 659 1566 9.
716 1511 941 1562 Ἀμωριον]
999 1511 1203 1565 Phrygiae
1231 1514 1394 1553 maioris
1419 1513 1533 1555 urbs.
1580 1532 1584 1533 ⁷

407 1566 463 1606 Ρ.
497 1567 586 1622 193,
616 1566 686 1620 24.
743 1562 797 1605 τὰ
831 1562 1079 1618 Τριάκοντα]
1137 1565 1249 1605 Alibi
1276 1580 1359 1606 non
1387 1575 1493 1608 extat
1519 1570 1639 1611 huius
1666 1572 1744 1614 loci

294 1633 459 1660 nomen.

405 1676 457 1716 Ρ.
492 1675 585 1729 194,
620 1690 682 1730 17.
739 1670 962 1727 Περσιβάς
994 1673 1319 1728 Παλαβιτζῖνος]
1347 1676 1410 1717 Dc
1438 1677 1516 1718 isto
1545 1680 1647 1720 nihil
1674 1696 1742 1723 re-

292 1730 407 1783 perio
435 1732 478 1769 in
511 1730 715 1770 Genuensi
743 1729 938 1768 Historia.
1006 1732 1009 1733 ’
1492 1776 1494 1779 v

403 1786 457 1825 P.
497 1785 589 1839 195,
617 1784 660 1824 8.
729 1780 751 1823 ὃ
785 1782 832 1822 δὲ
868 1781 1070 1834 Χαμζᾶς]
1143 1784 1220 1824 Hic
1258 1785 1430 1826 Hamzas
1457 1794 1515 1828 est
1542 1790 1612 1842 qui
1632 1803 1656 1829 a
1676 1792 1744 1830 Ci-

291 1839 400 1879 neite
441 1846 631 1945 servatu}
661 1836 738 1879 fui't
756 1867 768 1890 ‚
808 1838 993 1878 Baiazitis
1030 1838 1173 1879 Bassae
1219 1840 1378 1893 frater3
1423 1841 1475 1882 de
1511 1857 1592 1897 quo
1620 1859 1743 1899 supra

292 1901 431 1934 actum
456 1909 501 1935 ca
535 1923 544 1932 .
579 1908 601 1934 2
636 1922 646 1932 .

403 1950 457 1990 P.
493 1909 586 2004 336,
622 1962 685 2003 19.
744 1949 843 2001 Cap.
877 1961 945 2001 29.
1005 1943 1078 1985 καί
1109 1944 1330 2000 Λάζαρος]
1388 1949 1480 1990 Nou
1508 1952 1741 2005 appellaba-

290 2010 359 2042 tur
384 2005 587 2054 Lazarus,
624 2003 698 2043 sed
727 2002 957 2056 Stephanus
989 2002 1129 2041 Lazari
1153 2003 1202 2041 F.
1231 2003 1296 2042 hic
1324 2004 1511 2057 loquutus
1542 2014 1602 2047 est
1632 2009 1740 2048 Tur·

289 2072 430 2097 corum
463 2073 605 2109 more,
635 2059 705 2112 qui
734 2059 898 2099 Serviae
925 2057 1117 2110 despotas
1143 2058 1321 2098 Lazaros
1349 2060 1433 2099 sive
1460 2061 1740 2118 Lazar-ogli-

295 2127 341 2153 os
370 2115 647 2167 appellarunt.

398 2170 452 2208 P.
489 2183 581 2223 197,
618 2183 655 2208 1.
722 2163 746 2206 ὅ
787 2162 989 2218 δεσπότης
1027 2164 1308 2219 Ἀνδρόνικος]
1377 2170 1583 2210 Laonicus-
1607 2171 1678 2211 lib.
1711 2173 1739 2224 4

289 2223 340 2262 ab
360 2222 608 2272 Andronico,
638 2223 708 2277 qui
737 2221 996 2274 elephantiasi
1021 2227 1161 2273 postea
1191 2222 1314 2274 obiit,
1342 2224 1546 2264 venditam
1572 2226 1740 2267 Venetis

287 2278 632 2329 Thessalonicam,
659 2276 769 2331 quod
792 2277 842 2315 ad
858 2276 1053 2315 tuendam
1081 2274 1190 2314 illam
1218 2278 1350 2331 impar
1377 2286 1496 2330 esset,
1526 2279 1598 2318 lib.
1621 2280 1738 2321 dein·-

288 2332 339 2371 de
367 2334 391 2373 5
417 2341 509 2387 post
537 2333 797 2385 Mustapham
824 2344 847 2369 a
878 2333 1036 2370 Morate
1064 2331 1188 2370 fratre
1216 2345 1291 2371 suo
1325 2335 1504 2372 occisum
1520 2335 1737 2375 Thessalo-

289 2387 423 2426 nicam
457 2388 508 2427 ab
537 2387 614 2426 hoc
636 2384 800 2427 Mor‘ate
815 2392 1082 2439 expugnatam
1110 2385 1228 2425 fuisse
1256 2387 1393 2426 tradit.
1421 2388 1498 2428 hoc
1531 2390 1622 2429 loco
1651 2405 1737 2430 me-

288 2443 452 2481 minisse
498 2449 659 2495 oportet
699 2455 723 2481 a
757 2442 933 2480 Laonico
971 2439 1300 2481 Thessalonicam
1333 2442 1555 2483 Thermum
1582 2447 1733 2485 vocari.

159 2504 194 2538 P.
209 2505 274 2539 252
288 2497 490 2536 Phranzes
531 2497 604 2536 lib.
640 2511 653 2536 1
700 2510 815 2549 capp.
846 2509 892 2534 21
937 2502 979 2534 et
1015 2496 1068 2534 52
1101 2498 1224 2534 etiam
1267 2497 1489 2537 adeundus.
1529 2499 1600 2538 sed
1640 2513 1733 2553 cap.

248 2592 260 2595 Α
289 2566 336 2591 21
378 2565 556 2591 errorem
591 2551 752 2591 admisit
780 2558 819 2589 et
851 2550 1249 2603 parachronismum:
1297 2553 1355 2591 ait
1392 2553 1734 2592 cnim'Androni..

288 2621 383 2646 cum
423 2607 568 2646 eodem
609 2620 713 2644 anno
752 2604 1079 2644 Thessalonicam
1117 2605 1378 2654 vendidisse,
1424 2621 1505 2648 ouo
1543 2608 1734 2648 Theodo-

288 2663 357 2701 rus
387 2661 726 2701 Lacedaemonem
775 2659 1029 2699 Rhodiorum
1082 2658 1253 2714 collegio
1293 2652 1479 2714 Spartam
1517 2663 1732 2714 vendidit,

289 2717 401 2770 quod
430 2724 486 2756 est
517 2715 788 2756 falsissimum.
847 2714 1033 2754 Nicolaus
1062 2714 1308 2769 Doglionius
1328 2716 1506 2758 Venetae
1534 2717 1635 2757 Hist.
1658 2718 1731 2757 lib.
