<?xml version="1.0" encoding="UTF-8"?>
<!DOCTYPE html PUBLIC "-//W3C//DTD XHTML 1.0 Transitional//EN"
    "http://www.w3.org/TR/xhtml1/DTD/xhtml1-transitional.dtd">
<html xmlns="http://www.w3.org/1999/xhtml" xml:lang="en" lang="en">
 <head>
  <title>
</title>
<meta http-equiv="Content-Type" content="text/html;charset=utf-8" />
  <meta name='ocr-system' content='tesseract 3.04.00' />
  <meta name='ocr-capabilities' content='ocr_page ocr_carea ocr_par ocr_line ocrx_word'/>
</head>
<body>
  <div class='ocr_page' id='page_1' title='image "./corpusscriptorum11niebuoft_0327.png"; bbox 0 0 1884 3216; ppageno 0'>
   <div class='ocr_carea' id='block_1_1' title="bbox 0 0 219 271">
    <p class='ocr_par' dir='ltr' id='par_1_1' title="bbox 0 0 219 271">
     <span class='ocr_line' id='line_1_1' title="bbox 0 0 219 271; baseline 0 2945"><span class='ocrx_word' id='word_1_1' title='bbox 0 0 219 271; x_wconf 95' lang='lat' dir='ltr'><strong><em> </em></strong></span> 
     </span>
    </p>
   </div>
   <div class='ocr_carea' id='block_1_2' title="bbox 477 157 1728 232">
    <p class='ocr_par' dir='ltr' id='par_1_2' title="bbox 477 157 1728 232">
     <span class='ocr_line' id='line_1_2' title="bbox 477 157 1728 232; baseline -0.005 -14"><span class='ocrx_word' id='word_1_2' title='bbox 477 172 770 219; x_wconf 67' lang='lat' dir='ltr'>msromAE</span> <span class='ocrx_word' id='word_1_3' title='bbox 804 175 1142 220; x_wconf 72' lang='lat' dir='ltr'>nYzAmm-AE</span> <span class='ocrx_word' id='word_1_4' title='bbox 1186 175 1307 219; x_wconf 80' lang='lat' dir='ltr'>CAP.</span> <span class='ocrx_word' id='word_1_5' title='bbox 1344 176 1447 218; x_wconf 77' lang='lat' dir='ltr'><strong><em>xm.</em></strong></span> <span class='ocrx_word' id='word_1_6' title='bbox 1616 157 1728 232; x_wconf 81' lang='lat'><strong><em>309</em></strong></span> 
     </span>
    </p>
   </div>
   <div class='ocr_carea' id='block_1_3' title="bbox 204 273 1773 1851">
    <p class='ocr_par' dir='ltr' id='par_1_3' title="bbox 204 273 1773 1851">
     <span class='ocr_line' id='line_1_3' title="bbox 259 273 1730 334; baseline 0 -15"><span class='ocrx_word' id='word_1_7' title='bbox 259 291 350 334; x_wconf 54' lang='lat'><strong><em>7⁴⁰⁶</em></strong></span> <span class='ocrx_word' id='word_1_8' title='bbox 377 291 491 334; x_wconf 81' lang='grc' dir='ltr'><strong><em>μου,</em></strong></span> <span class='ocrx_word' id='word_1_9' title='bbox 530 275 558 320; x_wconf 75' lang='grc' dir='ltr'>ὃ</span> <span class='ocrx_word' id='word_1_10' title='bbox 594 274 873 334; x_wconf 77' lang='grc' dir='ltr'><strong><em>ἐπεφύλλισέν</em></strong></span> <span class='ocrx_word' id='word_1_11' title='bbox 898 293 988 332; x_wconf 90' lang='grc' dir='ltr'><strong><em>μοι.</em></strong></span> <span class='ocrx_word' id='word_1_12' title='bbox 1063 279 1108 329; x_wconf 82' lang='grc' dir='ltr'><strong><em>ἐξ</em></strong></span> <span class='ocrx_word' id='word_1_13' title='bbox 1134 273 1274 334; x_wconf 69' lang='grc' dir='ltr'><strong><em>ὕψους</em></strong></span> <span class='ocrx_word' id='word_1_14' title='bbox 1302 277 1436 321; x_wconf 69' lang='grc' dir='ltr'><strong><em>αὐτοῦ</em></strong></span> <span class='ocrx_word' id='word_1_15' title='bbox 1463 278 1730 330; x_wconf 74' lang='grc' dir='ltr'><strong><em>ἐξαπέστειλε</em></strong></span> 
     </span>
     <span class='ocr_line' id='line_1_4' title="bbox 276 338 1730 403; baseline -0.002 -16"><span class='ocrx_word' id='word_1_16' title='bbox 276 345 366 403; x_wconf 59' lang='grc' dir='ltr'><strong><em>ςιῢρ</em></strong></span> <span class='ocrx_word' id='word_1_17' title='bbox 393 343 552 394; x_wconf 70' lang='grc' dir='ltr'><strong><em>ἐντοῖς</em></strong></span> <span class='ocrx_word' id='word_1_18' title='bbox 581 338 740 392; x_wconf 76' lang='grc' dir='ltr'><strong><em>ὀστέοις</em></strong></span> <span class='ocrx_word' id='word_1_19' title='bbox 763 358 872 397; x_wconf 91' lang='grc' dir='ltr'><strong><em>μου,</em></strong></span> <span class='ocrx_word' id='word_1_20' title='bbox 899 345 974 388; x_wconf 81' lang='grc' dir='ltr'>καί</span> <span class='ocrx_word' id='word_1_21' title='bbox 1007 342 1234 401; x_wconf 77' lang='grc' dir='ltr'><em>κατήγαγεν</em></span> <span class='ocrx_word' id='word_1_22' title='bbox 1261 342 1366 387; x_wconf 72' lang='grc' dir='ltr'><strong><em>αὐτὸ</em></strong></span> <span class='ocrx_word' id='word_1_23' title='bbox 1399 344 1466 387; x_wconf 81' lang='grc' dir='ltr'><strong><em>ἐπ’</em></strong></span> <span class='ocrx_word' id='word_1_24' title='bbox 1496 344 1586 396; x_wconf 86' lang='grc' dir='ltr'><strong><em>ἐμέ.</em></strong></span> <span class='ocrx_word' id='word_1_25' title='bbox 1643 344 1730 385; x_wconf 77' lang='grc' dir='ltr'><strong><em>διε-</em></strong></span> 
     </span>
     <span class='ocr_line' id='line_1_5' title="bbox 278 404 1724 467; baseline -0.001 -15"><span class='ocrx_word' id='word_1_26' title='bbox 278 409 634 452; x_wconf 73' lang='grc' dir='ltr'><strong><em>πέτασεδίκτυον</em></strong></span> <span class='ocrx_word' id='word_1_27' title='bbox 661 413 749 458; x_wconf 81' lang='grc' dir='ltr'><strong><em>τοῖς</em></strong></span> <span class='ocrx_word' id='word_1_28' title='bbox 777 411 881 452; x_wconf 88' lang='grc' dir='ltr'><strong><em>ποσί</em></strong></span> <span class='ocrx_word' id='word_1_29' title='bbox 899 425 984 463; x_wconf 88' lang='grc' dir='ltr'><strong><em>μου</em></strong></span> <span class='ocrx_word' id='word_1_30' title='bbox 998 423 1011 435; x_wconf 89' lang='grc'><em>·</em></span> <span class='ocrx_word' id='word_1_31' title='bbox 1065 410 1300 467; x_wconf 78' lang='grc' dir='ltr'><strong><em>ἀπέτρεψέν</em></strong></span> <span class='ocrx_word' id='word_1_32' title='bbox 1324 425 1379 464; x_wconf 87' lang='grc' dir='ltr'><strong><em>με</em></strong></span> <span class='ocrx_word' id='word_1_33' title='bbox 1407 411 1467 460; x_wconf 84' lang='grc' dir='ltr'><strong><em>εἷς</em></strong></span> <span class='ocrx_word' id='word_1_34' title='bbox 1492 407 1544 452; x_wconf 82' lang='grc' dir='ltr'><strong><em>τά</em></strong></span> <span class='ocrx_word' id='word_1_35' title='bbox 1576 404 1724 450; x_wconf 77' lang='grc' dir='ltr'><strong><em>ὀπίσω.</em></strong></span> 
     </span>
     <span class='ocr_line' id='line_1_6' title="bbox 277 470 1766 533; baseline 0.001 -16"><span class='ocrx_word' id='word_1_36' title='bbox 277 473 409 519; x_wconf 78' lang='grc' dir='ltr'><strong><em>ἔδωκέ</em></strong></span> <span class='ocrx_word' id='word_1_37' title='bbox 433 490 488 530; x_wconf 84' lang='grc' dir='ltr'><strong><em>με</em></strong></span> <span class='ocrx_word' id='word_1_38' title='bbox 515 475 827 532; x_wconf 81' lang='grc' dir='ltr'><strong><em>ἤφανισμένην,</em></strong></span> <span class='ocrx_word' id='word_1_39' title='bbox 856 470 956 531; x_wconf 81' lang='grc' dir='ltr'><strong><em>ὅλην</em></strong></span> <span class='ocrx_word' id='word_1_40' title='bbox 981 477 1057 531; x_wconf 77' lang='grc' dir='ltr'><strong><em>την</em></strong></span> <span class='ocrx_word' id='word_1_41' title='bbox 1078 475 1242 533; x_wconf 80' lang='grc' dir='ltr'><strong><em>ἡμέραν</em></strong></span> <span class='ocrx_word' id='word_1_42' title='bbox 1271 476 1550 530; x_wconf 80' lang='grc' dir='ltr'><strong><em>ὄδυνωμένην.</em></strong></span> <span class='ocrx_word' id='word_1_43' title='bbox 1606 475 1766 529; x_wconf 79' lang='grc' dir='ltr'><strong><em>ἐξῆρεΒ</em></strong></span> 
     </span>
     <span class='ocr_line' id='line_1_7' title="bbox 240 534 1730 598; baseline -0.003 -11"><span class='ocrx_word' id='word_1_44' title='bbox 240 537 438 592; x_wconf 56' lang='lat' dir='ltr'>[vicinae</span> <span class='ocrx_word' id='word_1_45' title='bbox 463 538 564 591; x_wconf 78' lang='grc' dir='ltr'><strong><em>τούς</em></strong></span> <span class='ocrx_word' id='word_1_46' title='bbox 607 539 813 597; x_wconf 75' lang='grc' dir='ltr'><strong><em>ἰσχυρούς</em></strong></span> <span class='ocrx_word' id='word_1_47' title='bbox 839 556 924 594; x_wconf 92' lang='grc' dir='ltr'><strong><em>μου</em></strong></span> <span class='ocrx_word' id='word_1_48' title='bbox 958 540 981 584; x_wconf 81' lang='grc' dir='ltr'>ὅ</span> <span class='ocrx_word' id='word_1_49' title='bbox 1008 539 1150 598; x_wconf 81' lang='grc' dir='ltr'><strong><em>κύριος</em></strong></span> <span class='ocrx_word' id='word_1_50' title='bbox 1171 543 1218 585; x_wconf 87' lang='grc' dir='ltr'><strong><em>ἐκ</em></strong></span> <span class='ocrx_word' id='word_1_51' title='bbox 1238 534 1376 596; x_wconf 75' lang='grc' dir='ltr'><strong><em>Ιμέσου</em></strong></span> <span class='ocrx_word' id='word_1_52' title='bbox 1406 556 1503 595; x_wconf 88' lang='grc' dir='ltr'><strong><em>μου.</em></strong></span> <span class='ocrx_word' id='word_1_53' title='bbox 1531 539 1730 583; x_wconf 78' lang='grc' dir='ltr'><strong><em>ἐκάλεσεν</em></strong></span> 
     </span>
     <span class='ocr_line' id='line_1_8' title="bbox 275 603 1729 664; baseline -0.002 -13"><span class='ocrx_word' id='word_1_54' title='bbox 275 607 344 654; x_wconf 73' lang='grc' dir='ltr'><strong><em>ἐπ’</em></strong></span> <span class='ocrx_word' id='word_1_55' title='bbox 370 604 447 661; x_wconf 76' lang='grc' dir='ltr'><strong><em>’ἐμὲ</em></strong></span> <span class='ocrx_word' id='word_1_56' title='bbox 476 605 625 663; x_wconf 81' lang='grc' dir='ltr'><strong><em>καιρὸν</em></strong></span> <span class='ocrx_word' id='word_1_57' title='bbox 651 608 729 649; x_wconf 81' lang='grc' dir='ltr'><strong><em>τοῦ</em></strong></span> <span class='ocrx_word' id='word_1_58' title='bbox 752 613 984 663; x_wconf 74' lang='grc' dir='ltr'><strong><em>συντρῖψαι</em></strong></span> <span class='ocrx_word' id='word_1_59' title='bbox 1024 606 1240 658; x_wconf 78' lang='grc' dir='ltr'><strong><em>ἐκλεκτούς</em></strong></span> <span class='ocrx_word' id='word_1_60' title='bbox 1266 623 1364 662; x_wconf 86' lang='grc' dir='ltr'><strong><em>μου.</em></strong></span> <span class='ocrx_word' id='word_1_61' title='bbox 1419 606 1545 664; x_wconf 83' lang='grc' dir='ltr'><strong><em>ληνὸν</em></strong></span> <span class='ocrx_word' id='word_1_62' title='bbox 1575 603 1729 662; x_wconf 83' lang='grc' dir='ltr'><strong><em>ἐπάτη-</em></strong></span> 
     </span>
     <span class='ocr_line' id='line_1_9' title="bbox 275 671 1732 731; baseline -0.002 -14"><span class='ocrx_word' id='word_1_63' title='bbox 275 687 325 723; x_wconf 75' lang='grc' dir='ltr'><strong><em>σε</em></strong></span> <span class='ocrx_word' id='word_1_64' title='bbox 352 671 500 728; x_wconf 75' lang='grc' dir='ltr'><strong><em>κύριος</em></strong></span> <span class='ocrx_word' id='word_1_65' title='bbox 522 675 720 731; x_wconf 83' lang='grc' dir='ltr'><strong><em>παρθένῳ</em></strong></span> <span class='ocrx_word' id='word_1_66' title='bbox 749 676 934 729; x_wconf 77' lang='grc' dir='ltr'><strong><em>θυγατρὶ</em></strong></span> <span class='ocrx_word' id='word_1_67' title='bbox 971 674 1127 719; x_wconf 81' lang='grc' dir='ltr'><em>Ἰούδα.</em></span> <span class='ocrx_word' id='word_1_68' title='bbox 1183 675 1256 717; x_wconf 71' lang='grc' dir='ltr'><strong><em>ἐπὶ</em></strong></span> <span class='ocrx_word' id='word_1_69' title='bbox 1281 672 1446 724; x_wconf 74' lang='grc' dir='ltr'><strong><em>τούτοις</em></strong></span> <span class='ocrx_word' id='word_1_70' title='bbox 1472 671 1562 728; x_wconf 68' lang='grc' dir='ltr'><strong><em>ἐγὼ</em></strong></span> <span class='ocrx_word' id='word_1_71' title='bbox 1584 674 1732 715; x_wconf 86' lang='grc' dir='ltr'><strong><em>κλαίω.</em></strong></span> 
     </span>
     <span class='ocr_line' id='line_1_10' title="bbox 272 735 1727 796; baseline -0.001 -16"><span class='ocrx_word' id='word_1_72' title='bbox 272 738 457 792; x_wconf 67' lang='grc' dir='ltr'><strong><em>’ἐγένοντο</em></strong></span> <span class='ocrx_word' id='word_1_73' title='bbox 486 736 525 781; x_wconf 86' lang='grc' dir='ltr'><strong><em>οἱ</em></strong></span> <span class='ocrx_word' id='word_1_74' title='bbox 550 737 644 782; x_wconf 81' lang='grc' dir='ltr'><strong><em>υἱοί</em></strong></span> <span class='ocrx_word' id='word_1_75' title='bbox 654 754 739 793; x_wconf 89' lang='grc' dir='ltr'><strong><em>μου</em></strong></span> <span class='ocrx_word' id='word_1_76' title='bbox 765 741 1045 795; x_wconf 80' lang='grc' dir='ltr'><strong><em>ἤφανισμένοι</em></strong></span> <span class='ocrx_word' id='word_1_77' title='bbox 1067 772 1078 792; x_wconf 90' lang='grc'><strong>,</strong></span> <span class='ocrx_word' id='word_1_78' title='bbox 1110 737 1179 782; x_wconf 76' lang='grc' dir='ltr'><strong><em>ὅτι</em></strong></span> <span class='ocrx_word' id='word_1_79' title='bbox 1211 737 1477 796; x_wconf 81' lang='grc' dir='ltr'><strong><em>ἐκραταιοόθη</em></strong></span> <span class='ocrx_word' id='word_1_80' title='bbox 1505 738 1526 782; x_wconf 83' lang='grc' dir='ltr'><em>ὃ</em></span> <span class='ocrx_word' id='word_1_81' title='bbox 1555 735 1727 793; x_wconf 85' lang='grc' dir='ltr'><strong><em>ἐχθρός.</em></strong></span> 
     </span>
     <span class='ocr_line' id='line_1_11' title="bbox 274 801 1730 861; baseline -0.001 -15"><span class='ocrx_word' id='word_1_82' title='bbox 274 801 435 854; x_wconf 81' lang='grc' dir='ltr'><strong><em>δίκαιός</em></strong></span> <span class='ocrx_word' id='word_1_83' title='bbox 465 805 556 847; x_wconf 83' lang='grc' dir='ltr'><strong><em>ἐστι</em></strong></span> <span class='ocrx_word' id='word_1_84' title='bbox 583 802 743 861; x_wconf 77' lang='grc' dir='ltr'><strong><em>κύριος,</em></strong></span> <span class='ocrx_word' id='word_1_85' title='bbox 773 801 841 846; x_wconf 77' lang='grc' dir='ltr'><strong><em>ὅτι</em></strong></span> <span class='ocrx_word' id='word_1_86' title='bbox 868 806 913 847; x_wconf 86' lang='grc' dir='ltr'><strong><em>τὸ</em></strong></span> <span class='ocrx_word' id='word_1_87' title='bbox 944 803 1081 860; x_wconf 84' lang='grc' dir='ltr'><strong><em>στόμα</em></strong></span> <span class='ocrx_word' id='word_1_88' title='bbox 1103 807 1237 848; x_wconf 68' lang='grc' dir='ltr'><strong><em>αὐτοῦ</em></strong></span> <span class='ocrx_word' id='word_1_89' title='bbox 1260 804 1567 861; x_wconf 84' lang='grc' dir='ltr'><strong><em>παρεπίκρανα.</em></strong></span> <span class='ocrx_word' id='word_1_90' title='bbox 1601 802 1730 845; x_wconf 77' lang='grc' dir='ltr'><strong><em>οἰκού-</em></strong></span> 
     </span>
     <span class='ocr_line' id='line_1_12' title="bbox 208 867 1727 927; baseline 0.001 -17"><span class='ocrx_word' id='word_1_91' title='bbox 208 884 376 915; x_wconf 65' lang='lat' dir='ltr'>soooete</span> <span class='ocrx_word' id='word_1_92' title='bbox 395 867 446 926; x_wconf 77' lang='grc' dir='ltr'><strong><em>δὴ</em></strong></span> <span class='ocrx_word' id='word_1_93' title='bbox 468 868 622 921; x_wconf 82' lang='grc' dir='ltr'><strong><em>πάντες</em></strong></span> <span class='ocrx_word' id='word_1_94' title='bbox 649 869 855 924; x_wconf 76' lang='grc' dir='ltr'><strong><em>λαοι’,’και“</em></strong></span> <span class='ocrx_word' id='word_1_95' title='bbox 875 868 984 914; x_wconf 80' lang='grc' dir='ltr'><strong><em>ἴδετε</em></strong></span> <span class='ocrx_word' id='word_1_96' title='bbox 1010 871 1058 914; x_wconf 87' lang='grc' dir='ltr'>τὸ</span> <span class='ocrx_word' id='word_1_97' title='bbox 1081 867 1207 927; x_wconf 73' lang='grc' dir='ltr'><strong><em>ἄλγος</em></strong></span> <span class='ocrx_word' id='word_1_98' title='bbox 1219 886 1320 925; x_wconf 85' lang='grc' dir='ltr'><strong><em>μου.</em></strong></span> <span class='ocrx_word' id='word_1_99' title='bbox 1349 869 1395 913; x_wconf 79' lang='grc' dir='ltr'><strong><em>αἱ</em></strong></span> <span class='ocrx_word' id='word_1_100' title='bbox 1412 873 1614 926; x_wconf 74' lang='grc' dir='ltr'><strong><em>παρθένοι</em></strong></span> <span class='ocrx_word' id='word_1_101' title='bbox 1642 884 1727 924; x_wconf 86' lang='grc' dir='ltr'><strong><em>μου</em></strong></span> 
     </span>
     <span class='ocr_line' id='line_1_13' title="bbox 273 935 1726 995; baseline -0.001 -17"><span class='ocrx_word' id='word_1_102' title='bbox 273 937 349 979; x_wconf 82' lang='grc' dir='ltr'><strong><em>καί</em></strong></span> <span class='ocrx_word' id='word_1_103' title='bbox 371 935 409 978; x_wconf 78' lang='grc' dir='ltr'><strong><em>οἱ</em></strong></span> <span class='ocrx_word' id='word_1_104' title='bbox 430 937 635 979; x_wconf 79' lang='grc' dir='ltr'><strong><em>νεανίσκοι</em></strong></span> <span class='ocrx_word' id='word_1_105' title='bbox 654 952 739 990; x_wconf 90' lang='grc' dir='ltr'><strong><em>μου</em></strong></span> <span class='ocrx_word' id='word_1_106' title='bbox 755 938 1049 993; x_wconf 86' lang='grc' dir='ltr'><strong><em>ἐπορεύθησαν</em></strong></span> <span class='ocrx_word' id='word_1_107' title='bbox 1065 939 1110 980; x_wconf 86' lang='grc' dir='ltr'><strong><em>ἐν</em></strong></span> <span class='ocrx_word' id='word_1_108' title='bbox 1125 936 1396 995; x_wconf 72' lang='grc' dir='ltr'><strong><em>αἰχμαλωσίᾳ</em></strong></span> <span class='ocrx_word' id='word_1_109' title='bbox 1417 952 1514 990; x_wconf 86' lang='grc' dir='ltr'><strong><em>μου.</em></strong></span> <span class='ocrx_word' id='word_1_110' title='bbox 1545 935 1726 978; x_wconf 77' lang='grc' dir='ltr'><strong><em>ἐκάλεσα</em></strong></span> 
     </span>
     <span class='ocr_line' id='line_1_14' title="bbox 271 997 1727 1059; baseline -0.001 -16"><span class='ocrx_word' id='word_1_111' title='bbox 271 1000 374 1052; x_wconf 78' lang='grc' dir='ltr'><strong><em>τούς</em></strong></span> <span class='ocrx_word' id='word_1_112' title='bbox 401 1002 584 1057; x_wconf 87' lang='grc' dir='ltr'><strong><em>ἐραστάς</em></strong></span> <span class='ocrx_word' id='word_1_113' title='bbox 609 1018 708 1056; x_wconf 85' lang='grc' dir='ltr'><strong><em>μου,</em></strong></span> <span class='ocrx_word' id='word_1_114' title='bbox 746 1002 869 1045; x_wconf 67' lang='grc' dir='ltr'><strong><em>αὐτοὶ</em></strong></span> <span class='ocrx_word' id='word_1_115' title='bbox 897 1004 944 1045; x_wconf 80' lang='grc' dir='ltr'><strong><em>δὲ</em></strong></span> <span class='ocrx_word' id='word_1_116' title='bbox 971 997 1297 1059; x_wconf 77' lang='grc' dir='ltr'><strong><em>παρελογίσαντό</em></strong></span> <span class='ocrx_word' id='word_1_117' title='bbox 1323 1017 1394 1056; x_wconf 86' lang='grc' dir='ltr'><strong><em>με.</em></strong></span> <span class='ocrx_word' id='word_1_118' title='bbox 1418 1005 1462 1044; x_wconf 78' lang='grc' dir='ltr'><strong><em>ὀἱ</em></strong></span> <span class='ocrx_word' id='word_1_119' title='bbox 1490 1002 1614 1056; x_wconf 81' lang='grc' dir='ltr'><strong><em>ἱερεῖς</em></strong></span> <span class='ocrx_word' id='word_1_120' title='bbox 1642 1016 1727 1055; x_wconf 90' lang='grc' dir='ltr'><strong><em>μου</em></strong></span> 
     </span>
     <span class='ocr_line' id='line_1_15' title="bbox 271 1063 1728 1126; baseline -0.003 -14"><span class='ocrx_word' id='word_1_121' title='bbox 271 1069 347 1112; x_wconf 78' lang='grc' dir='ltr'><strong><em>καί</em></strong></span> <span class='ocrx_word' id='word_1_122' title='bbox 367 1069 407 1110; x_wconf 86' lang='grc' dir='ltr'><strong><em>οὶ</em></strong></span> <span class='ocrx_word' id='word_1_123' title='bbox 427 1066 804 1124; x_wconf 82' lang='grc' dir='ltr'><strong><em>πρεσβύτεροίμου</em></strong></span> <span class='ocrx_word' id='word_1_124' title='bbox 824 1070 868 1111; x_wconf 87' lang='grc' dir='ltr'><strong><em>ἐν</em></strong></span> <span class='ocrx_word' id='word_1_125' title='bbox 892 1070 944 1126; x_wconf 81' lang='grc' dir='ltr'><strong><em>τῇ</em></strong></span> <span class='ocrx_word' id='word_1_126' title='bbox 968 1067 1089 1110; x_wconf 86' lang='grc' dir='ltr'><strong><em>πόλει</em></strong></span> <span class='ocrx_word' id='word_1_127' title='bbox 1107 1069 1309 1120; x_wconf 83' lang='grc' dir='ltr'><strong><em>ἐξέλιπον.</em></strong></span> <span class='ocrx_word' id='word_1_128' title='bbox 1341 1067 1550 1110; x_wconf 77' lang='grc' dir='ltr'><strong><em>ἀκούσατε</em></strong></span> <span class='ocrx_word' id='word_1_129' title='bbox 1579 1065 1630 1122; x_wconf 75' lang='grc' dir='ltr'><strong><em>δὴ</em></strong></span> <span class='ocrx_word' id='word_1_130' title='bbox 1662 1063 1728 1108; x_wconf 81' lang='grc' dir='ltr'><strong><em>ὅτι</em></strong></span> 
     </span>
     <span class='ocr_line' id='line_1_16' title="bbox 270 1130 1767 1190; baseline -0.003 -12"><span class='ocrx_word' id='word_1_131' title='bbox 270 1133 455 1187; x_wconf 76' lang='grc' dir='ltr'><strong><em>στενάζω</em></strong></span> <span class='ocrx_word' id='word_1_132' title='bbox 474 1131 570 1190; x_wconf 75' lang='grc' dir='ltr'><strong><em>ἐγώ.</em></strong></span> <span class='ocrx_word' id='word_1_133' title='bbox 588 1135 748 1189; x_wconf 77' lang='grc' dir='ltr'><strong><em>ἐγένετο</em></strong></span> <span class='ocrx_word' id='word_1_134' title='bbox 768 1132 912 1190; x_wconf 82' lang='grc' dir='ltr'><strong><em>κύριος</em></strong></span> <span class='ocrx_word' id='word_1_135' title='bbox 930 1134 987 1183; x_wconf 82' lang='grc' dir='ltr'><strong><em>ὥς</em></strong></span> <span class='ocrx_word' id='word_1_136' title='bbox 1001 1132 1172 1190; x_wconf 84' lang='grc' dir='ltr'><strong><em>ἐχθρός,</em></strong></span> <span class='ocrx_word' id='word_1_137' title='bbox 1189 1135 1262 1177; x_wconf 84' lang='grc' dir='ltr'>καί</span> <span class='ocrx_word' id='word_1_138' title='bbox 1273 1136 1500 1186; x_wconf 80' lang='grc' dir='ltr'><strong><em>ἐξέσπασεν</em></strong></span> <span class='ocrx_word' id='word_1_139' title='bbox 1518 1133 1576 1182; x_wconf 73' lang='grc' dir='ltr'><strong><em>ὥς</em></strong></span> <span class='ocrx_word' id='word_1_140' title='bbox 1593 1130 1725 1187; x_wconf 75' lang='grc' dir='ltr'><strong><em>ἅμπε-</em></strong></span> <span class='ocrx_word' id='word_1_141' title='bbox 1740 1147 1767 1180; x_wconf 89' lang='lat' dir='ltr'>C</span> 
     </span>
     <span class='ocr_line' id='line_1_17' title="bbox 212 1196 1729 1256; baseline -0.003 -10"><span class='ocrx_word' id='word_1_142' title='bbox 212 1203 260 1246; x_wconf 83' lang='lat'><strong><em>15</em></strong></span> <span class='ocrx_word' id='word_1_143' title='bbox 272 1203 344 1244; x_wconf 84' lang='grc' dir='ltr'><strong><em>λον</em></strong></span> <span class='ocrx_word' id='word_1_144' title='bbox 361 1197 410 1242; x_wconf 82' lang='grc' dir='ltr'><strong><em>τὸ</em></strong></span> <span class='ocrx_word' id='word_1_145' title='bbox 439 1196 641 1255; x_wconf 82' lang='grc' dir='ltr'><strong><em>σκήνωμα</em></strong></span> <span class='ocrx_word' id='word_1_146' title='bbox 664 1200 813 1253; x_wconf 72' lang='grc' dir='ltr'><strong><em>αὐτοῦ’,</em></strong></span> <span class='ocrx_word' id='word_1_147' title='bbox 832 1201 1077 1256; x_wconf 83' lang='grc' dir='ltr'><strong><em>διέφθειρεν</em></strong></span> <span class='ocrx_word' id='word_1_148' title='bbox 1098 1196 1248 1256; x_wconf 73' lang='grc' dir='ltr'><strong><em>ἑορτὴν</em></strong></span> <span class='ocrx_word' id='word_1_149' title='bbox 1267 1196 1416 1242; x_wconf 68' lang='grc' dir='ltr'><strong><em>αὐτοῦ.</em></strong></span> <span class='ocrx_word' id='word_1_150' title='bbox 1444 1200 1729 1242; x_wconf 76' lang='grc' dir='ltr'><strong><em>ἐπιλαθέσθαι</em></strong></span> 
     </span>
     <span class='ocr_line' id='line_1_18' title="bbox 271 1263 1730 1323; baseline -0.002 -13"><span class='ocrx_word' id='word_1_151' title='bbox 271 1267 441 1322; x_wconf 84' lang='grc' dir='ltr'><strong><em>ἐποίησε</em></strong></span> <span class='ocrx_word' id='word_1_152' title='bbox 466 1264 613 1321; x_wconf 72' lang='grc' dir='ltr'><strong><em>κύριος</em></strong></span> <span class='ocrx_word' id='word_1_153' title='bbox 640 1267 687 1308; x_wconf 86' lang='grc' dir='ltr'><strong><em>ἐν</em></strong></span> <span class='ocrx_word' id='word_1_154' title='bbox 716 1267 769 1323; x_wconf 84' lang='grc' dir='ltr'><strong><em>τῇ</em></strong></span> <span class='ocrx_word' id='word_1_155' title='bbox 788 1263 908 1308; x_wconf 85' lang='grc' dir='ltr'><strong><em>πόλει</em></strong></span> <span class='ocrx_word' id='word_1_156' title='bbox 934 1263 1080 1321; x_wconf 73' lang='grc' dir='ltr'><strong><em>ἑορτῆς</em></strong></span> <span class='ocrx_word' id='word_1_157' title='bbox 1098 1268 1170 1308; x_wconf 83' lang='grc' dir='ltr'><em>καί</em></span> <span class='ocrx_word' id='word_1_158' title='bbox 1187 1264 1421 1320; x_wconf 82' lang='grc' dir='ltr'><strong><em>σαββάτου,</em></strong></span> <span class='ocrx_word' id='word_1_159' title='bbox 1442 1265 1514 1307; x_wconf 83' lang='grc' dir='ltr'>καί</span> <span class='ocrx_word' id='word_1_160' title='bbox 1532 1263 1730 1321; x_wconf 80' lang='grc' dir='ltr'><strong><em>παρώξυ-</em></strong></span> 
     </span>
     <span class='ocr_line' id='line_1_19' title="bbox 269 1328 1729 1388; baseline -0.001 -14"><span class='ocrx_word' id='word_1_161' title='bbox 269 1347 340 1375; x_wconf 86' lang='grc' dir='ltr'><strong><em>νεν</em></strong></span> <span class='ocrx_word' id='word_1_162' title='bbox 379 1334 426 1374; x_wconf 81' lang='grc' dir='ltr'><strong><em>ἐν.</em></strong></span> <span class='ocrx_word' id='word_1_163' title='bbox 450 1328 740 1388; x_wconf 83' lang='grc' dir='ltr'><strong><em>ἐμβριμήματι</em></strong></span> <span class='ocrx_word' id='word_1_164' title='bbox 768 1330 895 1387; x_wconf 76' lang='grc' dir='ltr'><strong><em>ὀργῆς</em></strong></span> <span class='ocrx_word' id='word_1_165' title='bbox 923 1330 1058 1374; x_wconf 69' lang='grc' dir='ltr'><strong><em>αὐτοῦ</em></strong></span> <span class='ocrx_word' id='word_1_166' title='bbox 1081 1334 1262 1386; x_wconf 83' lang='grc' dir='ltr'><strong><em>βασιλέα</em></strong></span> <span class='ocrx_word' id='word_1_167' title='bbox 1305 1330 1380 1373; x_wconf 82' lang='grc' dir='ltr'><em>καί</em></span> <span class='ocrx_word' id='word_1_168' title='bbox 1419 1330 1553 1387; x_wconf 82' lang='grc' dir='ltr'><strong><em>ἱερέα.</em></strong></span> <span class='ocrx_word' id='word_1_169' title='bbox 1610 1330 1729 1374; x_wconf 71' lang='lat' dir='ltr'>duni-</span> 
     </span>
     <span class='ocr_line' id='line_1_20' title="bbox 269 1394 1728 1457; baseline -0.002 -16"><span class='ocrx_word' id='word_1_170' title='bbox 269 1413 374 1442; x_wconf 89' lang='grc' dir='ltr'><strong><em>σατο</em></strong></span> <span class='ocrx_word' id='word_1_171' title='bbox 403 1394 548 1457; x_wconf 77' lang='grc' dir='ltr'><strong><em>κύριος</em></strong></span> <span class='ocrx_word' id='word_1_172' title='bbox 574 1396 883 1452; x_wconf 83' lang='grc' dir='ltr'><strong><em>θυσιαστήριον</em></strong></span> <span class='ocrx_word' id='word_1_173' title='bbox 912 1397 1059 1450; x_wconf 74' lang='grc' dir='ltr'><strong><em>αὐτοῦ,</em></strong></span> <span class='ocrx_word' id='word_1_174' title='bbox 1092 1396 1336 1448; x_wconf 81' lang='grc' dir='ltr'><strong><em>ἅπετίναξεν</em></strong></span> <span class='ocrx_word' id='word_1_175' title='bbox 1363 1396 1552 1452; x_wconf 79' lang='grc' dir='ltr'><strong><em>άγίασμα</em></strong></span> <span class='ocrx_word' id='word_1_176' title='bbox 1581 1397 1728 1443; x_wconf 69' lang='grc' dir='ltr'><strong><em>αὐτοῦ.</em></strong></span> 
     </span>
     <span class='ocr_line' id='line_1_21' title="bbox 267 1459 1728 1520; baseline -0.002 -13"><span class='ocrx_word' id='word_1_177' title='bbox 267 1465 520 1519; x_wconf 82' lang='grc' dir='ltr'><strong><em>συνέτριψεν</em></strong></span> <span class='ocrx_word' id='word_1_178' title='bbox 547 1464 592 1506; x_wconf 87' lang='grc' dir='ltr'><strong><em>ἐν</em></strong></span> <span class='ocrx_word' id='word_1_179' title='bbox 619 1464 738 1518; x_wconf 83' lang='grc' dir='ltr'><strong><em>χειρί</em></strong></span> <span class='ocrx_word' id='word_1_180' title='bbox 764 1459 898 1505; x_wconf 72' lang='grc' dir='ltr'><strong><em>αὐτοῦ</em></strong></span> <span class='ocrx_word' id='word_1_181' title='bbox 922 1468 1060 1518; x_wconf 82' lang='grc' dir='ltr'><strong><em>τεῖχος</em></strong></span> <span class='ocrx_word' id='word_1_182' title='bbox 1081 1461 1247 1519; x_wconf 69' lang='grc' dir='ltr'><strong><em>βάρεων</em></strong></span> <span class='ocrx_word' id='word_1_183' title='bbox 1275 1463 1422 1518; x_wconf 73' lang='grc' dir='ltr'><strong><em>αὐτῆς.</em></strong></span> <span class='ocrx_word' id='word_1_184' title='bbox 1480 1461 1626 1520; x_wconf 71' lang='grc' dir='ltr'><strong><em>φωνήν</em></strong></span> <span class='ocrx_word' id='word_1_185' title='bbox 1651 1478 1728 1505; x_wconf 88' lang='grc' dir='ltr'><strong><em>πο-</em></strong></span> 
     </span>
     <span class='ocr_line' id='line_1_22' title="bbox 204 1519 1730 1588; baseline -0.003 -13"><span class='ocrx_word' id='word_1_186' title='bbox 204 1545 258 1575; x_wconf 77' lang='lat'><strong><em>20</em></strong></span> <span class='ocrx_word' id='word_1_187' title='bbox 270 1533 401 1584; x_wconf 79' lang='grc' dir='ltr'><strong><em>λέμου</em></strong></span> <span class='ocrx_word' id='word_1_188' title='bbox 430 1519 592 1573; x_wconf 51' lang='grc' dir='ltr'><strong><em>’ἔδωκαν</em></strong></span> <span class='ocrx_word' id='word_1_189' title='bbox 623 1531 669 1572; x_wconf 90' lang='grc' dir='ltr'><strong><em>ἐν</em></strong></span> <span class='ocrx_word' id='word_1_190' title='bbox 699 1528 798 1588; x_wconf 76' lang='grc' dir='ltr'><strong><em>οἴκῳ</em></strong></span> <span class='ocrx_word' id='word_1_191' title='bbox 830 1528 979 1585; x_wconf 85' lang='grc' dir='ltr'><strong><em>κυρίου</em></strong></span> <span class='ocrx_word' id='word_1_192' title='bbox 1009 1528 1067 1579; x_wconf 77' lang='grc' dir='ltr'><strong><em>ὥς</em></strong></span> <span class='ocrx_word' id='word_1_193' title='bbox 1098 1528 1272 1583; x_wconf 81' lang='grc' dir='ltr'><strong><em>ψαλμὸν</em></strong></span> <span class='ocrx_word' id='word_1_194' title='bbox 1291 1531 1492 1572; x_wconf 78' lang='grc' dir='ltr'><strong><em>Λευιτῶν</em></strong></span> <span class='ocrx_word' id='word_1_195' title='bbox 1520 1531 1565 1572; x_wconf 80' lang='grc' dir='ltr'><strong><em>ἐν</em></strong></span> <span class='ocrx_word' id='word_1_196' title='bbox 1592 1526 1730 1585; x_wconf 72' lang='grc' dir='ltr'><strong><em>ἡμέρᾳ</em></strong></span> 
     </span>
     <span class='ocr_line' id='line_1_23' title="bbox 267 1590 1731 1653; baseline -0.003 -13"><span class='ocrx_word' id='word_1_197' title='bbox 267 1593 431 1653; x_wconf 69' lang='grc' dir='ltr'><strong><em>ἑορτῆς.</em></strong></span> <span class='ocrx_word' id='word_1_198' title='bbox 460 1594 554 1651; x_wconf 80' lang='grc' dir='ltr'><strong><em>ἴδε,</em></strong></span> <span class='ocrx_word' id='word_1_199' title='bbox 583 1592 724 1650; x_wconf 75' lang='grc' dir='ltr'><strong><em>κύριε,</em></strong></span> <span class='ocrx_word' id='word_1_200' title='bbox 752 1594 828 1638; x_wconf 79' lang='grc' dir='ltr'><em>καί</em></span> <span class='ocrx_word' id='word_1_201' title='bbox 865 1596 1118 1650; x_wconf 83' lang='grc' dir='ltr'><strong><em>ἐπίβλεψον,</em></strong></span> <span class='ocrx_word' id='word_1_202' title='bbox 1149 1598 1235 1638; x_wconf 83' lang='grc' dir='ltr'><strong><em>τίνι</em></strong></span> <span class='ocrx_word' id='word_1_203' title='bbox 1265 1593 1551 1652; x_wconf 78' lang='grc' dir='ltr'><strong><em>ἐπεφύλλισας</em></strong></span> <span class='ocrx_word' id='word_1_204' title='bbox 1579 1590 1731 1644; x_wconf 72' lang='grc' dir='ltr'><strong><em>οὕτως.</em></strong></span> 
     </span>
     <span class='ocr_line' id='line_1_24' title="bbox 266 1659 1730 1720; baseline -0.003 -14"><span class='ocrx_word' id='word_1_205' title='bbox 266 1661 561 1720; x_wconf 78' lang='grc' dir='ltr'><strong><em>ἐφονεύθησαν</em></strong></span> <span class='ocrx_word' id='word_1_206' title='bbox 606 1660 735 1717; x_wconf 84' lang='grc' dir='ltr'><strong><em>νήπια</em></strong></span> <span class='ocrx_word' id='word_1_207' title='bbox 763 1661 1003 1718; x_wconf 83' lang='grc' dir='ltr'><strong><em>θηλάζοντα</em></strong></span> <span class='ocrx_word' id='word_1_208' title='bbox 1029 1659 1240 1716; x_wconf 76' lang='grc' dir='ltr'><strong><em>μασθοῦς.</em></strong></span> <span class='ocrx_word' id='word_1_209' title='bbox 1295 1663 1336 1703; x_wconf 84' lang='grc' dir='ltr'><strong><em>εἰ</em></strong></span> <span class='ocrx_word' id='word_1_210' title='bbox 1362 1663 1666 1704; x_wconf 70' lang='grc' dir='ltr'><strong><em>ἀποκτενοῦσιν</em></strong></span> <span class='ocrx_word' id='word_1_211' title='bbox 1685 1662 1730 1703; x_wconf 86' lang='grc' dir='ltr'><strong><em>ἐν</em></strong></span> 
     </span>
     <span class='ocr_line' id='line_1_25' title="bbox 268 1724 1773 1784; baseline 0 -13"><span class='ocrx_word' id='word_1_212' title='bbox 268 1727 500 1782; x_wconf 78' lang='grc' dir='ltr'><strong><em>ἅγιάσματι</em></strong></span> <span class='ocrx_word' id='word_1_213' title='bbox 542 1729 691 1783; x_wconf 89' lang='grc' dir='ltr'><strong><em>κυρίου</em></strong></span> <span class='ocrx_word' id='word_1_214' title='bbox 718 1725 836 1782; x_wconf 82' lang='grc' dir='ltr'><strong><em>ἱερέα</em></strong></span> <span class='ocrx_word' id='word_1_215' title='bbox 865 1730 938 1770; x_wconf 82' lang='grc' dir='ltr'>καί</span> <span class='ocrx_word' id='word_1_216' title='bbox 974 1725 1217 1784; x_wconf 82' lang='grc' dir='ltr'><strong><em>προφήτην,·</em></strong></span> <span class='ocrx_word' id='word_1_217' title='bbox 1247 1724 1537 1783; x_wconf 77' lang='grc' dir='ltr'><strong><em>ἐκοιμήθησαν</em></strong></span> <span class='ocrx_word' id='word_1_218' title='bbox 1565 1728 1626 1776; x_wconf 83' lang='grc' dir='ltr'><strong><em>εἷς</em></strong></span> <span class='ocrx_word' id='word_1_219' title='bbox 1651 1728 1773 1781; x_wconf 78' lang='grc' dir='ltr'><strong><em>γῆνΙ)</em></strong></span> 
     </span>
     <span class='ocr_line' id='line_1_26' title="bbox 219 1789 1728 1851; baseline -0.001 -16"><span class='ocrx_word' id='word_1_220' title='bbox 219 1842 225 1847; x_wconf 21' lang='lat'>³</span> <span class='ocrx_word' id='word_1_221' title='bbox 269 1789 426 1847; x_wconf 77' lang='grc' dir='ltr'><strong><em>ἐξόδων</em></strong></span> <span class='ocrx_word' id='word_1_222' title='bbox 454 1791 683 1850; x_wconf 79' lang='grc' dir='ltr'><strong><em>παιδάριον</em></strong></span> <span class='ocrx_word' id='word_1_223' title='bbox 729 1794 803 1836; x_wconf 84' lang='grc' dir='ltr'>καί</span> <span class='ocrx_word' id='word_1_224' title='bbox 828 1792 1086 1851; x_wconf 77' lang='grc' dir='ltr'><strong><em>πρεσβύτης·</em></strong></span> <span class='ocrx_word' id='word_1_225' title='bbox 1143 1795 1346 1850; x_wconf 85' lang='grc' dir='ltr'><strong><em>παρθένοι</em></strong></span> <span class='ocrx_word' id='word_1_226' title='bbox 1377 1808 1460 1847; x_wconf 87' lang='grc' dir='ltr'><strong><em>μου</em></strong></span> <span class='ocrx_word' id='word_1_227' title='bbox 1492 1794 1565 1835; x_wconf 84' lang='grc' dir='ltr'><em>καί</em></span> <span class='ocrx_word' id='word_1_228' title='bbox 1591 1794 1728 1835; x_wconf 84' lang='grc' dir='ltr'><strong><em>νεανί-</em></strong></span> 
     </span>
    </p>
   </div>
   <div class='ocr_carea' id='block_1_4' title="bbox 263 1960 1727 2809">
    <p class='ocr_par' dir='ltr' id='par_1_4' title="bbox 263 1960 1727 2809">
     <span class='ocr_line' id='line_1_27' title="bbox 268 1960 1727 2006; baseline -0.002 -10"><span class='ocrx_word' id='word_1_229' title='bbox 268 1961 371 1996; x_wconf 80' lang='lat' dir='ltr'>meis.</span> <span class='ocrx_word' id='word_1_230' title='bbox 399 1960 579 1995; x_wconf 76' lang='lat' dir='ltr'>convertit</span> <span class='ocrx_word' id='word_1_231' title='bbox 601 1971 658 1994; x_wconf 88' lang='lat' dir='ltr'><strong><em>me</em></strong></span> <span class='ocrx_word' id='word_1_232' title='bbox 686 1965 891 1994; x_wconf 80' lang='lat' dir='ltr'>retrorsum.</span> <span class='ocrx_word' id='word_1_233' title='bbox 917 1962 1041 2006; x_wconf 82' lang='lat' dir='ltr'>posuit</span> <span class='ocrx_word' id='word_1_234' title='bbox 1068 1973 1125 1996; x_wconf 86' lang='lat' dir='ltr'><strong><em>me</em></strong></span> <span class='ocrx_word' id='word_1_235' title='bbox 1150 1962 1372 2003; x_wconf 74' lang='lat' dir='ltr'><strong>desolatam,</strong></span> <span class='ocrx_word' id='word_1_236' title='bbox 1396 1965 1474 1995; x_wconf 78' lang='lat' dir='ltr'>tota</span> <span class='ocrx_word' id='word_1_237' title='bbox 1500 1960 1560 1994; x_wconf 86' lang='lat' dir='ltr'><strong><em>die</em></strong></span> <span class='ocrx_word' id='word_1_238' title='bbox 1586 1971 1727 1994; x_wconf 80' lang='lat' dir='ltr'>maero—</span> 
     </span>
     <span class='ocr_line' id='line_1_28' title="bbox 269 2007 1726 2053; baseline -0.001 -11"><span class='ocrx_word' id='word_1_239' title='bbox 269 2019 309 2042; x_wconf 85' lang='lat' dir='ltr'>re</span> <span class='ocrx_word' id='word_1_240' title='bbox 337 2008 549 2042; x_wconf 83' lang='lat' dir='ltr'>confectam.</span> <span class='ocrx_word' id='word_1_241' title='bbox 584 2010 656 2052; x_wconf 73' lang='lat'><strong><em>(15.</em></strong></span> <span class='ocrx_word' id='word_1_242' title='bbox 686 2010 742 2052; x_wconf 80' lang='lat'><strong><em>16)</em></strong></span> <span class='ocrx_word' id='word_1_243' title='bbox 766 2007 921 2041; x_wconf 77' lang='lat' dir='ltr'>abstulit</span> <span class='ocrx_word' id='word_1_244' title='bbox 957 2019 1082 2042; x_wconf 88' lang='lat' dir='ltr'>omnes</span> <span class='ocrx_word' id='word_1_245' title='bbox 1121 2009 1330 2053; x_wconf 83' lang='lat' dir='ltr'>magnificos</span> <span class='ocrx_word' id='word_1_246' title='bbox 1357 2020 1456 2041; x_wconf 84' lang='lat' dir='ltr'>meos</span> <span class='ocrx_word' id='word_1_247' title='bbox 1485 2008 1654 2041; x_wconf 86' lang='lat' dir='ltr'>dominus</span> <span class='ocrx_word' id='word_1_248' title='bbox 1679 2008 1726 2041; x_wconf 82' lang='lat' dir='ltr'>do</span> 
     </span>
     <span class='ocr_line' id='line_1_29' title="bbox 268 2053 1725 2101; baseline -0.001 -12"><span class='ocrx_word' id='word_1_249' title='bbox 268 2053 390 2090; x_wconf 84' lang='lat' dir='ltr'>medio</span> <span class='ocrx_word' id='word_1_250' title='bbox 414 2055 498 2088; x_wconf 86' lang='lat' dir='ltr'>mei.</span> <span class='ocrx_word' id='word_1_251' title='bbox 520 2054 664 2088; x_wconf 80' lang='lat' dir='ltr'>vocavit</span> <span class='ocrx_word' id='word_1_252' title='bbox 687 2054 876 2088; x_wconf 85' lang='lat' dir='ltr'>adversum</span> <span class='ocrx_word' id='word_1_253' title='bbox 900 2066 958 2088; x_wconf 86' lang='lat' dir='ltr'><strong><em>me</em></strong></span> <span class='ocrx_word' id='word_1_254' title='bbox 993 2061 1137 2101; x_wconf 83' lang='lat' dir='ltr'>tempus</span> <span class='ocrx_word' id='word_1_255' title='bbox 1161 2061 1202 2089; x_wconf 84' lang='lat' dir='ltr'><strong><em>ut</em></strong></span> <span class='ocrx_word' id='word_1_256' title='bbox 1225 2060 1430 2089; x_wconf 81' lang='lat' dir='ltr'>contereret</span> <span class='ocrx_word' id='word_1_257' title='bbox 1455 2055 1590 2088; x_wconf 82' lang='lat' dir='ltr'>electos</span> <span class='ocrx_word' id='word_1_258' title='bbox 1614 2066 1725 2088; x_wconf 85' lang='lat' dir='ltr'>meos.</span> 
     </span>
     <span class='ocr_line' id='line_1_30' title="bbox 268 2101 1727 2147; baseline 0.001 -11"><span class='ocrx_word' id='word_1_259' title='bbox 268 2101 430 2137; x_wconf 82' lang='lat' dir='ltr'>torcular</span> <span class='ocrx_word' id='word_1_260' title='bbox 456 2101 612 2136; x_wconf 81' lang='lat' dir='ltr'>calcavit</span> <span class='ocrx_word' id='word_1_261' title='bbox 635 2101 803 2135; x_wconf 86' lang='lat' dir='ltr'>dominus</span> <span class='ocrx_word' id='word_1_262' title='bbox 838 2102 970 2146; x_wconf 85' lang='lat' dir='ltr'>virgini</span> <span class='ocrx_word' id='word_1_263' title='bbox 996 2103 1094 2135; x_wconf 76' lang='lat' dir='ltr'>filiae</span> <span class='ocrx_word' id='word_1_264' title='bbox 1120 2102 1222 2136; x_wconf 89' lang='lat' dir='ltr'>Iuda.</span> <span class='ocrx_word' id='word_1_265' title='bbox 1252 2103 1382 2135; x_wconf 88' lang='lat' dir='ltr'>iccirco</span> <span class='ocrx_word' id='word_1_266' title='bbox 1408 2113 1472 2147; x_wconf 86' lang='lat' dir='ltr'>ego</span> <span class='ocrx_word' id='word_1_267' title='bbox 1497 2102 1613 2147; x_wconf 88' lang='lat' dir='ltr'>ploro.</span> <span class='ocrx_word' id='word_1_268' title='bbox 1639 2103 1727 2137; x_wconf 82' lang='lat' dir='ltr'>facti</span> 
     </span>
     <span class='ocr_line' id='line_1_31' title="bbox 267 2148 1726 2196; baseline 0.001 -13"><span class='ocrx_word' id='word_1_269' title='bbox 267 2153 356 2183; x_wconf 71' lang='lat' dir='ltr'><strong><em>sunt</em></strong></span> <span class='ocrx_word' id='word_1_270' title='bbox 381 2148 450 2183; x_wconf 85' lang='lat' dir='ltr'>filii</span> <span class='ocrx_word' id='word_1_271' title='bbox 473 2149 545 2182; x_wconf 88' lang='lat' dir='ltr'><strong><em>mei</em></strong></span> <span class='ocrx_word' id='word_1_272' title='bbox 572 2148 726 2194; x_wconf 79' lang='lat' dir='ltr'>perditi,</span> <span class='ocrx_word' id='word_1_273' title='bbox 752 2149 925 2194; x_wconf 85' lang='lat' dir='ltr'>quoniam</span> <span class='ocrx_word' id='word_1_274' title='bbox 953 2149 1108 2183; x_wconf 86' lang='lat' dir='ltr'>invaluit</span> <span class='ocrx_word' id='word_1_275' title='bbox 1131 2150 1311 2183; x_wconf 81' lang='lat' dir='ltr'>inimicus.</span> <span class='ocrx_word' id='word_1_276' title='bbox 1327 2149 1497 2196; x_wconf 74' lang='lat'>(18—19)</span> <span class='ocrx_word' id='word_1_277' title='bbox 1524 2150 1640 2183; x_wconf 81' lang='lat' dir='ltr'>iustus</span> <span class='ocrx_word' id='word_1_278' title='bbox 1671 2156 1726 2184; x_wconf 81' lang='lat' dir='ltr'><strong><em>est</em></strong></span> 
     </span>
     <span class='ocr_line' id='line_1_32' title="bbox 267 2195 1725 2242; baseline -0.001 -12"><span class='ocrx_word' id='word_1_279' title='bbox 267 2195 462 2237; x_wconf 78' lang='lat' dir='ltr'>(lominus,</span> <span class='ocrx_word' id='word_1_280' title='bbox 503 2195 590 2241; x_wconf 88' lang='lat' dir='ltr'>quia</span> <span class='ocrx_word' id='word_1_281' title='bbox 629 2207 669 2229; x_wconf 82' lang='lat' dir='ltr'>os</span> <span class='ocrx_word' id='word_1_282' title='bbox 696 2196 774 2229; x_wconf 79' lang='lat' dir='ltr'>eius</span> <span class='ocrx_word' id='word_1_283' title='bbox 814 2196 860 2229; x_wconf 85' lang='lat' dir='ltr'>ad</span> <span class='ocrx_word' id='word_1_284' title='bbox 888 2196 1113 2229; x_wconf 82' lang='lat' dir='ltr'>iracundiam</span> <span class='ocrx_word' id='word_1_285' title='bbox 1140 2197 1343 2242; x_wconf 80' lang='lat' dir='ltr'>provocavi.</span> <span class='ocrx_word' id='word_1_286' title='bbox 1373 2195 1520 2237; x_wconf 81' lang='lat' dir='ltr'>audite,</span> <span class='ocrx_word' id='word_1_287' title='bbox 1548 2195 1725 2238; x_wconf 86' lang='lat' dir='ltr'>obsecro,</span> 
     </span>
     <span class='ocr_line' id='line_1_33' title="bbox 266 2242 1726 2288; baseline 0 -12"><span class='ocrx_word' id='word_1_288' title='bbox 266 2243 427 2277; x_wconf 80' lang='lat' dir='ltr'>universi</span> <span class='ocrx_word' id='word_1_289' title='bbox 461 2243 610 2288; x_wconf 87' lang='lat' dir='ltr'>populi,</span> <span class='ocrx_word' id='word_1_290' title='bbox 636 2247 673 2276; x_wconf 84' lang='lat' dir='ltr'><strong><em>et</em></strong></span> <span class='ocrx_word' id='word_1_291' title='bbox 696 2242 818 2276; x_wconf 81' lang='lat' dir='ltr'>videte</span> <span class='ocrx_word' id='word_1_292' title='bbox 850 2243 1013 2276; x_wconf 87' lang='lat' dir='ltr'>dolorem</span> <span class='ocrx_word' id='word_1_293' title='bbox 1036 2255 1176 2277; x_wconf 89' lang='lat' dir='ltr'>meum:</span> <span class='ocrx_word' id='word_1_294' title='bbox 1202 2244 1357 2288; x_wconf 83' lang='lat' dir='ltr'>virgines</span> <span class='ocrx_word' id='word_1_295' title='bbox 1382 2253 1484 2276; x_wconf 85' lang='lat' dir='ltr'>meae</span> <span class='ocrx_word' id='word_1_296' title='bbox 1510 2243 1726 2277; x_wconf 50' lang='lat' dir='ltr'>et&#39;iuvenes</span> 
     </span>
     <span class='ocr_line' id='line_1_34' title="bbox 264 2289 1726 2335; baseline 0 -11"><span class='ocrx_word' id='word_1_297' title='bbox 264 2290 339 2324; x_wconf 82' lang='lat' dir='ltr'><strong><em>mei</em></strong></span> <span class='ocrx_word' id='word_1_298' title='bbox 366 2289 538 2324; x_wconf 82' lang='lat' dir='ltr'>abierunt</span> <span class='ocrx_word' id='word_1_299' title='bbox 564 2290 603 2323; x_wconf 88' lang='lat' dir='ltr'><strong><em>in</em></strong></span> <span class='ocrx_word' id='word_1_300' title='bbox 628 2290 886 2335; x_wconf 82' lang='lat' dir='ltr'>captivitatem.</span> <span class='ocrx_word' id='word_1_301' title='bbox 902 2292 1027 2324; x_wconf 82' lang='lat' dir='ltr'>vocavi</span> <span class='ocrx_word' id='word_1_302' title='bbox 1052 2291 1186 2324; x_wconf 87' lang='lat' dir='ltr'>amicos</span> <span class='ocrx_word' id='word_1_303' title='bbox 1209 2301 1320 2332; x_wconf 89' lang='lat' dir='ltr'>meos,</span> <span class='ocrx_word' id='word_1_304' title='bbox 1347 2296 1385 2324; x_wconf 83' lang='lat' dir='ltr'><strong><em>et</em></strong></span> <span class='ocrx_word' id='word_1_305' title='bbox 1406 2290 1476 2335; x_wconf 89' lang='lat' dir='ltr'>ipsi</span> <span class='ocrx_word' id='word_1_306' title='bbox 1501 2289 1726 2335; x_wconf 81' lang='lat' dir='ltr'>deceperunt</span> 
     </span>
     <span class='ocr_line' id='line_1_35' title="bbox 265 2336 1725 2383; baseline -0.001 -13"><span class='ocrx_word' id='word_1_307' title='bbox 265 2347 336 2374; x_wconf 81' lang='lat' dir='ltr'><strong><em>me.</em></strong></span> <span class='ocrx_word' id='word_1_308' title='bbox 359 2336 567 2370; x_wconf 73' lang='lat' dir='ltr'>sacerdotes</span> <span class='ocrx_word' id='word_1_309' title='bbox 589 2337 661 2370; x_wconf 87' lang='lat' dir='ltr'>mei</span> <span class='ocrx_word' id='word_1_310' title='bbox 689 2343 726 2370; x_wconf 83' lang='lat' dir='ltr'><strong><em>et</em></strong></span> <span class='ocrx_word' id='word_1_311' title='bbox 750 2348 854 2372; x_wconf 83' lang='lat' dir='ltr'>senes</span> <span class='ocrx_word' id='word_1_312' title='bbox 879 2338 951 2370; x_wconf 81' lang='lat' dir='ltr'><strong><em>mei</em></strong></span> <span class='ocrx_word' id='word_1_313' title='bbox 987 2338 1025 2372; x_wconf 87' lang='lat' dir='ltr'><strong><em>in</em></strong></span> <span class='ocrx_word' id='word_1_314' title='bbox 1051 2338 1142 2371; x_wconf 90' lang='lat' dir='ltr'>urbe</span> <span class='ocrx_word' id='word_1_315' title='bbox 1167 2338 1371 2383; x_wconf 83' lang='lat' dir='ltr'>consumpti</span> <span class='ocrx_word' id='word_1_316' title='bbox 1398 2343 1491 2370; x_wconf 85' lang='lat' dir='ltr'>sunt.</span> <span class='ocrx_word' id='word_1_317' title='bbox 1518 2337 1593 2382; x_wconf 66' lang='grc' dir='ltr'><strong><em>(αι)</em></strong></span> <span class='ocrx_word' id='word_1_318' title='bbox 1618 2337 1725 2370; x_wconf 86' lang='lat' dir='ltr'>audi-</span> 
     </span>
     <span class='ocr_line' id='line_1_36' title="bbox 264 2383 1723 2431; baseline -0.001 -12"><span class='ocrx_word' id='word_1_319' title='bbox 264 2389 324 2426; x_wconf 84' lang='lat' dir='ltr'><strong><em>te,</em></strong></span> <span class='ocrx_word' id='word_1_320' title='bbox 347 2383 520 2426; x_wconf 80' lang='lat' dir='ltr'>obsecro,</span> <span class='ocrx_word' id='word_1_321' title='bbox 545 2385 632 2430; x_wconf 83' lang='lat' dir='ltr'>quia</span> <span class='ocrx_word' id='word_1_322' title='bbox 662 2384 860 2429; x_wconf 83' lang='lat' dir='ltr'>ingemisco</span> <span class='ocrx_word' id='word_1_323' title='bbox 884 2396 961 2429; x_wconf 83' lang='lat' dir='ltr'>ego.</span> <span class='ocrx_word' id='word_1_324' title='bbox 985 2387 1022 2431; x_wconf 72' lang='grc' dir='ltr'><strong><em>(α</em></strong></span> <span class='ocrx_word' id='word_1_325' title='bbox 1038 2411 1047 2426; x_wconf 91' lang='grc'><strong>,</strong></span> <span class='ocrx_word' id='word_1_326' title='bbox 1075 2387 1181 2429; x_wconf 73' lang='grc'><strong><em>5-7)</em></strong></span> <span class='ocrx_word' id='word_1_327' title='bbox 1207 2386 1325 2418; x_wconf 81' lang='lat' dir='ltr'>factus</span> <span class='ocrx_word' id='word_1_328' title='bbox 1349 2390 1403 2419; x_wconf 82' lang='lat' dir='ltr'><strong><em>est</em></strong></span> <span class='ocrx_word' id='word_1_329' title='bbox 1431 2385 1598 2417; x_wconf 85' lang='lat' dir='ltr'>dominus</span> <span class='ocrx_word' id='word_1_330' title='bbox 1622 2385 1723 2418; x_wconf 87' lang='lat' dir='ltr'>velut</span> 
     </span>
     <span class='ocr_line' id='line_1_37' title="bbox 264 2431 1722 2477; baseline -0.001 -11"><span class='ocrx_word' id='word_1_331' title='bbox 264 2431 454 2473; x_wconf 72' lang='lat' dir='ltr'>inimicus,</span> <span class='ocrx_word' id='word_1_332' title='bbox 494 2436 531 2464; x_wconf 84' lang='lat' dir='ltr'><strong><em>et</em></strong></span> <span class='ocrx_word' id='word_1_333' title='bbox 554 2431 670 2466; x_wconf 82' lang='lat' dir='ltr'>evulsi</span> <span class='ocrx_word' id='word_1_334' title='bbox 709 2432 813 2476; x_wconf 85' lang='lat' dir='ltr'>quasi</span> <span class='ocrx_word' id='word_1_335' title='bbox 846 2433 957 2466; x_wconf 80' lang='lat' dir='ltr'>vitem</span> <span class='ocrx_word' id='word_1_336' title='bbox 994 2432 1192 2466; x_wconf 86' lang='lat' dir='ltr'>tentorium</span> <span class='ocrx_word' id='word_1_337' title='bbox 1228 2443 1355 2474; x_wconf 89' lang='lat' dir='ltr'>suum,</span> <span class='ocrx_word' id='word_1_338' title='bbox 1389 2432 1551 2477; x_wconf 83' lang='lat' dir='ltr'>corrupit</span> <span class='ocrx_word' id='word_1_339' title='bbox 1589 2432 1722 2465; x_wconf 79' lang='lat' dir='ltr'>festum</span> 
     </span>
     <span class='ocr_line' id='line_1_38' title="bbox 264 2477 1720 2519; baseline -0.001 -7"><span class='ocrx_word' id='word_1_340' title='bbox 264 2489 382 2513; x_wconf 71' lang='lat' dir='ltr'>suum.</span> <span class='ocrx_word' id='word_1_341' title='bbox 408 2477 588 2512; x_wconf 83' lang='lat' dir='ltr'>oblivioni</span> <span class='ocrx_word' id='word_1_342' title='bbox 626 2478 782 2513; x_wconf 81' lang='lat' dir='ltr'>tradidit</span> <span class='ocrx_word' id='word_1_343' title='bbox 809 2478 977 2512; x_wconf 85' lang='lat' dir='ltr'>dominus</span> <span class='ocrx_word' id='word_1_344' title='bbox 1005 2480 1043 2512; x_wconf 88' lang='lat' dir='ltr'><strong><em>in</em></strong></span> <span class='ocrx_word' id='word_1_345' title='bbox 1069 2478 1160 2512; x_wconf 87' lang='lat' dir='ltr'>urbe</span> <span class='ocrx_word' id='word_1_346' title='bbox 1185 2480 1419 2513; x_wconf 82' lang='lat' dir='ltr'>festivitatem</span> <span class='ocrx_word' id='word_1_347' title='bbox 1444 2485 1481 2513; x_wconf 84' lang='lat' dir='ltr'><strong><em>et</em></strong></span> <span class='ocrx_word' id='word_1_348' title='bbox 1507 2478 1720 2519; x_wconf 81' lang='lat' dir='ltr'>sabbatum,</span> 
     </span>
     <span class='ocr_line' id='line_1_39' title="bbox 264 2525 1721 2571; baseline -0.001 -11"><span class='ocrx_word' id='word_1_349' title='bbox 264 2530 304 2560; x_wconf 77' lang='lat' dir='ltr'><strong><em>et</em></strong></span> <span class='ocrx_word' id='word_1_350' title='bbox 327 2526 555 2571; x_wconf 72' lang='lat' dir='ltr'>exasperavit</span> <span class='ocrx_word' id='word_1_351' title='bbox 588 2525 628 2558; x_wconf 87' lang='lat' dir='ltr'><strong><em>in</em></strong></span> <span class='ocrx_word' id='word_1_352' title='bbox 653 2525 773 2559; x_wconf 86' lang='lat' dir='ltr'>furore</span> <span class='ocrx_word' id='word_1_353' title='bbox 799 2526 875 2560; x_wconf 86' lang='lat' dir='ltr'>irae</span> <span class='ocrx_word' id='word_1_354' title='bbox 905 2537 991 2560; x_wconf 86' lang='lat' dir='ltr'>suae</span> <span class='ocrx_word' id='word_1_355' title='bbox 1018 2537 1136 2571; x_wconf 83' lang='lat' dir='ltr'>regem</span> <span class='ocrx_word' id='word_1_356' title='bbox 1165 2532 1202 2561; x_wconf 74' lang='lat' dir='ltr'><strong><em>et</em></strong></span> <span class='ocrx_word' id='word_1_357' title='bbox 1225 2526 1459 2560; x_wconf 80' lang='lat' dir='ltr'>sacerdotem.</span> <span class='ocrx_word' id='word_1_358' title='bbox 1496 2526 1632 2571; x_wconf 75' lang='lat' dir='ltr'>repulit</span> <span class='ocrx_word' id='word_1_359' title='bbox 1656 2525 1721 2558; x_wconf 88' lang='lat' dir='ltr'>do-</span> 
     </span>
     <span class='ocr_line' id='line_1_40' title="bbox 263 2572 1721 2613; baseline -0.001 -7"><span class='ocrx_word' id='word_1_360' title='bbox 263 2572 384 2607; x_wconf 77' lang='lat' dir='ltr'>minus</span> <span class='ocrx_word' id='word_1_361' title='bbox 409 2572 524 2606; x_wconf 79' lang='lat' dir='ltr'>altare</span> <span class='ocrx_word' id='word_1_362' title='bbox 548 2583 675 2613; x_wconf 67' lang='lat' dir='ltr'>strum,</span> <span class='ocrx_word' id='word_1_363' title='bbox 705 2572 897 2607; x_wconf 79' lang='lat' dir='ltr'>maledixit</span> <span class='ocrx_word' id='word_1_364' title='bbox 921 2574 1202 2607; x_wconf 83' lang='lat' dir='ltr'>sanctificationi</span> <span class='ocrx_word' id='word_1_365' title='bbox 1226 2585 1323 2607; x_wconf 78' lang='lat' dir='ltr'>suae.</span> <span class='ocrx_word' id='word_1_366' title='bbox 1353 2573 1525 2607; x_wconf 83' lang='lat' dir='ltr'>contrivit</span> <span class='ocrx_word' id='word_1_367' title='bbox 1548 2573 1587 2606; x_wconf 90' lang='lat' dir='ltr'><strong><em>in</em></strong></span> <span class='ocrx_word' id='word_1_368' title='bbox 1611 2585 1721 2606; x_wconf 86' lang='lat' dir='ltr'>manu</span> 
     </span>
     <span class='ocr_line' id='line_1_41' title="bbox 264 2619 1722 2655; baseline 0 -2"><span class='ocrx_word' id='word_1_369' title='bbox 264 2620 345 2653; x_wconf 63' lang='lat' dir='ltr'>eiua</span> <span class='ocrx_word' id='word_1_370' title='bbox 369 2630 511 2653; x_wconf 85' lang='lat' dir='ltr'>murum</span> <span class='ocrx_word' id='word_1_371' title='bbox 534 2620 690 2653; x_wconf 78' lang='lat' dir='ltr'>turrium</span> <span class='ocrx_word' id='word_1_372' title='bbox 719 2620 807 2655; x_wconf 79' lang='lat' dir='ltr'>eius.</span> <span class='ocrx_word' id='word_1_373' title='bbox 843 2631 967 2654; x_wconf 84' lang='lat' dir='ltr'>vocem</span> <span class='ocrx_word' id='word_1_374' title='bbox 992 2620 1082 2654; x_wconf 84' lang='lat' dir='ltr'>belli</span> <span class='ocrx_word' id='word_1_375' title='bbox 1106 2620 1287 2655; x_wconf 81' lang='lat' dir='ltr'>dederunt</span> <span class='ocrx_word' id='word_1_376' title='bbox 1312 2621 1351 2655; x_wconf 86' lang='lat' dir='ltr'><strong><em>in</em></strong></span> <span class='ocrx_word' id='word_1_377' title='bbox 1375 2620 1485 2653; x_wconf 78' lang='lat' dir='ltr'>domo</span> <span class='ocrx_word' id='word_1_378' title='bbox 1507 2619 1647 2653; x_wconf 80' lang='lat' dir='ltr'>domini</span> <span class='ocrx_word' id='word_1_379' title='bbox 1672 2620 1722 2653; x_wconf 87' lang='lat' dir='ltr'><strong><em>si-</em></strong></span> 
     </span>
     <span class='ocr_line' id='line_1_42' title="bbox 264 2666 1723 2714; baseline -0.001 -13"><span class='ocrx_word' id='word_1_380' title='bbox 264 2671 328 2701; x_wconf 74' lang='lat' dir='ltr'><strong><em>out</em></strong></span> <span class='ocrx_word' id='word_1_381' title='bbox 353 2666 533 2700; x_wconf 76' lang='lat' dir='ltr'>canticum</span> <span class='ocrx_word' id='word_1_382' title='bbox 560 2666 766 2700; x_wconf 80' lang='lat' dir='ltr'>Levitarum</span> <span class='ocrx_word' id='word_1_383' title='bbox 799 2667 838 2700; x_wconf 86' lang='lat' dir='ltr'><strong><em>in</em></strong></span> <span class='ocrx_word' id='word_1_384' title='bbox 873 2667 933 2701; x_wconf 86' lang='lat' dir='ltr'><strong><em>die</em></strong></span> <span class='ocrx_word' id='word_1_385' title='bbox 973 2668 1138 2701; x_wconf 77' lang='lat' dir='ltr'>solemni.</span> <span class='ocrx_word' id='word_1_386' title='bbox 1163 2669 1236 2712; x_wconf 84' lang='lat'>(20.</span> <span class='ocrx_word' id='word_1_387' title='bbox 1258 2669 1320 2714; x_wconf 66' lang='grc' dir='ltr'><strong><em>αι)</em></strong></span> <span class='ocrx_word' id='word_1_388' title='bbox 1358 2668 1463 2709; x_wconf 82' lang='lat' dir='ltr'>vide,</span> <span class='ocrx_word' id='word_1_389' title='bbox 1489 2666 1654 2708; x_wconf 88' lang='lat' dir='ltr'>domine,</span> <span class='ocrx_word' id='word_1_390' title='bbox 1684 2672 1723 2700; x_wconf 81' lang='lat' dir='ltr'><strong><em>et</em></strong></span> 
     </span>
     <span class='ocr_line' id='line_1_43' title="bbox 267 2712 1720 2760; baseline 0 -14"><span class='ocrx_word' id='word_1_391' title='bbox 267 2712 455 2747; x_wconf 83' lang='lat' dir='ltr'>considera</span> <span class='ocrx_word' id='word_1_392' title='bbox 493 2723 600 2759; x_wconf 87' lang='lat' dir='ltr'>quem</span> <span class='ocrx_word' id='word_1_393' title='bbox 635 2714 913 2748; x_wconf 76' lang='lat' dir='ltr'>vindemiaveris</span> <span class='ocrx_word' id='word_1_394' title='bbox 949 2714 1011 2748; x_wconf 79' lang='lat' dir='ltr'>ita.</span> <span class='ocrx_word' id='word_1_395' title='bbox 1047 2714 1218 2749; x_wconf 81' lang='lat' dir='ltr'>trucidati</span> <span class='ocrx_word' id='word_1_396' title='bbox 1253 2720 1337 2748; x_wconf 84' lang='lat' dir='ltr'><strong>sunt</strong></span> <span class='ocrx_word' id='word_1_397' title='bbox 1366 2714 1509 2760; x_wconf 78' lang='lat' dir='ltr'>parvuli</span> <span class='ocrx_word' id='word_1_398' title='bbox 1533 2715 1720 2748; x_wconf 73' lang='lat' dir='ltr'>lactentes.</span> 
     </span>
     <span class='ocr_line' id='line_1_44' title="bbox 268 2759 1721 2809; baseline 0 -14"><span class='ocrx_word' id='word_1_399' title='bbox 268 2759 299 2794; x_wconf 75' lang='grc' dir='ltr'><strong><em>εἰ</em></strong></span> <span class='ocrx_word' id='word_1_400' title='bbox 331 2759 499 2797; x_wconf 81' lang='lat' dir='ltr'>occident</span> <span class='ocrx_word' id='word_1_401' title='bbox 535 2760 574 2795; x_wconf 86' lang='lat' dir='ltr'><strong><em>in</em></strong></span> <span class='ocrx_word' id='word_1_402' title='bbox 599 2762 805 2797; x_wconf 76' lang='lat' dir='ltr'>sanctuario</span> <span class='ocrx_word' id='word_1_403' title='bbox 840 2761 979 2798; x_wconf 84' lang='lat' dir='ltr'>domini</span> <span class='ocrx_word' id='word_1_404' title='bbox 1018 2761 1242 2798; x_wconf 76' lang='lat' dir='ltr'>sacerdotem</span> <span class='ocrx_word' id='word_1_405' title='bbox 1268 2768 1303 2798; x_wconf 88' lang='lat' dir='ltr'><strong><em>et</em></strong></span> <span class='ocrx_word' id='word_1_406' title='bbox 1328 2761 1572 2809; x_wconf 81' lang='lat' dir='ltr'>prophetam?</span> <span class='ocrx_word' id='word_1_407' title='bbox 1598 2762 1721 2795; x_wconf 73' lang='lat' dir='ltr'>iacue-</span> 
     </span>
    </p>
   </div>
  </div>
 </body>
</html>
