1916 3210
453 141 666 188 rrAmcE
687 148 690 149 ⁷
713 114 1050 188 mmmm
1090 146 1345 191 mmmm.
1519 129 1635 198 455

178 258 278 293 nare
304 245 343 295 el
371 259 446 298 sno
472 259 611 303 regno.
642 246 842 288 Havendo
860 248 1052 304 adunque
1068 248 1178 290 visto
1198 248 1239 290 13
1255 249 1455 304 reginala
1485 251 1641 306 grande

179 301 348 354 audacia
366 298 410 343 di
429 300 600 354 Tumhi,
627 303 824 343 constitui
847 319 932 345 uno
954 305 1111 346 huomo
1133 306 1258 345 molto
1279 306 1472 347 valoroso
1491 313 1533 348 et
1552 321 1642 348 ma·-

176 354 378 413 gnanimov
400 371 476 412 per
501 357 710 414 capitanio
740 358 805 399 del
835 374 911 400 suo
939 362 1129 412 exercito,
1161 360 1203 400 in
1233 361 1270 400 le
1289 375 1386 402 cose
1411 361 1556 404 bellice
1581 377 1641 403 un

179 412 289 464 altro
319 410 469 454 Achae
517 427 621 455 over
652 413 840 457 Hectore.
911 416 1048 457 Morat
1075 415 1258 457 sedendo
1286 417 1326 456 in
1359 416 1642 472 Andrinopoli

178 465 342 511 iubeto·
367 498 382 522 ,
407 468 561 511 mando
594 467 675 509 deli
705 470 858 525 sati-api
884 470 945 511 soi
971 470 1002 511 li
1034 471 1108 526 piii
1135 471 1304 527 gloriosi
1332 473 1372 512 al
1400 473 1564 527 dispote
1590 474 1644 514 de

178 523 358 574 Servia,
389 522 466 565 che
495 523 526 564 li
559 524 774 565 mandasse
801 527 839 566 la
869 540 940 566 sua
970 542 1103 582 sposa.
1158 528 1211 568 El
1237 527 1423 583 dispoto,
1452 529 1491 569 01
1522 531 1646 584 quale

179 593 254 624 era
281 580 424 636 signer
451 578 587 620 molto·
607 582 821 635 magnifico
855 588 897 621 et
924 582 1092 623 liberale
1109 613 1121 635 ‚
1151 597 1229 623 con
1256 583 1413 639 grande
1441 585 1571 638 gloria
1600 591 1645 626 et

177 642 380 691 apparato
421 635 556 690 regale
583 643 789 677 reeevette
829 636 856 677 li
886 641 1037 692 satrapi
1063 638 1128 678 del
1152 638 1287 679 dueha
1315 640 1466 680 Morat.
1524 640 1644 681 Facti

177 689 374 750 adunque
399 689 430 731 li
462 691 601 746 ⁴regali
653 693 808 732 conviti
846 708 923 733 con
960 701 1066 734 tutte
1107 693 1144 733 le
1181 694 1581 745 sollemnitadeche
1608 696 1643 737 si

178 758 392 788 convenae
431 759 455 786 a
488 747 635 811 'quelle
677 762 803 796 noze‚
852 749 888 788 el
927 750 1096 804 signore
1132 751 1335 803 Georgio,
1372 751 1410 791 el
1448 751 1570 806 quale
1599 752 1641 792 in

98 829 102 834 -
176 800 316 865 ‘qt-lello
346 801 571 842 medestmo
601 817 708 843 anno
737 818 805 844 era
826 811 934 844 stato
957 806 1198 845 confirmato
1225 806 1388 860 dispoto
1419 807 1525 847 della
1543 807 1644 848 Ser-

176 869 247 899 vla
274 857 328 897 da
357 856 518 898 Zuanni
547 858 767 913 Paleologo
809 861 1090 914 imperadore,
1126 861 1282 901 mando
1312 862 1352 901 31
1382 861 1516 902 ducha
1548 865 1644 904 Mo-

170 915 243 952 'rat
288 911 340 953 de
382 911 421 953 le
449 927 523 953 sue
570 914 718 968 figliole
745 914 880 969 quella
910 916 986 956 che
1015 917 1041 956 li
1069 918 1222 972 sati-api
1267 915 1472 968 elesseno,
1504 919 1541 958 13
1570 919 1645 972 Ρίῗι

177 967 306 1018 bella,
346 977 664 1023 accompagnata
713 970 765 1010 da
806 971 878 1011 doi
907 972 966 1011 soi
996 971 1175 1022 fratelli,
1208 986 1285 1012 con
1313 974 1440 1012 multe
1467 981 1579 1014 veste
1605 973 1645 1013 d'

180 1034 288 1075 om,
318 1025 501 1078 pretiose
528 1026 614 1065 zoie
642 1033 681 1065 et
711 1026 857 1080 grandi
884 1026 1040 1067 thesori
1069 1027 1183 1068 d’oro
1213 1035 1253 1068 et
1279 1027 1502 1072 d’arzento.
1549 1031 1648 1069 Mo-

178 1085 242 1119 rat
269 1086 504 1120 veramente
529 1087 730 1121 rezevette
756 1081 796 1122 la
821 1097 894 1122 sua
920 1096 1037 1136 sposa
1066 1097 1145 1123 con
1164 1084 1192 1123 li
1222 1084 1283 1123 soi
1311 1082 1457 1123 fratelli
1490 1087 1531 1124 in
1553 1084 1646 1124 An-

177 1132 397 1189 drinopoli
424 1149 502 1176 con
534 1136 691 1190 grande
732 1151 883 1190 pompa
912 1145 953 1177 et
980 1138 1173 1192 alegreza.
1230 1138 1420 1193 Compite
1447 1139 1487 1179 le
1515 1153 1644 1192 noze,

165 1190 380 1236 *remando
407 1191 436 1230 li
462 1192 628 1245 cognati
661 1197 703 1232 et
730 1192 760 1231 li
788 1193 888 1232 altri
915 1196 1129 1248 compagni
1158 1193 1266 1234 della
1294 1197 1442 1234 noviza
1471 1195 1514 1234 in
1543 1195 1648 1235 Ser-

177 1246 272 1295 via,
320 1247 455 1287 ornati
498 1248 550 1287 de
593 1247 713 1288 molti
740 1248 868 1288 ricchi
908 1249 1029 1299 doni,
1058 1257 1100 1290 et
1130 1264 1152 1288 a
1182 1249 1240 1288 lui
1269 1263 1349 1290 con
1376 1249 1416 1289 la
1439 1264 1557 1303 sposa
1587 1250 1647 1290 ri-

177 1315 290 1342 mase
320 1302 362 1342 in
391 1302 686 1357 Andrinopoli.
749 1304 1031 1344 Comenzando
1059 1304 1102 1345 lo
1134 1310 1306 1355 amnuo,
1337 1320 1380 1345 sa
1413 1306 1532 1345 diede
1559 1312 1647 1345 tut·

177 1363 224 1397 to
251 1356 320 1397 alii
348 1356 533 1409 theatri,
566 1357 810 1412 spectaculi,
843 1359 922 1400 alla
951 1359 1105 1411 cancie,
1137 1359 1207 1399 alli
1233 1361 1385 1401 conviti
1414 1368 1457 1401 et
1485 1360 1647 1401 sdravi-

178 1425 224 1452 ze
253 1411 361 1454 della
386 1427 459 1454 sua
487 1420 602 1454 corte
628 1421 833 1456 consuete.
889 1415 1059 1455 Passato
1091 1414 1292 1455 l'inverno
1320 1416 1363 1455 in
1392 1417 1523 1470 questi
1554 1416 1646 1470 pia-

181 1469 290 1519 oeri,
326 1468 367 1509 la
399 1468 568 1518 invidia,
613 1469 779 1511 inimica
819 1469 924 1511 delle
950 1470 1116 1511 virtude
1144 1478 1184 1511 et
1213 1470 1324 1512 della
1352 1473 1518 1527 quiete,
1550 1472 1644 1512 ereb

177 1525 353 1578 pensieri
379 1523 487 1564 nella
505 1531 644 1566 mente
661 1526 727 1567 del
756 1526 894 1566 ducha
919 1526 1048 1567 molto
1075 1527 1263 1567 terribile
1290 1534 1332 1568 et
1360 1527 1521 1567 crudeli¹
1544 1541 1644 1568 con·

131 1584 134 1587 '
177 1585 244 1620 tra
283 1579 322 1620 el
366 1578 528 1634 dispoto
564 1582 714 1622 Zorzio
735 1612 747 1634 ‚
774 1596 847 1622 suo
875 1596 1015 1622 socero
1035 1612 1048 1634 ,
1088 1596 1164 1636 per
1193 1582 1396 1638 conseglio
1425 1583 1642 1638 nephando
1657 1585 1726 1620 208

177 1641 222 1675 et
266 1634 445 1690 maligno
483 1636 536 1676 de
565 1637 772 1687 Fadulac,
817 1637 971 1678 huomo
1010 1638 1152 1692 iniquo
1180 1645 1314 1678 astuto
1359 1646 1402 1679 et
1443 1639 1644 1692 maligno.

179 1691 335 1742 Questo
365 1705 435 1731 era
467 1691 534 1732 del
566 1707 686 1733 nome
715 1693 944 1734 Christiano
986 1707 1106 1747 sopra
1136 1694 1232 1734 tutti
1261 1694 1291 1734 li
1320 1693 1416 1734 altri
1445 1694 1644 1735 inimicis-

178 1745 298 1791 simo.
354 1748 512 1799 Questo
539 1762 608 1788 era
635 1748 742 1788 delle
770 1750 921 1789 intrate
947 1749 1015 1789 del
1041 1749 1181 1803 signor
1213 1751 1367 1805 grande
1395 1757 1647 1804 governato-

179 1815 254 1852 re,
286 1809 328 1842 et
358 1801 410 1842 de
438 1808 545 1842 tutte
572 1803 611 1843 le
641 1803 896 1844 crudelitade
937 1812 978 1844 et
1004 1806 1110 1844 male
1139 1819 1268 1858 opere
1294 1806 1346 1845 de
1374 1808 1513 1846 Morat
1539 1820 1642 1845 con-

179 1863 246 1897 tra
287 1856 319 1898 li
361 1857 584 1897 Christiani
621 1867 767 1899 autore
805 1867 846 1899 et
889 1859 1139 1900 consultore.
1211 1861 1368 1912 Questo
1410 1868 1573 1901 trovato
1603 1860 1642 1901 el

181 1919 325 1966 tempo
356 1913 574 1954 commodo
615 1915 665 1954 ad
710 1914 749 1955 la
775 1929 849 1955 sua
884 1915 1111 1955 intentione
1142 1930 1338 1968 perversa
1367 1923 1407 1955 et
1438 1915 1642 1970 maligna,

181 1967 236 2008 ad
254 1969 390 2009 Morat
418 1969 501 2009 cos}
522 1970 718 2023 pariando
747 1977 786 2010 et
814 1969 1095 2024 consigliando
1119 1970 1238 2014 disse.
1296 1972 1335 2011 Ο
1364 1971 1519 2025 signor,
1539 1982 1645 2025 'per-

182 2023 260 2064 che
289 2038 374 2064 non
403 2025 526 2078 perdi
555 2024 585 2064 li
614 2025 767 2065 inimici
798 2025 904 2065 della
936 2032 1080 2065 nostra
1111 2026 1233 2066 fede?
1287 2027 1369 2066 Dio
1398 2034 1444 2067 te*
1464 2027 1519 2066 ha
1549 2028 1643 2066 data

182 2086 300 2120 tanta
342 2082 554 2135 potentia3
596 2089 636 2121 et
675 2089 721 2121 tu
768 2095 850 2121 non
880 2080 919 2120 la
948 2082 1120 2121 exercite
1151 2088 1295 2121 contra
1323 2081 1353 2121 li
1378 2083 1438 2122 soi
1466 2082 1642 2123 inimici.

181 2135 270 2176 Con
298 2135 338 2176 la
366 2142 437 2176 tua
465 2138 661 2190 patientia
690 2138 870 2176 manteni
899 2136 1091 2181 l‘infideli.
1126 2145 1237 2177 certe
1265 2145 1408 2192 questo
1441 2152 1523 2177 non
1552 2139 1645 2192 pia·

181 2204 230 2232 ce
259 2206 284 2231 a
314 2191 399 2232 dio.
431 2191 634 2232 Consume
659 2193 854 2246 adunque
882 2193 921 2231 13
948 2198 1020 2231 tua
1047 2192 1174 2246 spada
1204 2192 1242 2232 le
1271 2207 1394 2233 carne
1422 2193 1528 2234 delle
1556 2195 1641 2233 ini-

182 2247 303 2299 mici,
332 2246 523 2288 finch’elli
552 2263 738 2302 vengano
769 2247 847 2287 aila
874 2248 1058 2287 doctrina
1087 2248 1138 2288 de
1155 2263 1240 2288 uno
1271 2249 1339 2288 dio
1360 2257 1397 2289 et
1428 2249 1493 2289 del
1521 2264 1645 2304 gran-

182 2302 236 2343 de
267 2303 487 2358 propheta.
544 2306 694 2358 Sappi,
733 2305 873 2357 signor
901 2303 1034 2342 ducha
1055 2333 1068 2355 ,
1114 2304 1189 2343 che
1218 2302 1258 2342 13
1291 2312 1425 2353 terra,
1456 2304 1496 2344 la
1523 2305 1647 2359 quale

183 2358 240 2398 ha
265 2358 452 2400 edificata
491 2359 528 2400 el
573 2361 732 2414 dispoto
760 2359 867 2399 della
895 2359 1037 2399 Servia
1054 2389 1065 2409 ‚
1102 2373 1184 2398 nou
1216 2359 1237 2398 ὲ
1263 2367 1325 2399 sta
1351 2361 1539 2400 edificata
1570 2375 1646 2414 per

184 2422 328 2456 nostro
355 2416 474 2456 hene.
531 2416 736 2456 Prendate
765 2415 958 2469 adunque
988 2414 1122 2468 quella
1163 2422 1303 2467 terra,
1335 2423 1374 2456 et
1404 2430 1476 2470 per
1505 2416 1643 2471 quella

182 2469 403 2512 havet-emo
442 2473 484 2512 lu
515 2472 624 2512 adito
661 2472 711 2511 da
739 2472 881 2511 Servia
909 2473 951 2510 in
991 2472 1216 2526 Hungaria.
1273 2471 1492 2527 Togliamo
1520 2472 1559 2511 al
1587 2473 1642 2511 si-

185 2540 316 2581 gnore
345 2526 454 2567 della
479 2528 621 2568 Servia
651 2528 686 2567 le
709 2528 902 2577 fontane,
928 2526 1005 2567 che
1023 2534 1363 2580 perpetuamente
1392 2541 1506 2568 come
1534 2542 1644 2582 aqua

186 2583 462 2624 scaturiseono
489 2598 564 2624 oro
594 2590 635 2623 et
660 2589 842 2623 arzento.
903 2582 991 2622 Con
1017 2583 1149 2637 questi
1178 2583 1331 2623 metalli
1364 2586 1643 2638 aquistaremo

186 2637 227 2678 13
252 2639 463 2694 Hungaria
486 2669 498 2690 ,
527 2646 569 2679 et
595 2639 647 2679 de
677 2639 707 2679 Γι
737 2639 961 2678 andaremo
989 2637 1041 2678 de
1071 2637 1193 2693 longo
1225 2639 1266 2677 in
1296 2638 1442 2691 ltalia,
1475 2638 1646 2678 humili-

188 2693 294 2734 ando
345 2694 374 2735 li
404 2695 557 2735 inimici
604 2695 711 2735 della
738 2701 876 2734 nostra
907 2694 1015 2735 sede.
1075 2694 1125 2734 El
1156 2694 1288 2734 ducha
1316 2702 1554 2734 veramente
1583 2709 1645 2734 es·
1659 2706 1731 2741 2⁰9

188 2749 314 2792 sendo
342 2751 522 2793 anchora
561 2765 712 2792 zovene
746 2759 787 2792 et
816 2750 1022 2806 simplice,
1070 2765 1156 2791 non
1189 2749 1365 2792 haveute
1394 2750 1549 2792 malitia
1575 2748 1641 2791 nel
