1884 3216
318 180 425 254 ¹95-
655 195 850 245 DUCAE
872 193 1155 241 Mlanms
1192 196 1416 239 NEPoTts

305 314 366 353 yw
393 301 468 342 καί
493 299 653 353 Χαμζᾶ
675 300 750 342 τοῦ
776 299 895 340 θείου
938 292 1097 351 αὗτοῦ,
1126 297 1200 340 καί
1224 292 1357 347 οὕτως
1383 293 1604 354 ἐτελειώθη
1632 293 1747 354 παγ-

306 363 416 418 γενεί
443 363 467 407 ὅ
499 363 686 420 Τζινεήτ.
1212 402 1215 405 Α
1790 362 1796 367 '

192 428 290 476 Ἄδα
415 446 484 488 29.
534 429 582 473 Ὁ
625 427 823 483 βασιλεὺς
863 423 939 470 οὖν
979 427 1167 484 Ἰωάννης
1193 425 1369 484 ποιήσας
1395 425 1644 480 κατάστασιν
1669 428 1747 470 καὶ

264 497 464 538 Οτελείαν
491 493 656 550 εἰρήνην
680 492 786 547 μετά
815 495 892 535 τοῦ
913 492 1104 548 Μωράτ,
1134 494 1232 544 δοὺς
1259 493 1376 551 αὖτῷ
1401 492 1476 543 τοὶς
1503 490 1746 542 πόλεις’καὲ

302 559 446 614 κώμας
474 560 524 610 ἃς
552 557 662 613 εἶχεν
688 559 713 614 ἦ
741 556 927 612 Ποντικὴ
954 557 1149 601 θάλασσα
1166 590 1179 612 ,
1216 557 1326 614 πλὴν
1351 561 1435 601 τῶν
1461 555 1652 614 κάστρων
1681 552 1742 600 εἶν
1753 556 1784 597 5’

303 625 380 667 οὔκ
409 625 602 680 ἠδυνήθη
625 627 767 677 λαβεῖν
805 624 850 666 ἐν
879 625 933 680 τῇ
957 622 1101 681 μάχῃ,
1132 620 1219 667 οἷον
1232 625 1516 683 Μεσημβριῖκς
1556 627 1743 680 Δέρκους

301 694 377 734 καί
414 688 548 745 ἄλλα,
580 692 653 733 καί
694 687 740 731 τὸ
777 688 1004 744 Ζητούνιον
1043 688 1122 732 σὺν
1158 695 1253 740 ταῖς
1284 693 1449 740 λοιπαῖς
1476 689 1639 746 χώραις
1665 690 1756 732 τοῦ»

301 754 570 812 Στρυμόνος,
617 755 690 796 καί
727 757 814 796 κατ’
844 752 934 803 ἔτος
968 756 1082 804 τέλος
1118 751 1291 810 οἷσπρῶν
1327 758 1574 810 τριακοσίων
1601 755 1744 810 χιλιά-

300 823 402 874 δων,
429 819 649 876 εἶρηνεύων
676 817 780 861 κατὰ
803 816 847 861 τὸ
879 817 1058 862 δυνατόν
1087 817 1285 875 ἐκάθητο.
1343 819 1364 861 ὃ
1393 822 1440 862 δὲ
1469 818 1654 876 Μωράτ,
1686 818 1744 870 ὥς

298 885 327 941 ἡ
355 885 474 940 τύχη,
493 883 597 940 πρὸς
627 883 754 927 αὐτὸν
778 883 972 940 χαροπὰν
999 883 1152 938 ἔβλεψε
1172 887 1245 927 καί
1260 883 1419 934 πάντας
1445 883 1546 934 τούς
1561 882 1744 939 ἐχθροῦς
1759 897 1807 924 ιο

299 952 437 993 advo&
463 951 523 999 εἷς
547 952 662 999 τέλος
688 950 893 1005 ἠφάνισε,
920 952 995 992 καί
1020 951 1096 992 οὐκ
1122 946 1213 1004 εἶχε
1239 948 1311 992 τὸν
1340 949 1583 1006 φοβήσαντα
1611 945 1640 1006 ἢ
1667 948 1743 992 τὸν

299 1015 570 1069 κωλύσαντα,
598 1016 706 1072 περᾷ
734 1014 809 1070 τὴν
843 1015 1010 1073 Θρᾴκην
1037 1018 1110 1058 καί
1137 1017 1182 1057 ἐν
1210 1014 1392 1074 Προύσᾳ
1419 1017 1575 1070 γέγονε,
1602 1015 1743 1057 κάκεῖ-

253 1084 374 1124 nster
400 1081 567 1136 ἀπάρας
595 1083 667 1122 καί
693 1079 769 1134 τὴν
799 1083 987 1137 γέφυραν
1018 1077 1206 1137 περάσας
1233 1083 1312 1122 τοῦ
1340 1080 1565 1124 Λοπαδίου
1592 1081 1744 1135 κατῆλ-

295 1149 374 1187 θεν
401 1148 461 1195 εἰς
489 1148 722 1199 Πέργαμον
738 1179 750 1198 ,
781 1144 861 1187 άπὸ
895 1148 941 1202 δὲ
967 1143 1203 1202 Περγάμου
1233 1147 1294 1195 εἰς
1318 1147 1572 1201 ,Μαγνησίαν
1599 1145 1761 1201 ἀφίκεο-

296 1226 344 1253 το
363 1242 376 1264 ‚
421 1208 504 1252 α’πό
551 1212 599 1252 δὲ
639 1212 895 1266 ΠΙαγνησιάς
935 1213 995 1261 εἷς
1022 1204 1241 1267 Σμύρνην,
1273 1211 1355 1254 α’πὸ
1391 1214 1438 1254 δὲ
1463 1210 1658 1268 Σμύρνης
1684 1213 1744 1262 εἷς
1759 1211 1809 1254 15

298 1273 469 1330 Θύραια
501 1274 574 1316 καί
591 1271 783 1330 Ἔφεσον.
811 1278 1034 1331 συνέρρεον
1058 1278 1105 1319 δὲ
1133 1279 1218 1318 ταῖν
1245 1279 1365 1332 πέριξ
1393 1275 1609 1331 ἡγεμόνων
1636 1265 1753 1319 α’ποέ

296 1338 554 1395 κρισιάριοι,
596 1339 704 1381 οἷλλά
738 1340 812 1382 καί
849 1344 933 1382 τῶν
958 1343 1136 1396 μακράν.
1201 1340 1356 1383 ἔστειλε
1381 1337 1463 1397 γὰρ
1496 1339 1519 1382 ὅ
1545 1340 1745 1395 βασιλεὺς

294 1404 367 1448 τὸν
412 1402 558 1459 κύριον
585 1408 760 1447 Λουκᾶν
789 1408 991 1462 Νοταρᾶν
1022 1405 1094 1448 τὸν
1122 1406 1256 1448 αὐτοῦ
1280 1404 1518 1460 μεσάζοντα
1546 1404 1629 1449 συν
1661 1404 1744 1448 διό-

297 1485 388 1526 ροις
412 1473 577 1520 πολλοῖς
594 1501 606 1523 ,
640 1467 795 1523 ὁμοίως
823 1470 902 1514 καί,
923 1469 1124 1527 Λάζαρος
1152 1470 1175 1512 ὅ
1208 1470 1409 1526 δεσπότης
1437 1473 1638 1526 Σερβιάς,
1667 1469 1742 1514 άλ-

300 1532 354 1578 λὰ
394 1534 466 1577 καί
490 1534 656 1585 Ντανὸς
695 1534 716 1577 ὅ
745 1537 936 1590 Βλαχιάς
976 1537 1162 1592 ἡγεμών,
1206 1537 1228 1578 ὅ
1257 1534 1508 1592 ῙΙἸιτυλήνης
1535 1536 1807 1592 αὕθὲντηςαο

172 1609 208 1645 Ρ.
227 1601 376 1647 nouat*
401 1602 502 1642 Χῖοι
527 1602 599 1642 καί
619 1598 775 1644 Ῥόδιοι
804 1598 980 1652 ἅπαντες
1011 1602 1335 1658 εὐφημήσοντες.
1367 1598 1518 1651 πάντες
1545 1596 1621 1643 οὖν
1647 1600 1744 1644 ἔλα-

301 1669 379 1720 βον
405 1668 564 1714 πίστεις
603 1669 700 1722 παρ’
742 1667 875 1708 αὐτοῦ
901 1666 974 1709 καί
1015 1666 1175 1710 ἔδωκαν
1201 1669 1279 1709 τοῦ
1310 1663 1416 1709 εἶναι
1444 1668 1647 1723 εἶρηναῖοι
1673 1669 1747 1709 καὶ

303 1732 448 1789 φιλίας
490 1733 640 1785 μεστοί
674 1731 754 1775 σὺν
789 1733 905 1790 αὐτῷ
947 1734 1020 1775 καί
1044 1730 1169 1783 αὗτὸς
1208 1731 1290 1776 συν
1319 1733 1481 1787 αὐτοῖς,
1527 1731 1635 1789 πλὴν
1661 1734 1744 1775 τῶν

227 1052 233 1071 <

302 1909 407 1943 Curti
433 1915 470 1944 et
507 1909 683 1945 avunculo
718 1911 794 1946 eius
819 1910 991 1954 Hamzae,
1025 1909 1138 1946 iubet.
1167 1911 1219 1945 ita
1243 1910 1387 1946 factum.
1411 1910 1551 1958 talique
1574 1921 1657 1945 casu
1683 1907 1744 1946 Ci-

301 1956 410 1990 neitis
435 1968 545 2002 genus
569 1959 817 1992 internecione
847 1960 993 1992 omnino
1019 1959 1177 1993 deletum
1206 1964 1271 1992 est.

396 2016 450 2049 ‘²9-
498 2004 677 2038 Iohannes
707 2006 816 2051 igitur
839 2006 1034 2051 imperator
1065 2006 1271 2051 compositis
1297 2004 1402 2037 rebus
1428 2014 1580 2049 cumque
1602 2003 1743 2037 Morate

301 2049 464 2083 stabilita
503 2062 544 2084 ac
578 2052 717 2085 firmata
750 2063 863 2097 pace,
900 2052 1051 2085 urbibus
1078 2064 1118 2085 ac
1141 2053 1229 2085 vicis
1266 2052 1329 2097 qui
1352 2051 1441 2084 mari
1466 2051 1612 2084 Pontico
1642 2050 1744 2083 adia-

302 2101 386 2129 cent
417 2096 570 2139 deditis,
596 2105 739 2143 praeter
759 2110 855 2132 arces
881 2111 969 2144 quas
993 2110 1066 2132 non
1089 2099 1210 2144 potuit
1235 2099 1392 2131 Morates
1418 2107 1638 2142 expugnare,
1663 2097 1743 2130 Me-

302 2141 492 2175 sembriam
528 2144 661 2178 Dercos
696 2151 733 2178 et
756 2145 866 2186 alias,
903 2146 1089 2179 Zetunium
1129 2156 1275 2190 quoque
1307 2150 1497 2188 ceteraque
1533 2144 1612 2176 loca
1649 2143 1742 2187 quae

302 2188 467 2231 Strymon
493 2190 609 2232 alluit,
634 2203 792 2224 annuum
815 2192 963 2237 insuper
992 2192 1166 2224 tributum
1191 2191 1349 2236 pendere
1373 2198 1555 2234 asprorum
1579 2195 1635 2223 ter
1658 2199 1742 2222 cen-

300 2240 378 2267 tum
398 2236 511 2268 millia
538 2238 720 2281 pollicitus
746 2239 1010 2283 tranquillitate
1032 2238 1228 2271 fruebatur.
1275 2238 1430 2270 Morates
1456 2240 1575 2269 autem
1598 2235 1742 2269 fortuna

303 2282 459 2314 secunda
495 2294 534 2315 ac
571 2285 729 2328 propitia
755 2296 861 2326 usus,
885 2285 1050 2318 hostibus
1078 2285 1151 2317 suis
1176 2283 1221 2316 ad
1246 2295 1356 2316 unum
1383 2282 1512 2315 deletis
1529 2306 1538 2323 ,
1563 2292 1631 2314 nec
1657 2283 1743 2315 reli-

303 2333 360 2359 cto
385 2329 447 2372 qui
475 2340 510 2361 se
537 2336 599 2362 aut
624 2337 775 2364 terreret
802 2337 865 2364 aut
892 2331 1099 2375 impediret,
1126 2330 1313 2362 Thraciam
1338 2334 1501 2373 peragrat
1526 2328 1742 2373 Prusamque

303 2375 461 2406 accessit.
498 2375 599 2408 illinc
634 2378 814 2421 profectus
838 2384 983 2422 pontem
1007 2377 1160 2421 Lopadii
1182 2377 1310 2409 transit
1333 2377 1610 2419 Pergamumque
1635 2374 1743 2407 deve-

303 2420 369 2452 nit.
406 2421 531 2453 relicto
563 2423 727 2467 Pergamo
765 2424 984 2467 Magnesiam
1021 2423 1226 2463 contendit,
1259 2421 1343 2455 inde
1377 2422 1558 2465 Smyrnam
1596 2421 1743 2463 invisit3

305 2465 447 2509 Thyrea
484 2468 630 2500 tandem
666 2476 701 2503 et
726 2470 904 2514 Ephesum
946 2470 1068 2504 adivit.
1095 2470 1296 2515 principum
1333 2469 1530 2501 vicinorum
1560 2467 1742 2512 etiamque

303 2511 410 2557 longo
442 2519 614 2546 terrarum
648 2516 837 2549 intervallo
878 2517 1085 2550 dissitorum
1116 2527 1180 2560 per
1204 2515 1242 2548 id
1266 2521 1405 2559 tempus
1434 2514 1543 2558 legati
1567 2514 1743 2547 Moratem

304 2558 482 2592 adierunt.
511 2560 705 2604 imperator
731 2564 865 2608 quippe
890 2563 1068 2596 Iohannes
1096 2562 1279 2595 dominum
1304 2562 1434 2594 Lucam
1461 2561 1630 2594 Notaram
1654 2571 1742 2593 con-

304 2605 479 2638 siliarium
504 2618 605 2639 suum
629 2609 835 2651 primarium
856 2610 969 2642 multa
997 2609 1091 2642 dona
1116 2609 1291 2642 ferentem
1312 2608 1427 2650 misit3
1452 2607 1659 2652 pariterque
1674 2607 1743 2639 La-

302 2663 403 2684 zarus
438 2652 580 2686 Serviae
618 2654 787 2699 despota,
822 2657 944 2689 Danus
974 2655 1182 2689 VValachiae
1215 2655 1400 2699 prInceps‚
1429 2653 1620 2696 Mitylenes
1645 2651 1741 2694 dux,

303 2698 385 2731 Chii
410 2709 555 2743 quoque
578 2706 687 2745 atque
714 2701 843 2734 Rhodii
875 2703 1010 2746 legatos
1035 2702 1233 2741 miserunt,
1260 2701 1303 2733 de
1328 2701 1433 2734 laetis
1458 2699 1657 2743 faustisque
1684 2710 1741 2732 re·-

302 2742 370 2778 bus
400 2755 522 2779 omnes
560 2746 594 2780 ei
618 2749 865 2792 congratulati.
900 2748 1007 2782 fidem
1031 2749 1139 2791 etiam
1163 2748 1412 2792 obligaverunt
1437 2756 1562 2793 pacem
1587 2745 1741 2779 amiciti-
