1884 3216
319 178 423 245 148
657 197 838 240 nUcAF,
861 195 1145 238 minuimus
1169 195 1391 239 NEPo‘ns

309 297 457 338 τοῦτον
478 295 556 350 ἐγώ
576 296 646 337 καί
670 296 715 337 ἐν
733 293 879 349 χερσὶν
917 293 1028 347 ἔχειν
1045 296 1118 335 καί
1134 294 1191 349 μὴ
1222 297 1344 338 ἐᾶσαι
1365 292 1607 351 προβαίνειν
1623 288 1739 351 ’μήτε

309 360 499 417 φθείρειν
525 377 566 403 τι
593 363 672 403 τῶν
691 363 789 412 σῶν,
810 361 899 401 ἀλλ’
921 360 965 400 έν
982 359 1099 416 ἀδείᾳ
1122 362 1195 403 καί
1212 361 1397 419 ἀφθονίᾳ
1412 358 1680 416 ἡγεμονεύειν
1691 364 1740 402 ’σε

306 421 430 480 ἄχρις
460 422 561 481 ὅρου
587 427 694 480 ζωῆς
709 440 807 476 σου,
831 426 1146 480 φυλαττομένων
1175 427 1329 484 τῶνγέν
1356 422 1492 483 ὅρκοις
1514 423 1743 480 γενομένων

264 499 295 532 D
309 492 519 546 ἡμετέρων
535 491 820 546 ‹xvv-‘mmmm
851 487 985 530 ἔκτοτε
1006 485 1081 531 οὖν
1100 487 1189 544 εἶχε.
1200 491 1345 533 τοῦτον
1359 490 1382 533 ὅ
1400 490 1599 545 βασιλεῦς
1616 489 1663 532 ἓν
1684 491 1745 547 ’τῇ

307 553 744 599 Κωνσταντινουπόλει
762 553 840 596 σύν
856 556 915 611 τῷ
932 552 1115 610 Τζινεήτ,
1131 558 1204 598 καί
1214 555 1320 610 μετὰ
1335 554 1516 612 χρόνους
1535 550 1742 611 τέσσαρας
1755 564 1780 604 5

305 620 489 675 ἔπεμψεν
527 618 651 662 αὐτὸν
689 621 733 661 ἐν
770 621 821 675 τῇ
859 616 968 677 νήσῳ
998 619 1184 678 Λήμνῳ,
1230 621 1351 664 κάκεῖ·
1373 623 1513 676 διῆγεν
1538 615 1745 676 ἅχριτοῧ

305 689 391 729 νῦν.
418 688 493 728 νῦν
521 688 558 728 δ’
587 685 608 728 ὃ
634 683 832 739 βασιλεύς
862 683 918 740 μὴ
949 683 1059 740 ἔχων
1087 682 1107 727 ὅ
1135 702 1175 727 τι
1204 686 1277 729 καί
1302 684 1519 742 δράσειεν,
1547 685 1657 741 ὁρῶν
1680 682 1741 739 μὴ

304 753 364 802 εἰς
392 753 508 800 τέλος
535 749 580 792 τὸ
623 749 760 792 αὐτοῦ
786 750 979 804 βούλημα
1017 743 1284 805 ἐξερχόμενον
1323 749 1520 807 (καὶγὰρ
1543 748 1743 805 ,ἐβούλετο

303 814 404 865 τούς
434 814 510 858 δύο
548 816 701 863 παῖδας
738 813 835 864 τούς
866 817 1039 870 νηπίους
1080 817 1125 858 έν
1151 821 1242 865 ταῖς
1276 819 1422 872 χερσῖν
1450 813 1661 870 ἔχεινκαὶ
1685 815 1744 856 δι’

302 882 468 923 έκεινων
496 877 606 935 ἡμᾶς
631 881 866 936 ἐπτοῆσθαι
893 881 951 938 τῷ
981 877 1114 922 αὐτοῦ
1141 881 1323 937 κράτει),
1356 877 1437 936 ἤδη
1461 880 1535 923 τὸν
1561 875 1742 923 α’ποστά-
1760 893 1806 920 ιο

302 962 375 1000 την
400 947 542 987 τοῦτον
576 943 656 986 σὺν
685 946 745 1002 τῷ
770 947 1015 1002 ΙΙΙουσταφᾷ
1053 945 1111 994 ὥς
1147 941 1316 1000 ἀγρίους
1343 943 1479 995 κύνας
1497 947 1592 986 καθ’
1625 942 1744 999 ἦμῶν

300 1012 534 1059 λυττῶντας
563 1008 736 1066 οἷφῆκενς
802 1009 920 1064 ἡμεῖς
949 1011 988 1050 δ’
1027 1011 1103 1051 οὐκ
1131 1007 1187 1059 ὥς
1219 1008 1416 1065 δορκάδες
1445 1005 1474 1065 ἢ
1501 1009 1658 1058 πτῶκες
1683 1010 1744 1058 εἷς

299 1074 400 1124 τούς
426 1074 696 1124 ὑπεναντίους
725 1077 961 1131 φανοῦμεν,
990 1076 1080 1117 ἀλλ’
1105 1073 1162 1124 ὥς
1186 1076 1345 1125 λέοντες
1369 1072 1743 1130 ἒπεισπηδήσομεν,

298 1139 373 1182 καὶ
399 1136 708 1194 ἀμεταστρεπτὶ
733 1139 785 1182 τὰ
813 1138 973 1194 δόρατα
1004 1141 1065 1189 εἰς
1108 1138 1268 1190 αὐτους
1296 1143 1488 1194 σείσομεν
1515 1138 1739 1193 εὕστόχως.

300 1207 374 1247 καί
398 1204 480 1260 γάρ
510 1203 549 1246 οἱ
582 1202 778 1260 ἡμέτεροι
806 1206 1002 1255 πλείονες.
1057 1205 1178 1261 δρᾶτε
1214 1206 1355 1248 τοίνυν
1387 1203 1488 1255 τούς
1515 1203 1596 1248 σῦν
1628 1204 1743 1261 affre?
1759 1208 1807 1250 15

174 1280 227 1326 Υ.
240 1281 288 1316 66
301 1267 615 1326 εὖαριθμήτους
661 1264 804 1319 ὄντας,
849 1271 923 1311 καί
945 1268 1006 1312 ἔτι
1040 1272 1085 1312 ἐν
1111 1277 1204 1320 ταῖς
1234 1268 1422 1327 ᾆαγμᾶσι
1449 1267 1530 1312 τῶν
1560 1269 1752 1311 ὀδόντων

191 1342 226 1376 Ρ.
242 1344 285 1378 83
299 1333 372 1377 τὸν
420 1330 546 1387 ἄρτον
581 1335 655 1375 τοῦ
687 1336 835 1389 κυρίου
882 1350 966 1387 μου
1000 1337 1230 1391 ‹pepon-ag·
1289 1337 1362 1377 καί
1388 1333 1514 1376 αὕτοί
1537 1332 1617 1376 σὺν
1641 1333 1743 1388 ἡμῖν

299 1395 502 1454 αὗθωρόν
540 1396 734 1452 ἔσονται,
775 1395 906 1440 αὐτὸν
946 1399 1003 1451 ὥς
1031 1402 1339 1455 πεπλανημένον
1377 1399 1588 1455 πρόβατον
1613 1414 1742 1440 κατα-

300 1462 537 1517 λείψοντες,
572 1462 700 1516 μόνον
737 1465 777 1506 εἰ
815 1463 1045 1519 προθύμως
1086 1465 1162 1520 τήν
1190 1463 1326 1521 α’ρχῆν
1354 1467 1424 1518 τῆς
1451 1463 1638 1518 εἰσβολῆς
1665 1461 1743 1506 τοῦ

293 1530 480 1581 πολέμου
506 1527 868 1581 ὑπεισὲλθωμεν.”
921 1532 1040 1572 ταῦτ’
1067 1528 1194 1572 εἰπών
1221 1530 1294 1570 καί
1318 1527 1393 1576 τοὶς
1425 1526 1643 1583 φάλαγγας
1668 1543 1741 1570 κα·
1753 1549 1804 1576 20

294 1591 348 1634 τοὶ
390 1590 506 1642 τάξιν
544 1589 818 1647 εὖαρμόστως
870 1595 1076 1643 συντάξας
1112 1592 1159 1635 τὸ
1202 1592 1394 1636 ἐνυάλιον
1421 1589 1587 1647 ἤχησεν.
1643 1589 1665 1633 ὅ
1687 1593 1736 1635 δὲ

295 1659 570 1712 Μουσταφᾶς
599 1656 678 1699 οὐν
707 1659 764 1715 τῷ
785 1657 961 1713 Τζινεήτ
989 1658 1061 1700 καί
1087 1656 1214 1708 αὐτὸς
1231 1657 1330 1708 τούς
1358 1656 1430 1707 οὓς
1458 1655 1568 1711 εἶχεν
1592 1658 1740 1712 ἔγκαρ-

297 1721 398 1771 δίως
425 1721 691 1778 στερραᾶσας,
717 1724 791 1766 καί
817 1722 972 1776 ὄμὸσας
998 1724 1055 1773 ὥς
1081 1725 1122 1766 εἰ
1140 1725 1215 1779 τῆς
1244 1724 1378 1780 α’ρχῆς
1405 1720 1608 1776 ἐπιλάβοι,
1634 1723 1739 1766 ποίν-

300 1869 481 1903 frenatum
517 1868 704 1905 cohibeam
727 1882 828 1906 meae
854 1871 1025 1917 potestati
1045 1871 1280 1918 suppositum,
1307 1872 1413 1918 eique
1437 1883 1510 1905 non
1533 1871 1738 1917 permittam

299 1927 508 1962 procurrere
544 1924 581 1951 et
608 1920 749 1964 aliquid
783 1919 881 1964 quod
919 1925 1020 1952 tuum
1044 1920 1092 1953 sit
1128 1920 1322 1954 devastare.
1350 1930 1493 1952 securus
1518 1929 1600 1963 ergo
1623 1919 1739 1952 omni-

299 1963 442 2008 busque
467 1963 622 1997 ubertim
646 1965 832 1998 abundans
848 1976 954 2009 regna
974 1965 1057 1998 dum
1082 1966 1224 2007 vixeris,
1252 1965 1532 2010 foederibusque
1555 1970 1622 2005 sta,
1645 1976 1740 2009 quae

301 2010 411 2042 iurati
439 2009 543 2042 ambo
584 2012 796 2056 pepigimus,
820 2011 961 2044 Dehinc
995 2012 1091 2045 hunc
1116 2012 1342 2057 Mustapham
1367 2023 1408 2045 ac
1430 2011 1608 2045 Cineitem
1633 2011 1738 2055 Cpoli

303 2055 482 2096 detinuit,
523 2062 559 2090 et
582 2063 664 2102 post
697 2058 973 2103 quadriennium
1002 2059 1039 2091 in
1063 2059 1234 2091 Lemnum
1271 2059 1423 2092 insulam
1448 2058 1551 2090 illum
1573 2057 1740 2091 transmi-

302 2103 370 2143 sit,
407 2102 470 2134 uhi
504 2103 676 2137 hactenus
712 2105 867 2149 degerat.
908 2116 1003 2137 nunc
1039 2115 1118 2137 cum
1142 2116 1269 2138 nocere
1293 2105 1399 2138 nobis
1426 2105 1619 2148 imperator
1640 2103 1738 2136 haud

302 2148 437 2193 possit,
462 2150 712 2195 intelligatque
740 2151 889 2184 consilia
915 2163 978 2183 sua
1017 2151 1151 2184 exitum
1175 2163 1247 2184 non
1274 2152 1392 2185 sortiri
1419 2150 1578 2197 (volebat
1603 2150 1738 2195 quippe

303 2194 392 2227 duos
422 2195 576 2228 infantes
603 2198 716 2241 regios
736 2209 846 2243 penes
872 2208 908 2230 se
934 2197 1088 2238 hahere,
1112 2198 1258 2243 suisque
1281 2198 1416 2231 viribus
1439 2202 1608 2230 terrorem
1631 2195 1737 2230 nobis

301 2250 367 2285 per
392 2241 487 2284 ipsos
527 2242 707 2290 iniicere),
739 2244 956 2288 transfugam
997 2244 1104 2276 istum
1131 2244 1305 2277 Cineitem
1343 2255 1384 2277 ac
1408 2242 1633 2288 Mustapham
1671 2253 1737 2275 ceu

302 2298 407 2319 canes
434 2288 526 2320 seros
563 2295 599 2322 et
625 2290 722 2323 rabie
758 2291 884 2323 citatos
915 2291 954 2323 in
979 2300 1042 2322 nos
1076 2290 1233 2323 immisit.
1268 2301 1332 2323 nos
1357 2300 1439 2323 vero
1482 2300 1528 2322 ne
1552 2289 1736 2333 capraruni

303 2339 367 2365 aut
387 2333 550 2378 leporum
573 2347 672 2369 more
697 2336 818 2370 hostes
847 2337 1044 2380 fugiamus3
1066 2336 1145 2369 'sed
1168 2342 1338 2381 tanquam
1362 2337 1484 2369 leones
1513 2335 1737 2368 insilimus:

303 2379 497 2424 hastasque
522 2387 658 2415 nostras
683 2395 775 2428 quae
799 2384 894 2416 flecti
919 2383 1094 2424 nesciunt,
1118 2383 1156 2416 in
1181 2393 1241 2415 eos
1263 2382 1398 2416 directe
1424 2382 1636 2427 quatiamus.
1660 2382 1738 2414 ani-

303 2436 400 2458 mum
426 2426 536 2459 addat
559 2429 672 2461 maior
694 2436 896 2463 nostrorum
920 2441 1110 2470 numerus,
1141 2429 1290 2462 inferior
1316 2440 1437 2462 eorum
1462 2428 1523 2472 qui
1547 2429 1616 2473 ipsi
1640 2428 1737 2460 mili-

303 2477 402 2514 tant3
441 2483 530 2517 quos
563 2476 707 2508 cernitis
743 2487 871 2520 panem
906 2477 996 2520 regis
1031 2475 1101 2508 mei
1142 2476 1181 2509 in
1206 2475 1368 2509 dentium
1393 2475 1596 2508 interstitiis
1620 2474 1736 2507 adhuc

304 2518 408 2551 ferre.
435 2530 494 2552 eos
520 2519 701 2554 adiutores
725 2534 808 2554 mox
831 2522 1044 2555 habebimus
1074 2522 1112 2555 in
1135 2521 1273 2567 pecude
1299 2522 1485 2555 aberrante
1511 2520 1733 2554 retrahenda.

303 2564 373 2598 hoc
396 2577 506 2598 unum
530 2566 635 2600 nobis
670 2573 724 2601 sat
764 2569 851 2609 erit,
888 2570 917 2601 si
941 2569 1115 2613 praelium
1140 2568 1296 2613 prompti
1320 2575 1428 2614 atque
1453 2568 1585 2600 alacres
1610 2567 1736 2599 inieri-

302 2620 415 2644 mus.“
463 2612 519 2644 his
545 2612 648 2646 (lictis
675 2615 786 2646 aciem
811 2615 971 2659 disponit
993 2615 1190 2658 agminibus
1215 2626 1259 2647 ex
1281 2620 1356 2648 arte
1379 2615 1504 2648 locatis
1519 2640 1527 2652 ‚
1555 2619 1590 2646 et
1614 2613 1735 2646 classi-

304 2669 384 2690 cum
411 2659 489 2693 cani
515 2659 625 2692 iubet.
652 2671 695 2692 ex
720 2662 830 2693 altem
855 2667 955 2706 purte.
985 2661 1190 2706 Mustaphas
1216 2667 1403 2706 praesente
1429 2661 1568 2694 Cineite
1597 2660 1734 2693 animos

305 2715 449 2736 suorum
493 2706 698 2739 confirmat:
723 2708 859 2740 iuratus
895 2708 937 2740 iis
964 2708 1177 2751 pollicetur,
1213 2708 1242 2740 si
1268 2708 1455 2752 imperium
1480 2706 1628 2750 adeptus
1654 2705 1734 2738 fue·-

305 2751 363 2793 rit,
383 2762 500 2786 rerum
522 2753 679 2786 omnium
697 2753 859 2787 dominos
885 2765 998 2799 aeque
1022 2766 1069 2787 ao,
1083 2765 1120 2788 se
1139 2754 1238 2798 fore3
1260 2753 1415 2788 honores
1431 2766 1472 2788 ac
1495 2752 1588 2786 dona
1609 2763 1735 2798 quam-
