1890 3204
564 162 641 205 An
690 138 810 206 cn».
837 157 1232 207 *xxiv-nomn.
1456 202 1459 205 ,
1510 143 1624 204 585

158 277 315 310 mesos
333 259 571 306 esse-dieis
589 264 731 304 eadem
759 266 882 305 etiam
907 265 1134 320 significant
1147 264 1357 319 Gregor'ae'
1381 264 1505 306 verba
1534 267 1626 308 loco

168 320 318 371 cit-to,
351 319 430 376 qui-
455 333 533 361 eos
556 319 722 360 *Graecis
752 320 995 376 Latinisque
1020 321 1204 361 moribus
1228 320 1419 363 adsuetos
1448 322 1546 364 dicit
1573 323 1628 364 ab

165 373 577 425 hinifflitudiuem.
595 375 650 415 ab
680 374 758 417 iliis
785 376 999 416 audaciam
1026 375 1228 417 didicisse.
1330 392 1332 394 ¹
1522 393 1523 397 ¹

275 429 331 472 Ρ.
365 429 459 484 145,
491 444 527 472 ι.
582 425 622 470 οἱ
649 429 697 470 δὲ
720 431 798 471 τοῦ
821 427 994 485 Μωροὶτ
1022 428 1326 488 δοκιμώτατοι]
1383 433 1519 485 Quam
1537 433 1626 474 Du-

165 499 231 526 cas
263 488 490 528 orationem
518 486 686 526 Veziros
711 486 763 526 ad
789 489 992 528 Moratem
1018 487 1207 528 habuisse
1235 486 1313 528 hoc
1341 487 1434 528 loco
1465 496 1623 538 narrat,

165 541 336 596 quicum
360 541 528 583 historin
555 541 812 582 Verantiana
842 542 954 597 apud
975 542 1267 583 Leunclavium
1294 543 1509 596 consentit,
1537 558 1625 584 eam

163 595 217 638 ad
234 596 451 646 Baiszitem
468 598 636 638 Bassam
663 596 751 637 inus
770 597 960 638 habuisse
978 599 1157 639 Mon-ntes
1172 599 1488 654 Dragomannus
1514 600 1626 654 apud

157 651 339 694 maden
365 652 520 694 asserit.
550 653 594 692 in
623 653 842 693 narrandis
867 655 978 693 enim
1007 654 1129 694 rebus
1158 653 1270 695 hisce
1297 667 1321 695 a
1347 655 1524 696 Baiazite
1551 669 1624 709 ge-

161 707 233 749 st'n
264 708 446 748 Montes
478 722 504 748 a
533 708 651 748 Duca
688 716 728 749 et
767 709 1024 750 Verantiana
1061 709 1233 750 historia
1261 709 1491 765 discrepat,
1523 710 1625 751 dum

92 810 94 815 ,
160 761 328 804 Bassam
350 762 488 814 ¹illum
527 763 583 804 ad
609 763 741 804 solam
772 764 922 804 famam
949 766 1134 819 prosperi
1164 779 1306 806 rerum
1335 765 1622 821 Mustaphaea-

156 830 259 859 tum·
279 832 488 860 successus
515 833 540 859 a
567 821 728 860 Morate
755 819 947 860 defecisse
971 821 1129 860 scribit.

272 873 323 914 P.
357 873 451 926 144,
482 875 523 915 5.
578 873 652 926 τῆς
675 871 950 928 προποντίδος
979 875 1061 915 τοῦ
1089 873 1211 926 ἱεροῦ
1239 873 1430 930 στομίου]
1485 876 1622 918 Ducas

76 969 84 979 ,
159 927 391 984 Bosporum
424 929 649 970 Thracium
666 961 678 978 ‚
726 944 910 971 errorem
944 929 1056 986 vulgi
1097 937 1283 980 secutus,
1329 931 1623 985 Propontidem

158 998 235 1039 per
420 992 568 1027 vocat:
614 986 693 1027 illis
723 986 880 1041 quippe
915 986 1169 1040 temporibus
1195 987 1318 1027 binae
1346 987 1624 1041 Propontides

158 1055 184 1079 a
253 1040 382 1081 meeis
406 1042 608 1095 imperitis
637 1042 886 1082 ferebantur.
947 1042 1085 1082 Codex
1115 1042 1217 1096 Reg.
1250 1042 1350 1082 MS:
1379 1042 1622 1094 Προποντί-

157 1091 360 1148 «reseda,
405 1093 435 1150 ἦ
473 1095 552 1148 μὲν
579 1095 684 1138 κατὰ
725 1095 801 1150 τήν
817 1090 1024 1149 Ἄβυδον,
1061 1094 1089 1150 ἡ
1117 1095 1165 1136 δὲ
1196 1093 1302 1137 κατὰ
1331 1094 1377 1136 τὸ
1406 1094 1523 1151 ἱερὸν
1548 1095 1625 1138 καὶ

137 1146 427 1202 Διχκιριμοὶἔὶιον.
465 1166 546 1192 una
591 1153 655 1193 ad
690 1153 906 1204 Abydum,
946 1153 1032 1192 alia
1071 1151 1138 1192 ad
1177 1153 1359 1206 [ostium]
1390 1166 1553 1192 sacrum
1583 1158 1623 1194 e't

156 1205 483 1247 Psammatlaion.
507 1203 623 1260 ἱερὸν
649 1204 824 1258 στόμιον
844 1207 896 1247 ad
920 1207 1151 1261 Bosporum
1180 1211 1355 1262 pertinet
1368 1208 1619 1261 Thracium3

155 1260 231 1301 ubi
255 1261 299 1301 in
329 1264 654 1317 angustissimam
700 1262 950 1303 latitudinem
984 1270 1194 1302 coartatur
1221 1264 1390 1303 fretum.
1423 1265 1466 1302 in
1495 1269 1619 1303 utro-

155 1330 239 1370 que
266 1317 406 1358 littore
433 1325 616 1359 castrum
644 1319 906 1359 aedificatum
935 1326 1009 1358 est.
1071 1317 1220 1359 Gillius
1252 1318 1325 1359 lib.
1345 1320 1372 1360 3
1396 1332 1485 1373 cap.
1514 1318 1539 1359 5
1567 1318 1620 1359 de

153 1371 339 1428 Bosporo
368 1373 547 1415 Thracio
575 1373 803 1414 adeundus.

258 1427 319 1468 P.
357 1428 451 1482 144,
482 1443 552 1469 21.
619 1428 783 1482 μεγάλη
823 1425 1012 1484 Καρύα]
1085 1428 1347 1470 Ptolemaeus
1373 1436 1414 1469 et
1440 1429 1618 1483 Stepha-

153 1496 233 1523 nus
259 1483 303 1524 in
327 1484 506 1524 Thracia
535 1483 793 1525 Chersoneso
822 1484 976 1525 habent
1007 1483 1234 1538 Καρδίανς
1267 1498 1393 1539 quam
1422 1485 1615 1524 Domini-
1649 1522 1659 1531 ,

151 1553 225 1579 cus
251 1541 408 1580 Marius
431 1539 562 1594 Niger
588 1546 812 1581 comment.
840 1554 888 1580 xo
915 1541 958 1580 in
987 1541 1144 1594 Europ.
1177 1539 1480 1594 Geographiam
1510 1541 1616 1580 Car..

150 1594 371 1649 diospolim
396 1594 591 1650 appellat.
622 1594 735 1636 illam
765 1609 934 1650 quoque
965 1596 1158 1636 exhibent
1175 1595 1341 1636 tabulae
1359 1595 1615 1650 Geographi-
1625 1594 1668 1630 V·
1692 1594 1757 1631 ¹86

151 1663 224 1691 cae
255 1651 493 1691 Caesiorum
533 1652 576 1690 in
619 1650 875 1692 Chersoneso
910 1652 1111 1692 Thracica
1129 1682 1142 1704 ‚
1179 1665 1285 1706 quae
1314 1651 1458 1705 procul
1485 1651 1614 1692 dubio

151 1705 224 1745 illa
250 1713 310 1746 est
333 1701 497 1759 μεγάλη
527 1701 677 1759 Κάρια
695 1736 709 1758 ,
755 1721 831 1760 pro
857 1706 1061 1759 Καρδία,
1090 1721 1114 1746 a
1145 1706 1309 1746 Graecis
1341 1707 1521 1760 antiquis
1547 1722 1617 1761 ap·

150 1760 318 1814 pellata.
375 1761 649 1802 Leunclavius
678 1762 718 1800 in
750 1761 967 1801 Pandectis
996 1762 1200 1802 Historiae
1228 1762 1427 1801 Turcicae
1455 1776 1541 1815 cap.
1562 1762 1617 1803 26

152 1816 196 1855 in
232 1816 409 1856 Thracia
434 1816 697 1870 Cherepolim
738 1816 866 1867 locat,
895 1831 1019 1870 quam
1049 1817 1193 1856 Graeci
1229 1815 1513 1870 Chariupolim
1539 1831 1617 1871 ap-

151 1869 322 1924 pellant.
381 1871 537 1911 Notitia
563 1873 884 1925 Episcopatuum
920 1872 997 1911 sub
1027 1871 1263 1927 patriarcha
1291 1872 1516 1926 Byzantino
1547 1886 1616 1912 ex-

148 1927 266 1967 hibet
285 1923 571 1977 Χεριούπολιν
591 1928 844 1967 Heracleensi
862 1927 1063 1968 Thraciae
1079 1927 1366 1981 metropolitae
1391 1927 1613 1967 subditam.
1626 1934 1662 1970 P.
1676 1935 1745 1982 248

149 1982 453 2022 Cantacuzenus
492 1981 565 2021 lib.
605 1996 640 2021 ι.
683 1997 771 2036 cap.
801 1982 855 2035 42
900 1983 1024 2022 habet
1074 1982 1196 2022 etiam
1226 1982 1478 2022 mentionem
1507 1981 1614 2023 illius

150 2038 292 2077 urbis:
329 2034 494 2090 μεγάλη
538 2033 721 2090 Καρύα,
764 2034 870 2077 κατὰ
906 2038 983 2077 τοῦ
1023 2039 1218 2090 Λίπηκος
1243 2034 1463 2090 λεγόμενον
1490 2030 1615 2090 ὅρος,

148 2093 310 2146 Magna
340 2091 482 2145 Carya
512 2093 631 2132 iuxta
663 2094 843 2148 Ltjnicem
883 2102 1057 2132 montem
1086 2095 1177 2136 sica.
1209 2093 1280 2132 lib.
1311 2095 1336 2133 3
1363 2107 1451 2147 cap.
1481 2093 1534 2148 76
1562 2093 1613 2134 de

149 2163 197 2188 ea
223 2149 409 2204 loquitur
426 2179 437 2196 ‚
470 2149 524 2187 ita
553 2156 599 2188 ut
628 2148 854 2187 Hexamilio
885 2149 1124 2188 Chersonesi
1152 2148 1350 2188 Thraciae
1377 2150 1514 2190 vicina
1536 2150 1612 2202 sit;

147 2205 219 2244 ubi
248 2211 291 2244 et
319 2217 408 2255 cap.
442 2206 563 2243 etiam
590 2219 639 2258 77
669 2204 777 2243 illam
808 2203 1091 2257 Chariupolim
1120 2212 1253 2243 vocat.

258 2259 308 2299 P.
351 2257 441 2306 151,
473 2260 515 2299 3.
574 2257 714 2299 ἐλθών
744 2258 790 2298 δὲ
819 2256 842 2298 ὅ
877 2255 1083 2314 Τζιναήτ]
1141 2259 1342 2299 Laonicus
1369 2258 1443 2298 lib.
1476 2258 1501 2299 5
1530 2259 1610 2299 Ba-

146 2314 306 2355 iazi'tem
347 2314 509 2354 Bassam
552 2314 660 2366 iussu
701 2314 942 2367 Mustaphae
986 2314 1276 2366 interfectum,
1323 2322 1363 2354 et
1403 2314 1609 2354 Phranzes

146 2369 220 2408 lib.
262 2384 294 2410 ι.
335 2384 426 2424 cap.
469 2371 522 2419 40
552 2372 751 2423 scriptum
793 2370 1012 2424 reliquere.
1072 2369 1343 2409 Leunclavius
1372 2369 1447 2409 lib.
1485 2370 1530 2409 13
1562 2384 1609 2410 ex

144 2423 318 2464 historia
331 2425 582 2465 Verantiana
602 2425 728 2464 tradit
742 2426 920 2465 occisum
939 2426 1059 2465 fuisse
1076 2426 1315 2465 Vezirorum
1332 2426 1503 2477 invidia,
1519 2427 1608 2479 qui,

144 2486 193 2519 ut
221 2480 376 2520 diutius
405 2482 537 2520 Veziri
582 2496 753 2520 munere
790 2482 897 2534 apud
930 2481 1189 2534 Mustapbam
1219 2481 1490 2535 fungeretur,
1524 2481 1609 2534 pati

143 2535 385 2589 nequibant.
420 2551 465 2575 cx
482 2538 639 2575 Mox-ate
656 2537 945 2590 Dragomanno
965 2536 1076 2575 addit
1103 2544 1292 2576 necatum
1319 2537 1442 2577 fuisse
1470 2537 1511 2575 in
1541 2535 1607 2576 lo-

144 2604 195 2630 co
221 2591 400 2645 quodam
423 2592 646 2631 &ili—dere
671 2592 799 2631 dicto.
859 2593 1053 2631 Hamzam
1083 2592 1203 2632 huius
1231 2593 1414 2632 Baiazitis
1440 2592 1606 2631 fratrem

145 2659 168 2684 a
198 2647 438 2700 Magnatum
466 2654 603 2701 parte,
644 2648 715 2701 qui
749 2647 906 2687 salvum
936 2662 1030 2686 eum
1059 2648 1273 2696 volebant,
1303 2654 1513 2688 servatum
1538 2647 1606 2687 fu-

142 2702 220 2741 isse
251 2701 504 2742 Verantiana
535 2702 703 2741 historia
734 2710 888 2742 narrat.

258 2756 308 2797 P.
345 2761 437 2811 152,
486 2773 522 2798 2.
595 2754 631 2796 οἱ
675 2757 721 2797 δὲ
765 2759 837 2811 τῆς
879 2755 1264 2812 Καλλιουπόλεως]
1334 2759 1532 2798 Laonicus
1564 2764 1602 2796 et
