1916 3210
336 118 448 188 482
635 159 638 164 -
815 121 998 178 nUcAE'
1049 116 1304 176 msa-omli

337 241 444 281 della
465 239 652 293 batnglia‚
677 239 714 278 le
733 239 851 293 quale
870 252 970 278 sono
1000 237 1041 276 111
1073 236 1112 277 15
1134 245 1266 277 vostre
1284 249 1414 287 mane,
1447 241 1592 277 contra
1610 235 1665 278 (le
1687 237 1772 284 voi.

257 298 324 334 285
338 297 398 337 Lo
434 295 688 349 imperadore
709 294 760 333 de
783 293 994 332 Babillone
1022 299 1063 332 et
1104 293 1132 332 li
1157 293 1320 343 culdei,
1349 291 1377 331 li
1409 290 1520 346 quali
1549 291 1774 333 vehenti&

335 358 489 391 serrato
517 350 661 390 dentro
693 348 756 388 dal
785 362 926 396 muro,
956 361 1187 387 veneranno
1216 361 1288 401 per
1304 360 1417 387 mezo
1443 351 1584 400 questa
1614 346 1776 400 citafle,

334 413 375 446 et
404 405 690 445 combaterano
715 417 794 443 con
824 404 891 442 voi
909 417 988 442 con
1013 417 1135 442 mano
1161 403 1315 442 destesa
1342 409 1382 442 et
1408 415 1482 441 con
1506 400 1675 442 ‹bt-accio

333 467 462 510 teate,
491 466 534 500 et
559 474 636 499 con
666 457 816 512 grande
856 458 920 496 ira
958 464 999 497 et
1037 458 1176 497 surore
1217 458 1459 498 hatten-anno
1483 456 1513 496 li
1545 455 1680 497 hubin
1710 457 1774 506 ori

333 515 386 555 de
415 521 560 568 questa⁴
582 513 726 555 citade.
784 512 839 550 Et
867 512 895 551 li
925 512 1080 551 homini
1110 520 1151 552 et
1178 513 1206 552 li
1234 512 1397 555 animali
1423 511 1514 551 fax-b
1541 511 1773 553 morirede

335 578 467 610 morte
494 569 667 608 crudele.
722 567 778 606 Et
811 580 895 606 non
929 566 1079 607 haverb
1106 565 1380 607 misericordia
1408 567 1458 607 de
1486 565 1592 608 loro.
1623 565 1774 608 Labra·-

332 633 531 665 caverunt
556 623 732 674 vestigia
758 630 894 660 nostra
917 623 959 661 in
984 624 1123 662 itinere
1141 623 1377 677 platearum
1406 631 1652 662 nostrarum.
1682 621 1772 677 Ap·-

330 677 740 734 propi1zquavitfinis
775 685 919 716 noster.
979 677 1023 715 V
1020 678 1206 718 elaciores
1216 679 1389 729 fuerunt
1411 684 1680 732 persecutores
1702 690 1774 717 no·

332 736 411 773 stri
448 734 600 788 aquilis
632 732 747 773 caeli.
816 732 864 770 Li
906 731 1066 772 Turchi
1103 746 1126 772 3
1170 734 1289 786 piano
1330 746 1374 772 se
1415 739 1678 772 accostavauo
1717 731 1775 772 311

333 789 444 827 muri
490 801 566 840 per
616 782 818 840 appozarli
871 785 910 826 le
955 787 1074 830 scale.
1127 788 1157 826 li
1200 786 1340 841 poveri
1379 787 1524 826 Romei
1566 786 1774 826 virilmen-

332 850 374 882 te
404 842 721 889 combatevan0‚
748 841 847 881 tutti
888 841 1053 895 disposti
1090 843 1225 896 prima
1253 842 1381 882 morir
1409 842 1449 881 in
1473 841 1511 882 le
1538 840 1672 881 defese
1697 841 1776 883 che

332 896 469 937 lasarli
497 898 662 936 intrare.
695 898 764 935 Ma
790 895 827 935 la
848 896 1014 936 volunta
1044 897 1202 947 divina,
1231 896 1270 936 la
1298 897 1416 951 quale
1442 896 1568 936 havea
1593 895 1776 950 disposto

331 952 508 1005 perdere
537 953 575 991 la
612 951 718 1004 cita,
754 950 880 990 dirizb
908 951 937 990 li
970 951 1124 992 Turchi
1166 965 1243 1005 per
1272 952 1310 991 la
1337 950 1406 992 via
1435 950 1540 990 della
1567 957 1683 1004 porta
1711 965 1776 992 se-

332 1014 470 1052 creta,
502 1006 540 1046 la
581 1005 701 1060 quale
739 1006 790 1045 de
830 1020 952 1058 sopra
988 1006 1160 1046 havemo
1183 1006 1293 1046 dicto
1331 1006 1408 1046 5115
1436 1005 1478 1044 fo
1506 1011 1660 1059 aperta.
1715 1006 1773 1046 Et

334 1062 502 1100 essendo
533 1061 670 1101 saltati
699 1060 848 1100 dentro
880 1060 1011 1099 alcuni
1050 1061 1091 1100 di
1120 1061 1263 1100 famosi
1291 1062 1395 1101 servi
1425 1059 1490 1099 del
1516 1067 1723 1114 tyrannos
1743 1059 1776 1101 11·

334 1117 444 1169 quali
474 1115 692 1169 spiravano
721 1115 825 1162 foco,
857 1129 1097 1156 amazarono
1126 1116 1223 1155 tutti
1253 1115 1328 1155 5115
1358 1115 1388 1155 11
1413 1121 1683 1155 contrastava.
1711 1114 1747 1154 F
1749 1123 1776 1154 'o

333 1184 428 1210 cosa
455 1170 654 1210 horribile
693 1169 746 1209 ad
773 1169 923 1209 vedere
960 1170 989 1209 li
1018 1172 1159 1224 poveri
1189 1171 1311 1210 Greci
1353 1178 1396 1211 et
1420 1169 1580 1220 Latini,
1608 1169 1636 1210 li
1664 1169 1786 1224 quali·

334 1232 647 1266 contrastavano
688 1232 728 1264 et
756 1239 835 1263 non
875 1226 1083 1266 lassavano
1127 1231 1332 1266 accostare
1360 1225 1397 1265 le
1424 1225 1530 1266 scale
1551 1224 1618 1264 alli
1647 1225 1772 1276 inuri,

335 1280 387 1319 da
415 1279 540 1334 quelli
568 1280 644 1319 che
683 1293 805 1319 erano
843 1282 979 1319 intrati
1018 1295 1097 1335 per
1132 1280 1171 1320 la
1209 1287 1331 1334 porta
1358 1286 1540 1330 secreta,
1571 1281 1774 1320 venivano

335 1334 519 1387 tagliati3
564 1342 604 1375 et
647 1333 782 1373 alcuni
823 1336 1013 1375 serrando
1044 1336 1073 1375 li
1114 1335 1175 1375 soi
1202 1335 1319 1375 occhi
1346 1350 1388 1375 se
1416 1335 1639 1375 buttavano
1670 1334 1779 1374 dalle

255 1391 327 1426 286
340 1403 468 1428 mure.
521 1390 576 1429 Et
609 1389 694 1429 cos}
721 1390 819 1428 tutti
845 1389 1025 1429 finivano
1060 1390 1099 1429 la
1125 1404 1196 1429 sua
1223 1389 1367 1430 misera
1391 1390 1489 1433 vita.
1544 1389 1592 1428 Li
1619 1390 1775 1430 Turchi

338 1446 412 1497 poi
440 1458 555 1483 senza
582 1451 786 1483 contrasto
816 1445 1018 1484 ficcavano
1046 1444 1084 1484 le
1110 1444 1216 1483 scale
1244 1445 1297 1484 ali
1326 1446 1461 1495 muri,
1491 1452 1532 1484 et
1557 1451 1775 1484 montava-

339 1513 395 1538 no
426 1513 539 1538 come
569 1498 702 1551 aquile
730 1499 898 1540 volanti.
971 1501 1029 1539 Lo
1063 1499 1320 1552 imperadore‘
1346 1514 1423 1539 con
1453 1499 1481 1538 li
1509 1499 1601 1538 altri
1633 1500 1777 1540 Romei

339 1567 421 1592 non
449 1568 652 1607 sapevano
682 1553 757 1592 che
784 1552 813 1593 li
838 1554 991 1593 Turchi
1019 1555 1172 1594 fossino
1200 1555 1372 1605 intrati,
1406 1567 1480 1608 per
1505 1554 1578 1594 5115
1607 1552 1644 1593 13
1674 1569 1777 1608 por-

338 1614 382 1648 ta
413 1610 520 1648 onde
550 1609 760 1647 intrarono
799 1609 838 1648 so
869 1609 921 1647 da
952 1609 1094 1663 longi,
1135 1616 1174 1648 et
1204 1610 1353 1662 perche
1379 1608 1479 1648 tutti
1508 1609 1776 1650 attendevano

339 1664 401 1702 ale
428 1663 524 1702 loro
553 1665 736 1703 statione.
795 1664 842 1703 Li
869 1664 1023 1703 Turchi
1052 1677 1174 1704 erano
1200 1666 1295 1704 tutti
1323 1664 1477 1704 homini
1507 1663 1558 1702 da
1587 1664 1777 1718 bataglia,

340 1725 381 1757 et
409 1732 533 1757 erano
563 1719 635 1771 pia
660 1718 710 1757 dc
738 1719 819 1757 XX
851 1733 924 1771 per
951 1719 1107 1758 ciasche
1137 1733 1219 1758 uno
1252 1720 1420 1762 Romeo.
1477 1718 1673 1759 Vedendo
1703 1719 1777 1759 ad-

340 1787 479 1826 unque
518 1773 560 1812 lu
599 1774 774 1812 exercito
826 1774 876 1813 de
904 1774 993 1813 fora
1021 1774 1096 1813 che
1123 1773 1151 1812 li
1192 1774 1250 1812 soi
1277 1774 1323 1813 za
1348 1787 1469 1813 erano
1495 1774 1636 1813 intrati
1667 1776 1709 1813 in
1738 1775 1778 1814 la

340 1829 443 1877 cita,
476 1834 583 1867 tutto
610 1841 651 1867 se
677 1841 809 1867 mosse
838 1842 913 1868 con
944 1829 1096 1881 grande
1124 1829 1274 1882 impetu
1309 1835 1350 1868 et
1378 1830 1531 1873 surore.
1585 1829 1639 1869 Et
1666 1828 1779 1869 alcu-

341 1884 384 1921 ni
412 1897 486 1936 per
513 1882 551 1921 le
579 1884 682 1922 scale
711 1890 907 1936 appozate
939 1884 992 1922 ali
1020 1885 1150 1933 muri,
1183 1883 1316 1922 alcuni
1344 1898 1416 1937 per
1444 1884 1480 1923 le
1508 1891 1623 1937 porte
1649 1883 1778 1927 intra-

342 1951 448 1977 rono
466 1968 476 1983 ‚
514 1952 589 1976 con
619 1938 770 1991 grande
797 1938 1032 1978 crudeltade
1071 1946 1112 1978 et
1141 1939 1340 1978 occisione
1368 1939 1418 1978 de
1447 1939 1565 1978 Greci
1596 1946 1636 1979 et
1664 1939 1780 1979 Lati-

341 1993 406 2042 ni,
442 1994 469 2031 li
499 1993 607 2046 quali
632 1992 775 2032 voltati
802 1996 899 2033 tutti
923 1996 962 2033 in
989 1995 1094 2046 suga,
1128 1993 1234 2033 dalla
1263 1993 1416 2047 grande
1445 1994 1702 2033 multitudine
1726 1993 1779 2034 de

340 2047 504 2086 barbari
534 2047 781 2101 sanguinarii
810 2049 1010 2089 venivano
1040 2049 1270 2102 pessundati
1298 2056 1337 2087 et
1362 2049 1527 2088 amazati
1556 2061 1671 2088 senza
1686 2048 1779 2102 pie-

341 2102 446 2141 tade.
503 2104 561 2141 La
602 2117 740 2142 mazor
779 2111 891 2157 parte
920 2104 1031 2143 dellu
1071 2104 1246 2144 exercito
1287 2104 1396 2143 intrb
1426 2103 1477 2142 da
1504 2102 1636 2157 quella
1661 2110 1779 2157 parte

343 2157 417 2195 che
445 2156 474 2195 11
506 2157 613 2196 muri
655 2172 776 2197 erano
807 2159 960 2198 ruinati
977 2178 989 2206 *‚
1031 2160 1178 2212 perche
1204 2159 1241 2198 le
1266 2166 1382 2212 porte
1411 2166 1450 2197 et
1477 2158 1515 2198 le
1542 2160 1667 2198 strate
1693 2173 1779 2198 non

343 2213 540 2263 capivano
578 2219 692 2252 tanta
729 2214 1013 2265 multitudine,
1056 2214 1184 2254 anche
1212 2214 1360 2267 perche
1387 2227 1512 2254 erano
1543 2219 1711 2267 coperte
1740 2220 1780 2252 et

344 2266 544 2306 cumulate
584 2268 623 2306 di
660 2271 772 2322 corpi
814 2271 949 2312 morti.
1020 2271 1080 2308 Lo
1110 2265 1362 2323 imperadore
1391 2267 1617 2308 vedendose
1642 2267 1702 2306 ad·
1721 2267 1783 2306 tal

264 2323 328 2368 287
345 2320 424 2360 fine
455 2322 678 2372 conducto,
707 2325 883 2363 tenendo
911 2324 1087 2363 anchora
1112 2325 1152 2364 lo
1184 2324 1309 2364 scudo
1337 2331 1376 2363 et
1400 2323 1439 2363 la
1466 2322 1588 2376 spada
1621 2322 1660 2360 111
1692 2336 1780 2361 1113-

346 2389 416 2423 110,
449 2376 550 2415 (11555
580 2385 719 2431 questa
747 2379 906 2418 dolente
938 2379 1101 2430 pamla:
1131 2393 1212 2419 non
1240 2393 1281 2418 se
1311 2384 1432 2418 trova
1459 2377 1629 2431 qualche
1659 2376 1779 2416 Chri-

344 2432 478 2468 stiano
509 2431 584 2471 che
614 2447 678 2472 me
707 2433 817 2487 togla
843 2436 909 2473 via
938 2435 975 2474 la
1001 2438 1138 2474 testa?
1202 2433 1355 2473 Alhora
1384 2447 1467 2472 uno
1492 2432 1534 2472 di
1563 2431 1720 2470 Turchi
1748 2431 1779 2470 li

342 2488 472 2523 {rasse
500 2501 580 2524 una
608 2487 727 2527 botta
756 2497 800 2528 et
828 2491 942 2528 ferilo
975 2489 1080 2528 nella
1127 2490 1240 2529 facia.
1265 2487 1545 2542 l'imperadore
1573 2487 1673 2525 irato
1703 2485 1779 2526 feri

345 2538 479 2592 quello
521 2541 572 2579 de
612 2556 693 2582 una
741 2558 875 2583 mazor
904 2545 1027 2583 sei-ita.
1069 2559 1125 2583 un
1156 2544 1260 2583 altro
1295 2543 1488 2591 Turcho,
1536 2541 1609 2580 che
1639 2540 1778 2579 dex-eto

342 2601 483 2641 stava,
527 2596 603 2634 feri
648 2597 928 2651 l'imperadore
974 2600 1094 2637 d'una
1134 2597 1283 2637 morial
1324 2599 1468 2647 ferita‚
1498 2610 1567 2648 per
1595 2597 1633 2635 la
1661 2595 1779 2648 ‹paale

344 2649 502 2689 cadette
534 2652 574 2688 in
600 2658 712 2691 terra
740 2661 887 2693 morto.
921 2655 965 2693 Li
986 2654 1138 2693 'sun-chi
1167 2653 1365 2693 credendo
1392 2653 1516 2691 haver
1544 2651 1659 2689 ferito
1692 2664 1775 2689 uno

345 2703 506 2758 privato
537 2707 747 2757 stratioto,
793 2710 928 2748 hanno
977 2708 1123 2749 lassato
1150 2709 1189 2748 lo
1229 2707 1455 2762 imperador
1499 2705 1540 2746 di
1573 2706 1693 2745 Greci
1734 2705 1777 2745 111

1337 2844 1370 2860 s<
