1890 3204
321 147 434 205 586
912 163 1195 204 mummi

318 268 530 309 Phranzes
558 266 720 307 delusos
752 265 873 311 fuisse
900 265 1075 304 Graecos
1103 278 1128 304 a
1166 263 1313 303 Turcis
1342 268 1536 313 narrant,
1566 261 1610 303 hi
1634 262 1764 318 siqui.

310 324 413 364 dem
453 322 533 364 illis
567 321 796 375 Callipolim
840 321 940 360 relin
975 333 1100 370 uere,
1137 325 1182 358 ut
1206 318 1315 359 inter
1355 318 1464 372 ipsos
1489 325 1763 373 convenerat,

317 379 548 421 noluerunt.
590 391 774 425 causam,
818 389 892 414 cur
930 335 972 414 id
1010 374 1142 415 facere
1174 379 1414 423 recusarent
1440 371 1586 422 Turei,
1615 372 1761 425 affert,

319 433 433 488 quod
467 432 544 472 sibi
590 433 793 483 rebusque
831 429 914 470 suis
942 428 1124 469 nondum
1146 431 1243 470 satis
1268 427 1515 469 confirmatis
1540 425 1663 471 talem
1690 443 1763 470 ur-

315 488 413 528 bem
437 488 603 528 Graecis
636 485 804 526 concedi
840 484 950 525 haud
983 484 1202 537 expediret.
1258 484 1465 524 Phranzes
1489 481 1530 522 id
1556 481 1635 522 sibi
1665 483 1766 524 reli-

317 545 477 597 giosum
507 556 590 582 esse
617 542 778 580 Turcos
805 539 949 580 dixisse
976 539 1115 579 docet:
1145 540 1187 578 in
1215 553 1262 579 eo
1290 541 1440 594 quippe
1465 537 1558 578 loco
1585 538 1763 586 ceritan-

317 599 411 638 nias
436 598 677 649 litaniasque
705 596 815 635 iuxta
844 595 1184 634 Musulmanicum
1213 595 1337 633 ritum
1370 594 1550 647 primum
1580 592 1765 636 celebra.

319 659 493 699 verant,
537 658 752 705 postquam
791 650 833 689 in
871 650 1084 703 Europam
1112 649 1390 700 transieruut3
1431 648 1520 702 lege
1549 655 1764 703 propterea

314 707 394 747 sibi
422 708 591 747 vetitum
619 706 858 745 Christianis
883 719 977 744 eum
1003 703 1177 755 tradere.
1203 718 1227 744 a
1250 703 1439 746 Phranze
1459 717 1542 744 non
1576 701 1766 746 dissenti-

317 769 394 803 unt
414 761 657 814 Mustaphae
685 761 736 801 ad
764 761 1027 800 Leontarium
1055 760 1198 799 verba.
1651 753 1654 758 ’

433 816 486 855 Ρ.
518 815 610 866 156,
647 829 682 855 ι.
757 810 880 867 ἕγγυς
907 828 989 854 που
1014 811 1067 855 τὰ
1104 809 1326 866 τριάκοντα
1356 808 1455 866 ἔτη]
1485 811 1595 855 Fieri
1625 815 1767 868 nequit

299 879 367 911 ⁴ut
394 871 613 911 aBaiazitis
642 870 775 914 Iltrim
802 870 916 910 obitu
939 870 993 910 ad
1022 870 1130 909 hanc
1160 869 1270 910 diem
1300 866 1396 907 anni
1426 869 1599 922 triginta
1619 883 1765 910 nume..

317 934 483 975 rentur,
516 940 611 966 cum
644 922 838 965 Bsiazites
875 925 1022 964 obierit
1051 938 1159 965 anno
1193 923 1346 962 Christi
1382 920 1496 973 1402,
1524 923 1766 965 Leontmius

317 995 420 1022 vero
446 995 553 1020 anno
587 979 688 1032 1422
710 981 812 1020 haec
842 979 895 1019 ad
922 979 1182 1032 Mustapham
1207 977 1332 1018 verba
1356 976 1566 1018 habuerit.

431 1035 484 1078 P.
519 1036 611 1089 157,
650 1048 684 1075 ι.
713 1035 811 1088 Cap.
843 1034 913 1075 25.
969 1029 1123 1085 μαθών
1151 1031 1198 1072 δὲ
1225 1031 1356 1072 ταῦτα
1385 1028 1408 1072 ὁ
1436 1028 1638 1082 βασιλεὺς
1659 1031 1767 1078 Ma.-

317 1086 476 1144 νουὴλ]
514 1114 517 1116 >
547 1090 837 1130 Verisimiliora
890 1097 986 1130 sunt
1026 1102 1131 1143 quae
1159 1094 1295 1128 noster
1323 1087 1392 1127 hic
1417 1087 1610 1140 explicat,
1644 1101 1769 1142 quam

322 1145 392 1185 illa
421 1143 527 1199 quae
554 1144 760 1185 Phranzes
791 1153 832 1184 et
860 1145 1062 1184 Laonicus
1088 1144 1200 1198 quasi
1228 1156 1305 1197 per
1331 1150 1596 1182 transennam
1626 1148 1670 1182 et
1694 1156 1769 1187 ne-

322 1200 607 1254 gligentissime
639 1206 899 1253 percurrunt.
928 1200 1089 1239 delusus
1119 1199 1229 1238 enim
1255 1211 1277 1237 a
1296 1196 1526 1250 Mustapha,
1553 1195 1625 1251 qui
1650 1210 1770 1251 opem

322 1255 498 1303 tulerat,
528 1255 695 1295 Manuel
722 1257 782 1294 ira
807 1262 1037 1295 commotus
1067 1252 1252 1301 consilia,
1285 1253 1434 1306 quibus
1453 1250 1574 1293 istum
1589 1265 1770 1306 pessum-

323 1310 421 1349 dare
457 1324 634 1364 suasque
668 1312 708 1349 in
748 1317 840 1349 tuto
878 1324 943 1349 res
965 1309 1172 1363 collocare
1195 1306 1324 1363 possit
1337 1335 1354 1358 ‚4
1383 1308 1473 1348 iure
1501 1307 1627 1362 agitat
1651 1314 1692 1347 et
1717 1307 1771 1351 ad

325 1366 448 1405 finem
477 1366 700 1418 perducere
727 1365 898 1404 laborat.
1656 1399 1673 1415 »

436 1418 487 1459 P.
524 1420 611 1473 157,
649 1433 710 1458 ιο.
779 1415 1102 1472 δ’ρουγγαρώυς]
1131 1419 1465 1472 Drungariisunt
1491 1416 1622 1458 classis
1650 1429 1771 1470 prae-

271 1510 282 1518 ,
320 1473 434 1520 secti,
465 1474 614 1527 quibus
643 1474 853 1513 inferiores
883 1481 1000 1512 erant
1027 1473 1204 1513 comites.
1263 1473 1472 1513 Videndus
1500 1470 1773 1526 europalates

321 1529 364 1567 in
396 1527 543 1568 officiis
571 1529 687 1568 aulae
716 1529 971 1582 Cpolitanae.
1423 1572 1431 1578 ,

434 1583 485 1623 P.
520 1582 611 1634 158,
648 1597 711 1623 12.
770 1582 926 1634 πέμπει
953 1578 1058 1635 πρὸς
1084 1580 1262 1634 βασιλέα
1285 1579 1484 1635 Ἰπραίμ]
1511 1581 1662 1620 Frater
1687 1580 1770 1620 hu-

321 1639 385 1677 ius
413 1637 639 1678 Abrahami
667 1638 743 1677 fuit
775 1638 1070 1691 Hali-begus3
1101 1633 1224 1690 quem
1251 1651 1341 1690 cap.
1369 1650 1416 1676 21
1450 1636 1636 1691 fugatum
1663 1635 1771 1676 vidi-

322 1706 412 1731 mus
437 1708 461 1732 a
486 1693 709 1747 Percligiae
744 1693 983 1744 Mustaphae
1011 1691 1295 1742 sectatoribus.

427 1747 481 1790 P.
514 1748 610 1795 158,
649 1762 713 1801 ¹7·
788 1744 1015 1801 μεσάζων]
1082 1741 1277 1797 μεσάζων
1324 1745 1391 1785 hic
1435 1759 1513 1799 pro
1543 1742 1772 1801 συμβούλῳ

321 1815 391 1842 seu
421 1803 654 1842 consiliario
672 1831 683 1850 ,
715 1802 860 1841 Tui-cis
890 1803 1014 1841 Vezir
1039 1801 1187 1841 dictus.

433 1857 488 1897 P.
530 1857 620 1908 160,
659 1872 720 1899 12.
775 1856 821 1895 ἐν
842 1858 895 1911 τῇ
927 1854 1112 1909 Φωκίδι]
1178 1855 1338 1895 Plinius
1365 1854 1438 1894 lib.
1473 1854 1495 1909 5
1523 1869 1561 1895 c.
1582 1853 1773 1909 29.fim's.

320 1910 464 1950 Ioniae
508 1913 714 1952 Phocaea.
761 1911 894 1962 idem,
937 1914 1008 1966 qui
1047 1911 1121 1950 lib.
1152 1911 1205 1951 55
1248 1910 1336 1949 loca
1375 1909 1511 1949 omnia
1551 1909 1593 1949 in
1625 1909 1776 1963 quibus

323 1967 484 2006 alumen
514 1967 694 2019 gignitur
723 1975 951 2016 enumerat,
982 1967 1101 2006 huius
1130 1966 1170 2004 in
1201 1964 1382 2004 Phocide
1399 1964 1579 2005 Asiatica
1603 1966 1773 2015 montis,

322 2022 366 2059 in
395 2036 478 2075 quo
504 2022 672 2061 alumini
702 2022 957 2067 conficiendo
985 2022 1068 2075 apti
1096 2019 1248 2073 lapides
1276 2020 1545 2072 reperiantur,
1575 2033 1657 2059 non
1685 2033 1789 2059 mem

322 2078 456 2119 minit.
486 2091 510 2116 a
539 2077 675 2116 multis
705 2078 826 2117 etiam
853 2079 968 2116 annis
990 2077 1160 2116 omissae
1186 2082 1280 2114 sunt
1307 2075 1401 2115 illae
1429 2074 1620 2114 aluminis
1647 2073 1775 2114 offici-

324 2145 427 2182 nae3
455 2146 529 2171 nec
557 2132 681 2171 hodie
712 2132 1022 2171 occidentalium
1047 2131 1354 2184 provinciarum
1395 2137 1645 2169 mercatores
1657 2128 1775 2169 Pho-

324 2199 442 2225 caeae
488 2200 619 2226 novae
661 2187 891 2226 confectum
929 2189 970 2226 in
1013 2186 1278 2226 Occidentem
1323 2183 1542 2224 advehunt.
1585 2184 1776 2237 quoniam

324 2254 428 2279 vero
459 2241 510 2280 de
544 2242 720 2281 alumine
762 2241 1015 2281 conficiendo
1056 2241 1121 2279 hic
1149 2254 1281 2280 sermo
1309 2247 1395 2290 est,
1426 2253 1476 2278 ex·
1501 2239 1614 2278 Petri
1641 2238 1772 2276 Bizari

325 2302 486 2335 senatus
526 2297 750 2351 populique
786 2297 1007 2336 Genuensis
1039 2296 1244 2335 Historiae
1275 2295 1351 2346 lib.
1385 2294 1429 2333 13
1460 2294 1586 2333 lineas
1613 2291 1775 2346 aliquot

325 2350 672 2402 transcrihemus,
698 2351 843 2405 quibus
873 2351 914 2390 in
946 2351 1171 2391 Occidente
1202 2352 1427 2389 restitutam
1457 2347 1646 2387 aluminis
1674 2362 1774 2386 con-

326 2403 546 2444 fectionem
573 2421 681 2446 anno
715 2406 817 2459 1459
847 2406 1076 2446 adnotavit.
1133 2405 1467 2444 Bartholomaeus
1494 2402 1684 2452 Pet-nix,
1715 2403 1775 2440 ci-

326 2459 394 2497 vis
423 2473 475 2499 ac
523 2463 747 2512 negotiator·
777 2462 994 2500 Genuensis
1022 2462 1175 2500 solertis
1203 2460 1353 2512 ingenii
1373 2471 1580 2513 rerumque
1604 2465 1774 2496 natura-

328 2513 427 2552 lium
456 2514 776 2568 diligentissimus
804 2517 1069 2568 investigator
1082 2544 1101 2563 ,
1131 2516 1174 2554 in
1197 2515 1340 2553 Ischia
1366 2513 1499 2553 insula
1520 2513 1658 2566 plures
1687 2524 1778 2550 sco-

327 2568 448 2621 pulos
476 2569 538 2608 ad
569 2571 736 2609 alumen
771 2571 1068 2624 corficiendum
1105 2578 1217 2624 aptos
1251 2569 1426 2624 reperit,
1461 2567 1566 2607 adeo
1590 2574 1634 2605 ut
1656 2574 1775 2620 parte

327 2623 491 2662 >illorum
517 2624 727 2679 desumpta
757 2635 795 2664 et
817 2627 859 2665 in
865 2626 1048 2674 sbrnace
1078 2625 1242 2664 decocta
1268 2625 1462 2677 optimum
1488 2635 1541 2662 ac
1564 2629 1776 2675 praestan-

330 2677 523 2716 tissimum
564 2679 728 2717 alumen
765 2680 858 2718 inde
885 2678 1130 2733 cotylaverit
1142 2694 1158 2728 ,·
1185 2678 1358 2731 fuitque
1391 2676 1550 2731 primus
1577 2677 1650 2729 qui
1672 2677 1776 2714 hanc

333 2742 462 2773 artem
485 2732 554 2772 diu
594 2735 636 2774 in
668 2734 797 2774 ltalia
823 2743 861 2775 et
902 2736 1102 2789 plerisque
1129 2733 1221 2773 aliis
1248 2731 1476 2786 regionibus
1503 2731 1775 2772 intermissam
