1916 3236
313 196 349 236 Χ
882 232 883 235 =
894 205 1175 247 BULLIALDI

313 301 425 354 quod
469 308 512 343 et
540 304 784 345 anteriorum
822 305 1074 346 saeculorum
1108 308 1377 362 castigatiores
1415 315 1623 359 auctores,
1655 312 1747 366 qui..

316 393 399 432 que
429 381 623 422 sermonis
651 382 828 423 nitorem
856 382 1173 434 affectaverunt,
1201 384 1350 438 fecerc3
1381 385 1449 425 sed
1476 386 1595 429 etiarn
1622 387 1749 428 Grae·

318 469 363 494 ca
392 456 516 497 verba
548 457 722 499 absurda
765 460 1065 501 constructione
1094 473 1165 502 seu
1193 460 1432 503 soloecismo
1461 462 1749 518 perturbat—,ac
1776 443 1778 445 Ι

313 534 542 586 permiscet.
574 534 678 576 inter
705 549 845 590 vepres
862 542 997 576 tamen
1025 537 1240 592 spinasque
1259 537 1347 590 illas
1372 538 1445 580 ssos
1476 538 1642 595 quidam
1667 553 1750 581 non

265 650 268 653 Δ
314 607 507 652 ineruditi
535 612 686 666 ingenii
709 626 752 654 se
779 611 945 666 explicat
962 627 975 652 ε
1005 612 1154 668 legerat
1181 616 1327 670 quippe
1353 630 1490 657 sacros
1516 616 1644 657 libros
1671 616 1749 657 ali-

314 701 448 742 osque
484 688 745 729 historiarum
784 695 995 742 auctores,
1042 690 1099 730 ita
1128 698 1174 733 ut
1211 692 1388 747 linguam
1417 695 1618 734 Graecam
1643 692 1751 734 anti-

317 778 442 819 quam
485 765 670 806 calluisse
686 794 700 817 ‚
743 779 886 819 verum
923 765 1125 807 scribendi
1165 781 1242 808 usu
1285 782 1334 808 ac
1358 769 1504 824 peritia
1533 769 1750 812 destitutus

311 841 433 882 fuisse
472 841 571 892 mihi
607 842 806 883 videatur.
837 842 1020 883 criticum
1047 850 1261 898 propterea
1286 858 1405 899 agere
1432 824 1543 888 nolui
1557 876 1571 898 ‚
1597 846 1665 891 vel
1690 847 1750 898 vde

313 918 453 959 verbis
495 918 607 959 litem
648 918 707 959 illi
739 933 933 971 movere,
977 922 1047 975 qui
1087 922 1364 974 grammatices
1391 922 1548 965 deserto
1572 923 1669 965 soro
1694 906 1749 966 ad

311 994 490 1035 alienum
537 996 873 1049 peregrinumque
911 1010 954 1036 se
981 995 1202 1037 transtulit.
1246 999 1342 1038 satis
1378 998 1476 1039 mihi
1514 1000 1644 1043 visum
1672 1000 1751 1058 fait

311 1085 473 1112 sensum
514 1071 734 1112 verborum
769 1072 964 1127 adsequi,
1003 1079 1045 1114 et
1089 1088 1170 1128 qua
1206 1076 1319 1128 potui
1348 1075 1453 1115 bona
1481 1076 1558 1116 fide
1585 1090 1631 1118 ac
1653 1075 1749 1134 dili-

311 1150 452 1203 gentia
476 1149 519 1189 in
549 1148 736 1188 Latinum
778 1163 1003 1190 sermonem
1030 1156 1294 1200 convertere,
1327 1152 1368 1191 in
1396 1153 1565 1206 gratiam
1590 1153 1755 1211 illorum

314 1226 384 1279 qui
412 1226 591 1280 linguam
621 1226 816 1266 Graecam
846 1234 915 1267 aut
937 1227 1098 1281 penitus
1116 1227 1304 1282 ignorant
1331 1236 1401 1269 aut
1428 1230 1659 1284 imperfecte
1685 1231 1748 1272 di-

312 1302 512 1344 dicerunt.

418 1380 631 1434 Byzantini
659 1380 819 1435 imperii
845 1394 909 1421 res
936 1381 987 1421 ad
1006 1381 1215 1422 interitum
1245 1381 1492 1434 festinantes,
1525 1391 1565 1424 et
1593 1390 1751 1438 postre-

311 1469 470 1497 morum
507 1458 797 1512 imperatorum
839 1457 1159 1500 Christianorum
1191 1465 1371 1513 tempora
1417 1459 1647 1502 describere
1677 1473 1747 1517 ag*-

309 1547 463 1588 gressus
481 1564 494 1584 ‚
537 1549 674 1575 rerum
711 1548 788 1575 usu
815 1535 992 1590 peritum
1019 1549 1065 1576 ac
1091 1536 1286 1590 sapientia
1313 1535 1478 1590 politica
1503 1539 1748 1580 instructum

307 1624 352 1651 se
378 1611 604 1666 approbat,
653 1611 753 1652 dum
789 1625 927 1653 causas
966 1612 1006 1652 et
1035 1613 1235 1667 principia
1264 1613 1441 1667 exquirit
1467 1620 1506 1654 et
1530 1614 1749 1670 investigat

310 1701 451 1729 eorum
481 1703 587 1744 quae
626 1688 861 1730 acciderunt
887 1689 1221 1744 Graecorumque
1254 1690 1374 1730 rebus
1399 1689 1582 1731 ultimam
1607 1693 1748 1746 perni-

307 1768 409 1808 ciem
434 1767 622 1808 attulere.
649 1766 778 1806 trium
796 1765 988 1821 equidem
1014 1767 1324 1807 novissimorum
1352 1767 1643 1826 imperatorum
1670 1782 1748 1810 au..

309 1845 436 1899 spicio
472 1858 536 1885 res
573 1850 703 1899 gestas
740 1858 938 1885 enarrare
965 1845 1044 1897 ipsi
1071 1843 1327 1898 propositum
1358 1844 1462 1897 fuit,
1491 1844 1683 1899 urbisque
1708 1853 1750 1887 et

309 1921 466 1976 imperii
504 1921 706 1962 excidium
747 1921 908 1976 scriptis
954 1921 1158 1962 mandare.
1205 1921 1468 1975 quamobrem
1491 1922 1716 1962 Turcorum
1729 1951 1745 1972 ‚

309 1999 380 2053 qui
423 1999 527 2039 illud
567 1997 851 2050 debellarunt,
882 1999 1135 2039 mentionem
1162 1997 1318 2053 ubique
1344 1999 1478 2039 facere
1506 2012 1587 2039 nou
1616 1998 1748 2039 solum

307 2078 516 2130 oportuit:
541 2076 613 2117 sed
640 2075 693 2115 ab
720 2077 836 2116 annis
864 2075 1047 2130 pluribus
1075 2076 1156 2115 iam
1184 2075 1328 2129 elapsis
1353 2075 1534 2116 narratio
1562 2082 1748 2131 repeten-

306 2153 360 2193 da
385 2153 460 2193 fuit
474 2182 487 2204 ‚
516 2160 556 2193 et
581 2153 773 2193 Iohannis
801 2154 1067 2194 Cantacuzeni
1094 2152 1368 2207 Iohannisque
1398 2151 1630 2207 Palaeologi
1657 2151 1747 2192 bel-

307 2231 347 2270 la
373 2229 508 2271 civilia
539 2229 847 2284 discordiaeque
888 2229 1134 2271 domesticae
1163 2229 1206 2269 in
1234 2228 1470 2270 memoriam
1498 2227 1747 2269 revocandae

307 2307 477 2348 fuerunt
491 2326 515 2359 ,*
531 2321 634 2360 quae
660 2308 805 2348 Turcis
830 2309 872 2348 in
891 2308 1101 2362 Europam
1130 2298 1353 2347 traiiciendi
1383 2304 1631 2346 occasionem
1656 2311 1745 2345 tum

306 2386 482 2440 primum
509 2384 755 2438 praebuere,
783 2399 876 2425 cum
902 2386 1156 2439 inauspicato
1181 2398 1228 2425 ac
1257 2383 1365 2424 tristi
1393 2382 1561 2422 consilio
1591 2380 1754 2424 Turcos*

306 2467 348 2505 in
375 2466 582 2520 Europam
612 2466 757 2506 Graeci
786 2467 1029 2508 insanientes
1060 2466 1375 2515 accersiverunt,
1403 2463 1562 2518 sibique
1589 2470 1629 2504 et
1656 2464 1745 2504 aliis

306 2542 493 2597 gentibus
522 2542 779 2592 Christianis,
811 2558 886 2584 cur
912 2546 1094 2599 perirent
1120 2542 1319 2594 funditus,
1351 2548 1538 2582 auctores
1564 2539 1743 2582 extitere.

308 2619 507 2659 Manuelis
535 2618 767 2674 Palaeologi
796 2621 961 2676 eiusque
988 2622 1165 2662 filiorum
1194 2618 1387 2660 Iohannis
1411 2632 1458 2658 ac
1488 2615 1744 2658 Constantini

308 2711 373 2737 res
413 2695 465 2734 ad
507 2703 664 2749 captam
711 2697 856 2737 urbem
898 2699 1081 2752 deinceps
1112 2696 1376 2751 persequitur.
1425 2695 1476 2734 ad
1512 2695 1743 2734 Turcorum

310 2779 458 2821 statum
488 2779 686 2827 quantum
712 2781 865 2827 spectat
881 2804 892 2823 ‚
929 2776 969 2815 iu
999 2774 1095 2814 Asia
1119 2773 1249 2827 qualis
1276 2773 1398 2812 fuerit
1425 2772 1500 2812 sub
1530 2770 1740 2811 Androni-
