1916 3210
334 144 443 211 422
609 198 612 202 ,
809 162 1006 205 000103-
1028 160 1288 204 nisTomA

334 263 531 304 sublevati
573 269 615 303 et
654 264 752 304 'facti
802 263 962 315 Capigi,
995 261 1187 308 finituri,
1226 260 1546 315 spachioglani-‚fv
1571 256 1764 313 ζδὼιόρ,

326 319 498 369 .Ciausi;
527 326 568 359 et
596 319 645 358 de
673 319 799 372 questi
827 316 957 370 quelli·
985 315 1060 355 che
1086 317 1156 368 pitz
1185 317 1380 356 meritano
1408 330 1483 369 per
1504 316 1542 356 le
1563 329 1762 371 mazim-

337 373 451 425 dexe,
481 387 664 426 vengouo
692 373 784 411 facti
801 374 888 424 capi
917 371 968 411 de
995 370 1023 410 li
1043 370 1134 410 altri
1149 386 1165 421 ;-
1194 379 1232 411 et
1262 371 1311 411 de
1340 370 1764 424 ςυθεῐοοτάὶῃοὲπωιύ

334 442 442 482 gono
478 428 570 467 facti
610 427 829 476 Sanzachi,
869 433 909 466 et
956 425 1008 465 de
1057 425 1250 465 Sanzachi
1286 425 1551 480 Beglierhei,.
1572 432 1613 467 at
1647 425 1764 472 πίθῃὶ

321 494 433 523 ¹over
470 483 603 521 Baxia.
652 488 791 534 questo
837 481 859 519 ὲ
899 479 929 520 11
969 494 1101 520 mazor
1135 480 1259 535 grado
1291 481 1329 520 al
1370 479 1466 534 qual
1502 478 1765 534 possasdire

331 551 494 590 apr-esso
528 537 565 576 el
599 550 670 576 suo
704 536 875 588 signore.
941 534 997 574 Et
1023 535 1195 588 'quando
1223 536 1351 590 questi
1388 535 1499 575 visiri
1526 533 1762 585 inveoehioq

331 592 408 630 che
451 606 533 630 non
569 605 609 630 se
654 604 820 643 possano
857 589 928 643 piil
965 592 1179 630 exercitare
1198 619 1211 640 ‚
1255 590 1283 630 li
1315 590 1462 630 manda
1489 589 1661 642 oturch,
1688 589 1764 643 2(sp

329 646 521 691 Sanzachi
538 675 549 695 ,
580 644 631 683 ali
656 644 762 683 lochi
781 644 830 684 dc
859 658 1002 698 reposo
1030 644 1084 684 ali
1110 645 1258 684 confini
1279 645 1346 684 del
1369 659 1442 685 suo
1467 645 1662 699 imperio,
1687 642 1764 689 che

330 714 410 739 non
441 700 613 738 habiano
641 700 711 752 pin
738 713 760 737 a
797 699 1031 749 cavalcare,
1061 714 1124 739 ma
1149 713 1347 753 governar
1373 701 1386 738 i
1413 699 1520 739 lochi
1540 728 1554 752 ,
1583 711 1699 740 come
1738 697 1764 739 ἰ·

328 755 610 808 Nigroponte‚
653 754 884 793 Salonichio
906 783 918 805 ‚
957 752 1149 793 Metelino
1196 761 1235 794 et
1263 753 1354 793 altri
1391 753 1525 798 simili.
1591 753 1665 794 Et·
1688 752 1764 797 ha·-

328 808 478 849 biaudo
504 809 556 848 da
581 808 738 861 piccola
761 809 876 848 etade
901 816 1047 862 negata
1074 808 1113 848 ia
1142 823 1237 848 vera
1263 808 1376 858 fede‚'
1397 808 1627 852 deventano
1647 821 1762 847 come

253 864 419 912 139cani
451 863 612 902 rabiosi.
652 877 723 916 per
757 865 856 902 tutti
883 863 1010 916 questi
1037 863 1183 917 gradi,
1215 870 1366 916 quanto
1404 864 1474 916 pih
1509 873 1693 916 ,possono
1716 869 1764 905 ‘et

315 918 397 970 >pici
425 931 570 968 sanno,
600 931 735 957 mazor
769 918 978 957 inimicitia
1007 918 1179 958 mortale
1219 925 1258 958 et
1284 916 1523 970 inplacabile
1549 923 1763 970 pentuma

325 971 448 1024 quelli
477 973 552 1012 che
585 986 684 1011 sono
713 972 819 1012 della
858 987 930 1012 sua
963 974 1235 1025 generatione.
1306 973 1362 1012 Et
1388 973 1470 1011 cosi
1499 970 1764 1025 spoglimdosi

326 1027 377 1067 de
407 1029 501 1080 ogni
527 1027 788 1067 humanitade
811 1035 850 1066 et
873 1028 937 1066 del
961 1027 1101 1066 habito
1120 1027 1211 1067 dela
1231 1034 1366 1067 sancta
1393 1027 1506 1074 fede,
1537 1026 1765 1069 deventum:

323 1081 488 1120 mortali
517 1083 669 1120 inimici
703 1081 809 1121 della
831 1082 1154 1124 Christianitade.
1211 1083 1351 1133 Questi
1376 1083 1468 1121 tutti
1491 1081 1520 1120 li
1546 1081 1766 1121 ottomaw

323 1137 408 1174 nidi
440 1143 616 1189 tengono
646 1150 716 1189 per
744 1138 800 1176 soi
829 1138 989 1189 patroni
1010 1144 1048 1176 et
1074 1136 1245 1190 signori,
1274 1136 1425 1189 purche
1442 1137 1554 1177 siano
1578 1135 1628 1174 de
1650 1134 1766 1188 quel·-

324 1191 362 1229 la
394 1191 535 1243 stirpe.
592 1190 649 1230 Et
685 1190 715 1229 li
752 1192 1006 1231 descendenti
1040 1193 1090 1231 da
1127 1191 1170 1230 lu
1195 1190 1478 1231 Otthomanno
1506 1190 1614 1233 hano
1633 1192 1765 1243 questi

324 1258 440 1284 come
466 1245 632 1298 proprii.
687 1246 743 1285 Et
772 1246 935 1299 quando
958 1245 995 1285 el
1024 1247 1171 1285 ducato
1197 1259 1239 1284 se
1265 1253 1375 1284 muta
1392 1246 1444 1284 da
1461 1259 1548 1284 uno
1569 1244 1622 1285 ad
1643 1243 1765 1296 altro,

323 1313 349 1338 0
389 1299 456 1337 dal
502 1307 615 1352 patre
658 1299 697 1338 al
737 1300 912 1352 figliolo,
951 1314 976 1339 0
1008 1301 1074 1340 dal
1093 1300 1259 1340 fratello
1290 1300 1328 1339 al
1355 1298 1515 1339 fratello
1534 1328 1548 1350 ,
1577 1314 1603 1339 a
1631 1298 1766 1352 quello

324 1353 399 1392 che
443 1353 483 1392 la
516 1355 688 1406 benigna
730 1355 895 1393 fortuna
936 1354 1084 1404 exalta,
1132 1354 1173 1394 lu
1205 1355 1365 1394 schiavo
1401 1369 1444 1393 se
1478 1359 1598 1393 trova
1634 1353 1766 1394 fidele.

325 1408 584 1447 Ritorniamo
611 1410 760 1447 oramai
784 1409 859 1449 alla
891 1408 1072 1461 hystoria
1105 1414 1273 1459 nostra,
1311 1423 1334 1447 a
1358 1409 1490 1461 quello
1511 1407 1630 1447 loeho
1658 1408 1767 1452 onde

314 1462 362 1500 Ἰ01
395 1476 552 1502 sermon
585 1471 722 1502 nostro
751 1463 934 1502 cominzb
965 1477 987 1502 a
1008 1464 1070 1502 far
1096 1465 1133 1503 la
1164 1464 1422 1515 digressione.
1450 1462 1616 1503 Dimitri
1644 1463 1768 1505 Lion-

324 1518 412 1555 dari
451 1517 654 1557 habi-ando
691 1517 795 1557 tolto
834 1519 870 1557 el
899 1519 1098 1566 Mustafa,
1143 1517 1292 1572 figliolo
1322 1518 1371 1558 de
1391 1517 1532 1557 lldrim
1557 1517 1765 1570 Paiasith,

324 1585 438 1610 come
475 1574 610 1611 avanti
647 1572 819 1612 havemo
857 1580 1045 1623 narrato,
1095 1580 1134 1612 et
1162 1587 1237 1612 con
1272 1572 1329 1611 lui
1355 1574 1506 1612 inseme
1533 1570 1571 1615 01
1591 1573 1732 1612 Zenait
1751 1601 1767 1623 .,

309 1633 365 1664 ·et
389 1640 460 1678 per
485 1627 621 1665 avanti
645 1627 876 1666 havendose
905 1627 1151 1667 confederati
1184 1642 1263 1667 con
1292 1627 1534 1667 sacramenti
1564 1626 1764 1679 sollemni,

310 1680 426 1721 ,ch’el
458 1682 631 1720 Mustafa
658 1682 736 1721 mai
766 1696 845 1721 non
872 1695 914 1721 se
949 1683 1105 1735 partira
1136 1681 1203 1722 dal
1233 1681 1433 1735 conseglio
1464 1679 1698 1735 imperiale,
1725 1688 1767 1721 et

326 1735 402 1773 che
430 1749 584 1787 sempre
620 1737 705 1775 sera
732 1743 954 1789 sottoposto
996 1736 1296 1789 al’imperadore
1338 1750 1451 1776 come
1477 1737 1516 1776 el
1543 1734 1694 1790 figliolo
1724 1735 1765 1776 al

324 1796 454 1842 patre.
512 1791 567 1830 Et
593 1805 664 1843 per
694 1791 783 1830 fede
814 1799 854 1830 et
882 1791 1051 1830 sei-meza
1077 1791 1180 1830 delle
1207 1791 1297 1830 loro
1325 1792 1594 1831 conventione
1621 1789 1652 1830 li
1678 1789 1766 1836 die-

325 1844 376 1882 de
402 1845 438 1883 el
457 1859 528 1883 suo
548 1845 698 1897 figliolo
723 1852 863 1899 queste
880 1847 1141 1898 promissione
1171 1851 1210 1884 et
1237 1846 1344 1899 pacti
1377 1860 1452 1885 000
1481 1846 1574 1896 ogni
1600 1843 1764 1889 sollem-

326 1899 411 1937 nita
441 1900 622 1948 firmate,
656 1901 828 1940 Mustafa
857 1901 943 1939 fece
966 1901 1060 1940 dare
1085 1900 1392 1953 al'imperadore
1421 1899 1723 1953 Galipolische
1743 1899 1767 1938 ὲ

311 1953 371 1992 -10
405 1953 662 2005 Chieroniso,
695 1962 733 1994 et
761 1955 798 1994 10
826 1963 942 2008 parte
974 1956 1145 1994 Pontice
1175 1955 1299 1996 infine
1326 1954 1392 1997 alli
1421 1954 1572 1994 confini
1601 1954 1652 1993 de
1675 1954 1766 1993 Vu-

251 2007 468 2057 14olachia,
498 2016 540 2048 et
565 2009 602 2048 le
628 2018 747 2062 parte
777 2010 825 2049 de
850 2009 1038 2049 Thesalia
1065 2012 1190 2049 infine
1214 2011 1265 2049 ad
1292 2011 1410 2050 Eriso
1430 2016 1471 2050 et
1487 2011 1765 2054 Mentesancto

327 2069 369 2101 et
409 2063 506 2104 altri
545 2064 679 2111 lochi,
721 2064 796 2103 che
834 2079 907 2104 con
945 2065 1138 2104 difficults
1180 2065 1208 2104 li
1241 2065 1295 2104 ha
1335 2065 1430 2108 dati.
1495 2064 1550 2103 Et
1575 2063 1764 2104 havendo

314 2117 448 2169 *quelli
477 2118 583 2157 lochi
611 2121 845 2167 ameum-ati,
886 2126 925 2159 et
964 2134 1040 2159 con
1068 2121 1306 2159 sacramenti
1337 2120 1387 2159 da
1414 2119 1477 2158 lor
1506 2125 1696 2162 rezevuta
1724 2116 1765 2157 la

327 2171 607 2224 obhedientia‚
643 2175 782 2213 feceno
820 2175 906 2213 vela
943 2181 982 2214 et
1025 2177 1270 2228 navigarono
1307 2176 1348 2213 in
1383 2173 1571 2226 Galipoli.
1627 2171 1764 2223 Quelli

327 2235 562 2267 veramente
595 2229 646 2267 de
672 2231 805 2268 Morat
825 2229 888 2268 bei
918 2229 1103 2269 havendo
1139 2230 1219 2268 ben
1248 2229 1395 2268 fornito
1443 2227 1480 2267 01
1505 2225 1694 2277 castello,
1724 2224 1765 2265 le

329 2294 434 2319 nave
462 2288 501 2320 et
542 2283 576 2321 10
617 2283 722 2336 galie
750 2283 931 2323 haveano
954 2285 1074 2324 tirato
1110 2284 1254 2324 dentro
1274 2282 1341 2322 dal
1367 2290 1514 2336 porto,
1544 2281 1573 2320 li
1603 2280 1764 2320 homini

328 2335 379 2373 da
409 2336 581 2388 bataglia
613 2338 794 2377 haveano
819 2340 972 2378 statuiti
1002 2340 1042 2378 in
1072 2341 1109 2378 la
1138 2346 1270 2388 torre,
1308 2337 1346 2376 la
1375 2336 1492 2390 quale
1520 2337 1542 2375 {e
1571 2335 1636 2375 001
1660 2349 1761 2388 por..

316 2395 398 2439 203
442 2397 480 2428 et
517 2392 594 2429 ben
641 2394 788 2432 fornito
829 2395 865 2432 el
900 2395 1063 2433 castello
1105 2400 1146 2433 et
1174 2395 1210 2432 la
1238 2400 1375 2441 torre,
1408 2398 1447 2431 et
1475 2392 1514 2430 la
1539 2397 1654 2430 terra
1681 2390 1760 2431 ben

328 2446 501 2494 munita,
538 2447 562 2484 li
589 2448 847 2500 Galipolitani
875 2455 1043 2488 stavano
1072 2447 1293 2500 spectando
1323 2448 1360 2486 la
1390 2446 1575 2498 bataglia.
1630 2445 1762 2484 Dimi-

326 2501 405 2538 trio
434 2513 508 2538 con
536 2502 674 2541 Zenait
691 2498 877 2543 'uscendo
904 2504 954 2543 de
983 2504 1020 2543 le
1049 2505 1149 2556 galie
1192 2517 1268 2542 con
1300 2502 1417 2541 Greci
1443 2507 1484 2539 et
1509 2498 1629 2552 pochi
1653 2499 1762 2539 Tur-

312 2554 420 2604 -chi,
453 2554 528 2593 che
556 2556 738 2596 haveano
770 2559 811 2596 in
847 2566 1022 2606 armata,
1054 2559 1341 2598 cominzarono
1369 2571 1392 2596 a
1431 2555 1677 2595 combatere.
1707 2554 1760 2593 El

327 2610 514 2660 capitano
557 2624 633 2651 con
666 2613 693 2652 li
723 2612 887 2651 citadini
919 2613 970 2652 de
998 2614 1173 2666 Galipoli
1213 2613 1397 2651 ussirono
1430 2610 1514 2648 fora
1543 2609 1618 2648 alla
1645 2609 1760 2648 bata-

329 2663 428 2715 gli33
459 2670 497 2701 et
537 2679 616 2704 non
660 2668 856 2718 possando
894 2669 1080 2707 resistere
1101 2663 1136 2707 *a
1163 2669 1327 2712 Zenait,
1370 2666 1405 2705 el
1433 2665 1549 2716 quale
1578 2678 1644 2702 era
1673 2677 1759 2702 ma-

326 2719 519 2771 gnanimo
561 2726 600 2760 et
634 2722 817 2762 valoroso
853 2724 921 2776 piiz
959 2723 1032 2763 che
1075 2724 1221 2763 nisuuo
1260 2723 1362 2763 altro
1395 2718 1565 2761 Tureho
1613 2718 1687 2764 che
1726 2719 1759 2760 si
