1890 3204
316 175 427 234 580
892 189 1172 234 nmmum

181 295 460 346 P.244habuit
497 295 660 336 nomine
694 294 880 335 flabilem
918 306 942 332 a
978 291 1266 340 Damascenis,
1308 290 1349 330 id
1375 296 1436 330 est
1476 291 1754 334 Miziremibun

315 351 648 404 seuergyptiis,
692 351 732 389 in
760 349 994 388 servitutem
1026 347 1249 386 redactum.
1278 344 1484 386 Laonicus
1519 345 1590 388 lib.
1622 346 1647 387 5
1675 347 1756 389 Gu-

314 405 458 445 railuci
487 405 590 445 filios
610 406 836 444 Lenem-nas
867 401 1086 455 appellatos
1114 401 1224 453 dicit.
1277 399 1453 441 Tureice
1478 414 1603 455 porro
1619 401 1757 456 Kam-

312 460 422 500 oiluc
447 460 556 500 idem
583 466 643 499 est
663 473 709 499 ac
738 458 880 497 Latine
907 458 1025 509 nigra
1051 454 1272 505 meridie-33
1299 457 1438 508 sicque
1469 470 1495 495 a
1522 456 1656 497 calore
1681 457 1756 498 cti-

311 515 430 554 mutis
473 521 515 554 et
542 522 674 553 terrae
716 511 849 551 colore
891 509 1119 564 appellatur
1145 510 1449 562 Mesopotamia.
1479 511 1620 566 eodem
1645 525 1756 566 quo-

309 583 388 623 que
419 569 527 608 libro
559 575 671 607 notat
706 566 973 606 Leunclavius
1011 564 1167 604 Kisulis
1207 565 1385 612 Cozzae,
1423 565 1503 605 hoc
1541 570 1612 607 est--
1641 567 1758 607 mbti

308 625 410 663 senis
430 653 440 670 ‚
482 623 581 662 filios
618 623 872 661 Amasianam
903 620 1158 675 provinciam
1184 633 1256 659 seu
1279 619 1560 673 Sangiacatum
1585 620 1754 663 latroci-

308 680 387 717 niis
416 678 641 727 infestasse,
674 690 828 730 eosque
871 682 1060 715 auctores
1092 674 1216 714 fuisse
1243 673 1564 729 Chasani-bego
1599 675 1753 738 Βωμ-

308 733 413 772 diris
455 732 539 771 filio
566 738 608 771 et
638 730 918 785 flabili-bego
948 729 1360 782 Kara-oiluc-oglio
1392 730 1432 769 in
1473 743 1540 770 eas
1579 743 1754 783 prowm-

308 788 390 827 cias
418 788 571 839 pariter
606 786 840 840 grassandi3
885 799 986 839 quos
1014 785 1161 824 Cozzae
1188 782 1291 823 filios
1319 785 1503 837 Iorguzes
1532 785 1655 825 Bassa
1684 798 1754 825 ca·

309 849 404 894 ptos
441 840 612 891 occidit,
651 849 691 880 et
725 841 1023 880 Turcomannis
1062 838 1236 893 praedas
1273 838 1420 892 agendi
1448 838 1682 880 facultatem
1710 838 1752 879 in

305 901 517 949 posterum
549 896 709 935 ademit.
1594 923 1600 931 .

418 951 471 991 Ρ.
506 952 598 1001 125,
635 965 700 1005 ¹7·
759 944 1004 1003 Παγιαζήτ]
1063 948 1183 988 Hunc
1208 947 1426 987 Baiazitem
1454 946 1575 988 fuisse
1601 947 1753 990 Vezir-

309 1019 491 1044 azemum
526 1019 597 1044 seu
638 1018 842 1044 summum
888 1018 932 1043 ex
975 1003 1227 1043 Leunclavio
1266 1001 1495 1056 intelligere
1537 1001 1644 1043 licet.
1683 1003 1754 1044 ille

309 1061 419 1099 enim
459 1067 552 1112 post
591 1060 826 1100 Mehemetis
871 1064 1043 1097 mortem
1070 1058 1376 1097 communicatis
1403 1071 1498 1096 cum
1529 1057 1754 1102 Clausi-ei-

307 1127 403 1154 vase
423 1120 465 1153 et
487 1114 724 1154 Abrahamo
741 1115 862 1154 Bassa
890 1113 1066 1152 consiliis
1092 1126 1157 1152 res
1184 1125 1323 1151 omnes
1347 1125 1474 1166 usque
1501 1111 1554 1151 ad
1581 1113 1756 1153 Mor-atis

310 1169 534 1208 adventum
574 1169 883 1211 administravit.
927 1182 1032 1221 quae
1061 1181 1187 1221 porro
1223 1166 1276 1207 de
1302 1165 1444 1207 officiis
1483 1166 1709 1213 Mehemeti
1729 1182 1755 1208 a

307 1223 484 1262 Baiazite
512 1225 630 1263 Bassa
659 1225 878 1278 praestitis,
909 1237 1096 1277 quaeque
1123 1222 1175 1261 de
1203 1221 1407 1260 aerumnis
1435 1234 1536 1276 quas
1564 1219 1634 1261 ille
1659 1231 1755 1275 post

307 1277 595 1333 Temyrianam
631 1294 809 1334 pugnam
842 1278 1051 1329 tolcravit,
1100 1276 1234 1316 nullus
1262 1283 1427 1330 praeter
1451 1281 1637 1316 nostrum
1663 1278 1754 1318 Du-

308 1346 398 1372 cam
429 1340 579 1375 narrat.
1626 1377 1629 1381 .

419 1387 468 1427 P.
502 1388 594 1434 126,
622 1401 664 1441 9.
719 1386 1018 1441 μονοχίτωνος]
1056 1388 1138 1428 Per
1167 1385 1495 1427 monochitonem
1519 1385 1754 1433 Dervisium

308 1455 379 1481 seu
412 1442 658 1482 monachum
684 1443 988 1481 Musulmanum
1028 1442 1168 1481 tunica
1205 1457 1286 1480 una
1314 1442 1503 1480 indutum
1530 1439 1731 1495 iutelligit.

420 1496 469 1535 P.
503 1496 594 1547 126,
626 1495 691 1547 24.
747 1495 792 1535 ἐν
821 1495 878 1551 τῷ
906 1490 1019 1551 ἄρτῳ
1048 1494 1122 1535 καί
1150 1489 1288 1549 ἅλατι]
1346 1496 1559 1535 Baiazitem
1590 1496 1752 1535 Bassam

308 1563 382 1603 per
410 1564 556 1602 panem
598 1556 639 1590 et
673 1549 798 1589 salem
817 1581 828 1599 ‚
869 1564 971 1603 quos
998 1551 1034 1590 ei
1073 1550 1322 1603 praebuerat
1339 1579 1350 1600 ‚
1381 1549 1586 1588 adiuravit
1611 1551 1753 1590 Mehe-

308 1612 458 1654 metes,
491 1619 595 1659 quae
639 1605 715 1657 ipsi
745 1606 990 1656 mandabat,
1033 1612 1314 1644 exsecuturum
1339 1618 1381 1644 se
1409 1617 1507 1646 esse.
1533 1604 1643 1656 apud
1675 1605 1751 1644 Le-

291 1658 417 1698 -uncL
445 1660 512 1698 lib.
553 1674 597 1698 10
628 1660 806 1699 Emirem
844 1658 1116 1699 Suleimanem
1158 1659 1379 1713 alloquitur
1406 1658 1682 1709 Hali-Bassa,
1712 1666 1753 1698 et

309 1713 361 1752 de
393 1728 563 1753 suorum
602 1716 838 1753 imminente
882 1714 1110 1753 defectione
1138 1727 1232 1753 eum
1261 1721 1424 1761 monet,
1455 1720 1494 1751 et
1525 1713 1644 1752 verba
1674 1713 1752 1754 ista

310 1767 450 1807 adiicit
466 1799 476 1816 ‚
508 1782 580 1808 nec
606 1769 660 1807 ab
690 1769 777 1807 alio
799 1778 916 1822 putes
937 1769 1250 1807 admonitionem
1276 1770 1384 1807 hanc
1414 1769 1547 1807 animo
1578 1766 1751 1822 profici-

309 1824 380 1870 sci,
409 1837 530 1877 quam
561 1824 670 1862 illius
711 1824 881 1862 hominis
928 1825 998 1877 qui
1023 1824 1095 1862 diu
1122 1832 1159 1862 et
1184 1824 1338 1877 copiose
1361 1823 1496 1876 patris
1523 1823 1582 1861 tui
1601 1835 1751 1877 panem

310 1886 351 1915 ec
375 1879 499 1916 salem
526 1877 710 1920 comedit.
739 1877 928 1917 dominus
953 1878 1086 1930 itaque
1113 1877 1192 1916 hoc
1214 1878 1403 1916 historiae
1422 1877 1648 1924 huiusyloco
1676 1877 1752 1917 ad-

312 1932 419 1970 iurat
447 1946 517 1985 per
542 1946 701 1984 panem,
735 1947 818 1986 quo
850 1935 981 1972 victus
1010 1933 1228 1985 praecipue
1257 1939 1428 1977 constat,
1461 1939 1499 1970 et
1526 1945 1598 1984 per
1615 1931 1750 1982 salem,

312 2001 395 2039 quo
427 1987 562 2025 edulia
591 1987 844 2026 condiuntur
872 1989 1077 2040 magisque
1103 1993 1220 2039 grata
1240 1987 1374 2040 palato
1394 1993 1619 2040 parantur3
1647 2000 1750 2041 quo-

311 2055 406 2079 rum
437 2041 601 2081 nomine
627 2056 765 2081 servus
789 2043 958 2081 domino
988 2049 1164 2083 tenetur.

420 2095 468 2134 P.
505 2110 651 2150 ¹27’7·
706 2094 756 2136 τὰ
787 2096 832 2135 δὲ
857 2094 933 2135 δύο
961 2090 1094 2147 ἄνηβοι
1128 2093 1309 2147 σ’κτοέτη]
1364 2095 1465 2134 Tres
1493 2109 1590 2149 ergo
1619 2095 1750 2142 solum

310 2164 440 2189 mares
477 2152 710 2203 superstites
753 2151 904 2190 liberos
933 2151 1099 2204 reliquit
1127 2151 1380 2190 Mehemetes
1409 2158 1457 2188 at·
1477 2149 1750 2190 Leunclavius

309 2212 488 2256 quatuor
517 2206 635 2244 fuisse
663 2221 709 2245 ex
736 2207 983 2245 Verantiana
1010 2205 1178 2244 historia
1210 2205 1349 2244 asserit
1381 2204 1447 2242 lib.
1478 2218 1523 2243 ι),
1553 2211 1592 2246 et
1632 2206 1676 2244 ¹3
1706 2206 1748 2244 in

310 2260 461 2298 Dusme
495 2261 723 2313 Mustapha.
772 2276 899 2300 mares
936 2262 1115 2313 quinque
1142 2264 1400 2312 susceperat,
1435 2259 1505 2298 sed
1534 2259 1749 2299 Ahemetes

308 2314 589 2366 tertiogcnitus
635 2330 700 2355 res
744 2316 940 2355 humanas
977 2321 1070 2354 ante
1109 2322 1262 2368 patrem
1303 2313 1484 2366 reliquit.
1525 2313 1691 2353 suerunt
1721 2314 1749 2353 ii

310 2369 514 2418 Morates,
540 2370 797 2423 Mustapha‚‘
831 2371 1007 2420 Ahmet‚
1050 2369 1251 2422 lusuphus
1279 2374 1320 2407 et
1348 2367 1612 2408 Machmutes.
1643 2370 1748 2407 Lao-

309 2424 423 2461 nicus
450 2422 518 2463 lib.
546 2423 573 2474 4
616 2426 689 2464 sub
729 2426 849 2464 finem
886 2426 967 2464 alio
997 2425 1117 2463 modo
1141 2425 1190 2463 de
1218 2423 1450 2463 Mehemetis
1475 2422 1612 2461 liberis
1639 2423 1747 2462 eins-

308 2491 389 2529 que
416 2483 656 2518 testamento
684 2480 877 2529 disserit,
914 2481 1018 2519 duos
1043 2479 1193 2519 scilicet
1228 2477 1287 2517 illi
1307 2484 1461 2516 tantum
1491 2477 1688 2516 Mon-atem
1709 2485 1750 2517 et

254 2571 257 2572 γ
308 2532 567 2584 Mustapham
604 2534 721 2573 fuisse
749 2535 854 2574 filios
871 2565 883 2585 ,
919 2535 1097 2586 huicque
1126 2534 1247 2572 Asiae
1265 2562 1278 2583 ‚
1308 2531 1366 2571 illi
1393 2532 1584 2584 Europae
1615 2532 1748 2585 impe-

309 2587 417 2625 rium
443 2586 625 2637 dedisse;
657 2590 766 2642 quod
800 2591 858 2628 ita
885 2588 1098 2629 verisimile
1124 2602 1209 2627 non
1238 2595 1308 2627 est.

421 2642 474 2679 P.
513 2641 602 2689 128,
631 2643 672 2681 6.
699 2641 843 2683 θανών
870 2643 917 2683 δὲ
943 2640 1186 2693 Μαχουμέτ
1228 2641 1318 2696 πεγ]
1375 2640 1503 2679 Paulo
1532 2646 1746 2693 antequam

311 2694 461 2744 obiret,
508 2697 703 2736 occultari
745 2706 916 2739 mortem
952 2712 1093 2747 suam,
1143 2698 1270 2737 donec
1309 2695 1412 2736 filius
1443 2709 1538 2736 suus
1566 2697 1748 2736 Morates

311 2750 518 2790 adveniret
537 2778 548 2801 ‚
575 2752 701 2791 iussit.
