1904 3198
321 170 391 227 82
558 239 562 241 ,
655 185 837 229 DUCAE
873 181 1159 227 nncuAms
1194 180 1418 224 NEPOTIS

318 288 494 331 δαπάνει
520 284 594 338 τὰς
620 287 752 338 οἰκίας
778 289 852 330 καί
889 285 938 328 τοὶ
969 278 1299 340 καταλειφθέντα
1329 280 1445 338 παρὰ
1474 281 1555 323 τῶν
1582 276 1760 330 Σκυθοῖἰν

316 354 361 397 τὸ
401 355 484 409 πῦρ
527 350 583 403 ὥς
617 352 773 408 χόρτον
811 353 1028 404 κατ-ἔσθιε,
1071 349 1144 391 καί
1168 344 1222 404 ἦν
1259 347 1287 404 ἧ
1316 350 1435 391 πᾶσα
1473 346 1595 396 πόλις
1621 342 1760 403 τέφρα

317 418 390 463 καὶ
415 418 528 469 κόνις
565 420 610 462 ἐν
648 417 770 462 δυσίν
795 419 987 474 ἡμέραις.
1051 413 1091 457 οἱ
1123 416 1170 458 δὲ
1194 415 1376 471 Ἐφέσιοι
1401 412 1562 468 ἰδόντες
1588 410 1666 467 την
1692 425 1760 454 το-

316 482 480 540 σαύτην
522 486 674 539 ζημίαν
698 483 1022 540 προσεκύνησαν.
1081 476 1103 521 ὅ
1133 481 1180 523 δὲ
1209 479 1554 535 Καρασούπασης
1593 475 1764 532 γενόμε-

316 566 386 600 νος
408 548 641 605 ἔγκλειστος
671 551 717 592 ἐν
757 550 808 605 τῇ
838 545 1063 602 α’κροπόλει
1090 543 1340 600 α’ντεμάχετο
1367 540 1472 599 ἄχρι
1502 545 1800 600 φθινοπωρι-ὔ

317 616 392 658 νοῦ
423 617 589 671 καιροῦ,
618 614 887 668 ἐκδεχόμενος
912 608 1114 667 βοήθειαν
1141 609 1255 667 παρὰ
1284 612 1361 654 τοῦ
1387 609 1486 653 υἱοῦ
1512 609 1642 652 aziz-013
1666 609 1765 660 Τζι-

317 682 428 735 νεήτ.
484 679 506 722 ὅ
537 682 585 723 δὲ
626 679 703 721 οὐκ
738 675 917 734 η’δὺνατο
955 676 1080 733 οἷφείς
1124 674 1200 731 τὴν
1240 676 1440 732 Σμύρνην
1476 675 1679 718 ἀπελθεῖν.
1718 675 1766 721 ἐν

213 748 307 794 Ρ-45
314 745 501 804 Ἐφέσῳ·
557 741 610 800 ην
656 743 737 800 γὰρ
767 741 918 792 σπάνις
944 740 1073 797 πολλὴ
1103 743 1185 784 τῶν
1212 742 1486 797 στρατιωτῶν.
1540 738 1630 784 τότε
1655 741 1767 783 οἶνοί·

319 814 394 869 ξας
420 811 498 861 τὰς
541 811 678 860 πύλας
722 810 894 863 ἐξῆλθε,
933 823 1003 865 και
1045 806 1185 849 πεσών
1220 804 1403 862 ὑπετάγη
1434 807 1492 864 τῷ
1516 807 1766 863 Μανταχία.

319 875 580 933 παραλαβών
611 870 687 918 ουν
717 872 848 917 αὐτὸν
877 871 957 916 σὺν
994 879 1081 923 τοῖς
1113 867 1254 922 αλλοις
1281 874 1365 915 τῶν
1394 867 1524 922 ὄντων
1544 874 1590 915 ἑν
1615 873 1674 930 τῷ
1692 885 1766 913 πο·-
1786 887 1832 915 ιο

320 943 479 1000 λιχνύρ,
509 939 707 994 δεσμιόυς
734 956 793 989 εις
812 956 889 995 την
916 938 1139 994 ἡγεμονίαν
1165 939 1298 980 αὐτοῦ
1319 953 1462 994 ηγαγε.
1514 938 1574 996 τῷ
1601 939 1650 981 δὲ
1673 954 1767 981 παι·

321 1006 366 1048 δι’
397 1001 475 1048 τοῦ
502 1005 624 1061 Ἁτὴν
659 1007 716 1062 τῷ
739 1005 898 1060 Ὁμοῦρ
940 1002 1206 1059 ἑγκαθιζάνει
1245 1005 1290 1046 ἑν
1314 1005 1366 1061 τῇ
1390 1003 1588 1062 ἡγεμονίᾳ
1611 1004 1663 1061 τῇ
1687 1020 1770 1047 πα-

321 1074 457 1129 τρικῇ.
529 1070 604 1113 τὸν
652 1072 699 1112 δὲ
728 1067 1076 1125 Καρασούπασην
1115 1068 1347 1124 ἔγκλειστον
1380 1070 1426 1112 ἐν
1461 1071 1661 1127 πολιχνίῳ
1689 1069 1773 1112 τινί

209 1144 250 1178 V.
266 1135 437 1186 36ἐντὸς
482 1137 646 1191 πύργου
687 1133 898 1191 δεσμήσας
937 1133 1116 1190 ἔρριψε,
1143 1134 1215 1177 καί
1242 1132 1341 1185 τούς
1368 1132 1448 1177 σὺν
1477 1135 1590 1193 αὐτῷ
1616 1135 1771 1190 Ὀθμα-

323 1203 441 1251 νίδας
458 1217 470 1230 ·
529 1199 747 1254 Μάμαλος
775 1199 1022 1253 ὀνομάζεται
1048 1199 1095 1242 τὸ
1129 1202 1357 1254 πολίχνιον.
1386 1198 1410 1240 ὅ
1441 1201 1489 1242 δὲ
1525 1198 1700 1255 Τζινεῆτ
1727 1201 1838 1245 τίιό

324 1265 399 1309 δαὶ
430 1261 514 1322 ἄρα
543 1268 625 1322 δρᾷ
633 1283 648 1318 ,·
669 1268 715 1309 ἐκ
734 1267 808 1320 τῆς
831 1266 1024 1322 Σμύρνης
1044 1264 1225 1316 ἐξελθών
1251 1263 1329 1307 σὺν
1357 1264 1498 1321 διῄρει
1521 1268 1617 1323 μιᾷ,
1646 1263 1772 1309 πλεύ-

323 1347 403 1381 σας
427 1333 472 1373 ἑν
499 1333 547 1389 τῇ
580 1330 727 1389 Καρίᾳ
760 1329 929 1386 ἔρχεται
959 1332 1018 1380 εἷς
1036 1328 1270 1383 ΠΙάμαλον,
1304 1330 1427 1373 κάκεῖ
1448 1332 1640 1387 κρυφίως
1665 1333 1774 1385 πέμ-

287 1410 396 1443 Βπει
423 1395 530 1452 πρὸς
557 1394 657 1445 τούς
690 1398 949 1450 ἑγκλείστους
976 1399 1034 1447 ὥς
1071 1391 1153 1451 ἤδη
1178 1398 1346 1450 κλέψων
1372 1390 1513 1450 ἦλθεν,
1529 1392 1692 1446 αὐτούς.
1734 1395 1776 1438 οἱ

327 1463 374 1504 δὲ
402 1460 498 1512 τους
538 1459 730 1518 φύλακας
769 1464 1024 1505 πανδαισίαν
1051 1462 1295 1518 ποιήσαντες
1314 1494 1327 1517 ,
1366 1464 1440 1505 καὶ
1469 1463 1529 1512 εἷς
1553 1461 1676 1518 κόρον
1702 1460 1776 1504 τὸν

327 1525 508 1584 ἄκρατον
535 1530 782 1583 κεράσαντες
799 1561 811 1584 ,
841 1528 913 1570 καί
952 1529 1228 1584 κοιμήσαντες
1255 1527 1313 1579 ὥς
1339 1529 1590 1584 τεθνηκότας
1607 1559 1620 1581 ,
1652 1527 1778 1570 αὐτοὶ
1788 1543 1839 1570 20

328 1596 503 1650 ἐξῆλθον
528 1596 604 1636 τοῦ
629 1594 812 1650 πύργου,
839 1595 912 1636 καὶ
939 1593 1010 1636 διὰ
1036 1596 1112 1636 τοῦ
1140 1597 1306 1649 τείχους
1330 1597 1616 1649 χαλασθέντες
1643 1598 1779 1642 καλω-

331 1661 437 1709 δίοις
465 1660 659 1714 εἰσῆλθον
687 1662 732 1702 ἐν
759 1663 808 1715 τῇ
837 1658 983 1714 διήρει,
1016 1663 1088 1702 καί
1112 1659 1365 1709 πλεύσαντες
1393 1656 1525 1715 ἦλθον
1558 1662 1619 1709 εἰς
1632 1657 1777 1714 Σμύρ-

331 1741 421 1767 ναν.
452 1726 610 1779 ἐγένετο
639 1721 714 1766 οὖν
740 1726 899 1780 μεγάλη
925 1725 1042 1781 χαρὰ
1073 1728 1118 1768 ἐν
1143 1727 1190 1782 τῇ
1222 1727 1396 1783 τοιαύτῃ
1425 1728 1568 1782 κλοπῇ.
1619 1726 1778 1779 χειμῶ-

337 1897 481 1938 sorptae
507 1897 608 1933 sunt,
643 1897 680 1925 et
716 1892 892 1938 quicquid
927 1892 1137 1936 Scytharum
1160 1892 1354 1926 vastationi
1379 1896 1580 1937 supererat,
1607 1895 1780 1947 tauquam

337 1941 484 1973 foenum
517 1939 680 1972 flammae
722 1939 957 1981 devorarunt3
991 1939 1168 1984 biduique
1199 1939 1315 1984 spatio
1349 1944 1426 1979 tota
1456 1938 1540 1972 urbs
1579 1938 1618 1972 in
1643 1939 1782 1972 cineres

335 1998 437 2020 versa
468 1991 532 2019 est.
564 1992 650 2019 tunc
676 1985 821 2030 Ephesii
859 1991 996 2019 tantam
1022 1986 1160 2019 cladem
1187 1986 1340 2022 contuiti
1364 1985 1529 2019 hostibus
1549 1997 1587 2018 se
1609 1985 1782 2030 permise—

338 2038 432 2066 runt.
482 2033 716 2077 Karasupasis
752 2044 836 2066 vero
874 2034 967 2066 intra
992 2044 1107 2066 arcem
1132 2044 1169 2066 se
1196 2032 1344 2078 recipit,
1371 2037 1406 2065 et
1429 2033 1467 2065 in
1491 2038 1701 2066 autumnum
1725 2031 1783 2065 ‹li-

337 2081 411 2113 lata
434 2078 643 2120 deditione,
677 2080 762 2113 dum
789 2091 809 2112 a
834 2080 910 2112 filio
945 2091 1047 2124 opem
1076 2085 1262 2124 expectat,
1294 2079 1520 2112 obsidionem
1546 2078 1724 2112 toleravit.
1751 2079 1782 2111 is

339 2127 487 2169 Smyrna
513 2125 654 2158 deserta
678 2136 782 2171 opem
803 2127 896 2159 ferre
923 2127 1018 2171 patri
1042 2132 1078 2159 et
1092 2126 1277 2171 ,Ephesum
1292 2125 1460 2159 accedere
1473 2125 1659 2170 nequibat,
1684 2125 1784 2171 quod

338 2173 495 2205 militum
528 2173 690 2216 paucitas
725 2173 763 2206 id
789 2173 867 2206 fieri
896 2179 1043 2206 vetaret.
1069 2173 1216 2206 tandem
1250 2183 1331 2217 ergo
1355 2172 1468 2217 portis
1496 2172 1642 2205 reclusis
1666 2183 1783 2205 arcem

340 2219 463 2259 dedit,
489 2219 598 2263 inque
624 2231 749 2252 manus
774 2220 1003 2253 Mantachiae
1028 2219 1195 2261 devenit;
1236 2220 1299 2264 qui
1322 2219 1425 2251 illum
1449 2218 1612 2263 aliosque
1637 2218 1676 2251 in
1701 2229 1783 2251 arce

340 2265 615 2309 comprehensos
657 2267 751 2299 intra
783 2266 932 2299 ditionis
967 2277 1051 2300 suae
1097 2266 1230 2298 limites
1267 2265 1405 2299 vinctos
1436 2264 1609 2306 abduxit,
1641 2264 1783 2299 reddita

339 2312 457 2345 Atinis
484 2312 558 2343 filio
585 2318 734 2356 paterna
760 2313 973 2347 hereditate.
1021 2313 1273 2357 Karasupasim
1299 2313 1461 2356 aliosque
1490 2311 1783 2345 Othmanicarum

340 2359 496 2403 partium
512 2359 606 2391 viros
629 2360 667 2391 in
693 2361 798 2393 castri
818 2360 1013 2401 cuiusdam,
1037 2360 1098 2405 qui
1114 2359 1288 2392 Mamalus
1307 2358 1458 2399 dicitur,
1474 2363 1610 2391 turrem
1627 2359 1784 2394 coniecit

343 2411 379 2438 et
403 2405 589 2437 conclusos
615 2407 743 2439 tenuit.
769 2407 858 2452 quid
871 2418 954 2439 vero
972 2407 1119 2439 molitur
1137 2405 1322 2438 Cineites?
1349 2405 1588 2448 Smyrnaeum
1603 2417 1674 2438 una
1686 2405 1784 2438 bire-

343 2453 393 2485 mi
422 2452 548 2492 solvit,
576 2457 612 2485 et
640 2452 764 2484 Cariae
804 2454 927 2486 littora
950 2454 1070 2498 legens
1095 2452 1249 2485 Mamalo
1286 2451 1447 2496 adpulit,
1476 2451 1640 2496 clamque
1667 2453 1784 2486 incar-

346 2498 474 2531 ceratis
513 2509 577 2543 per
613 2499 779 2532 nuntium
814 2479 1006 2544 significato
1022 2500 1110 2532 illuc
1132 2510 1169 2532 se
1195 2498 1403 2538 advenisse,
1428 2504 1469 2531 ut
1492 2498 1615 2531 furtim
1640 2510 1699 2532 eos
1726 2509 1784 2532 as-

344 2550 516 2590 portaret.
543 2545 598 2577 illi
622 2546 746 2589 itaque
770 2553 915 2580 cunctos
942 2546 1106 2580 custodes
1132 2557 1214 2579 suos
1240 2544 1286 2577 ad
1313 2545 1515 2578 convivium
1541 2551 1681 2586 vocant,
1707 2556 1784 2578 me-

346 2591 617 2636 racioribusque
643 2592 814 2625 calicibus
841 2593 886 2626 ad
912 2594 1115 2627 satietatem
1138 2591 1310 2637 porrectis
1335 2602 1499 2636 soporem
1527 2592 1614 2637 ipsis
1630 2618 1639 2632 ‚
1666 2592 1716 2625 ita
1741 2597 1784 2625 ut

344 2650 409 2684 pro
437 2639 588 2671 mortuis
614 2638 855 2680 haberentur,
879 2640 1181 2680 conciliaverunt3
1208 2638 1298 2671 turri
1322 2637 1454 2671 deinde
1482 2650 1519 2671 se
1547 2639 1782 2684 proripuere,

346 2684 493 2718 funibus
524 2684 568 2716 de
591 2696 692 2718 muro
711 2696 748 2718 se
773 2685 1015 2727 demittentes,
1042 2685 1285 2729 birememque
1311 2685 1614 2726 conscenderunt,
1639 2690 1675 2718 et
1697 2695 1783 2729 gau-

346 2730 407 2765 dio
435 2731 590 2777 perfusi,
619 2731 718 2778 quod
745 2733 946 2770 clanculum
974 2734 1025 2767 ita
1051 2744 1088 2767 se
1114 2731 1379 2774 subduxissent,
1399 2731 1582 2776 Smyrnam
1604 2731 1781 2777 navigant.
