1890 3204
205 1271 239 1303 P.
255 1280 321 1302 221

342 163 453 232 548
779 215 782 218 Δ
877 203 884 207 -
910 180 1132 226 numm
1132 185 1190 224 m

339 293 427 325 cta:
458 291 504 324 ut
532 285 639 324 enim
661 299 781 324 naves
804 285 1000 324 firmiores
1023 285 1104 323 sint
1139 298 1212 323 nec
1235 283 1348 326 sicile
1374 297 1520 350 aquam
1540 284 1773 345 admittant,

338 341 427 393 pice
456 346 498 379 et
524 340 619 379 sebo
654 341 930 392 inunguntur
920 369 931 389 ,
965 339 1075 391 quod
1115 341 1233 378 etiam
1260 339 1308 378 ad
1326 341 1623 406 navigationis
1620 318 1776 383 celeri-

337 402 458 435 tatem
493 395 665 438 confert
695 409 789 433 usus
817 402 874 432 est
902 401 1036 432 autem
1055 393 1131 432 hoc
1158 393 1282 433 verbo
1312 391 1583 447 ἄσφαλτουν,
1612 391 1773 437 bitumi-

337 465 386 489 ne
418 449 620 499 inducere,
651 449 764 501 quod
798 463 870 502 pro
898 461 1069 487 πιττουν
1099 448 1235 511 etiam,
1264 448 1305 487 id
1333 456 1393 488 est
1420 448 1626 503 impicare,
1654 463 1774 492 usur-

336 511 472 557 patur.
511 504 580 542 sed
610 504 669 541 {01
675 509 773 542 [asse
805 502 935 542 voluit
972 503 1143 542 scribere
1170 497 1423 556 οἷσφαλίσας.

445 558 496 599 Ρ.
528 559 595 606 32,
632 571 689 611 ¹7·
749 557 883 609 Abasg
887 559 926 607 i,
956 557 1007 596 de
1040 557 1186 619 quibus
1211 557 1285 596 hoc
1315 559 1443 611 capite
1469 557 1664 613 loquitur,
1694 555 1771 615 po..

335 612 423 665 puli
451 619 545 651 sunt
570 611 665 650 olim
701 611 809 650 lbe1i
839 612 959 660 dicti,
989 611 1040 650 ad
1068 611 1270 650 Euxinum
1298 619 1469 665 pontum
1506 614 1764 667 pertinentes.

447 668 747 705 Cantacuzenus
783 666 931 705 harum
968 668 1149 719 turpium
1186 672 1227 706 et
1257 666 1485 707 Christiano
1515 670 1680 708 nomine
1708 668 1773 710 in-

335 721 551 774 dignarum
582 720 861 759 conditionum
900 735 983 760 non
1013 721 1223 771 meminit,
1269 722 1416 773 quibus
1457 737 1552 763 cum
1580 723 1772 765 Orchane

334 775 479 814 foedus
511 783 548 814 et
578 775 810 815 societatem
837 776 931 815 belli
960 775 1083 814 Anna
1110 777 1318 815 contiaxit.

445 831 495 872 P
510 830 577 877 35,
595 831 631 871 5
663 831 759 883 Cap.
779 845 816 884 9.
848 830 936 869 Hoc
951 832 1080 883 capite
1101 829 1151 869 de
1168 832 1320 883 nuptiis
1335 828 1535 870 Orchanis
1549 838 1589 872 et
1617 832 1770 873 Canta-

334 886 472 923 cuzeni
501 885 603 924 filiae
632 885 870 924 Theodorac
913 887 1056 938 agitur.
1088 884 1129 923 in
1158 898 1207 924 eo
1236 885 1416 924 notanda
1447 891 1509 925 est
1526 887 1701 930 varietas
1727 893 1772 927 et

334 938 526 978 dissensio
551 941 659 979 inter
676 947 863 979 nostrum
882 947 1089 979 auctorem
1107 946 1146 978 et
1162 940 1510 979 Cantacuzenum·
1539 941 1604 980 hic
1619 941 1772 996 quippe

336 996 473 1033 asserit
500 994 569 1033 lib
587 995 612 1033 5
646 1009 733 1047 cap.
755 1009 807 1048 92
838 995 1070 1034 Orchanem
1099 994 1204 1033 filiae
1241 1009 1286 1033 su
1291 1010 1336 1034 ie
1364 994 1526 1048 nuptias
1553 997 1770 1047 ambiisse3

334 1063 433 1101 quas
461 1063 550 1087 curn
583 1049 622 1087 in
650 1049 759 1088 aliud
793 1056 951 1103 tempus
976 1049 1163 1088 reiicerct
1189 1050 1489 1088 Cantacuzenus
1511 1078 1524 1100 ‚
1563 1050 1647 1090 imo
1675 1065 1774 1104 pro·-

333 1117 381 1141 co
410 1103 653 1156 respondere
692 1103 895 1155 differr,et
939 1102 990 1144 ab
1021 1104 1203 1143 Homme
1248 1119 1336 1143 e‘im
1364 1103 1601 1145 affinitatem
1629 1105 1771 1146 utilem

333 1158 409 1196 sibi
436 1158 522 1197 fore
548 1173 688 1198 suasus
718 1159 842 1198 filiam
867 1174 983 1198 suam
1022 1158 1205 1198 O1chani
1231 1155 1464 1212 despondet.
1523 1161 1772 1201 Cantacuze-

335 1227 390 1252 no
419 1213 492 1252 soli
522 1215 562 1251 in
595 1228 666 1252 sua
698 1228 817 1254 οιιιεει
844 1214 1090 1254 credendum
1118 1227 1198 1252 non
1228 1220 1310 1261 cst;
1356 1221 1397 1253 et
1422 1214 1678 1255 verisimilius
1706 1209 1770 1254 vi-

335 1268 455 1306 detur
480 1268 601 1332 quod.
621 1269 717 1307 dicit
746 1276 899 1318 nostex,
934 1271 1260 1308 Cantacuzenum
1291 1268 1396 1308 filiae
1421 1269 1584 1323 nuptias
1612 1269 1772 1310 Orcha-

336 1325 376 1360 ni
403 1337 456 1374 pl
460 1324 695 1385 oposuisse,
722 1331 768 1362 ut
796 1324 961 1376 foedus,
1021 1323 1134 1376 quod
1161 1337 1255 1361 cum
1283 1337 1331 1362 eo
1360 1325 1527 1378 iungere
1561 1324 1768 1378 cupiebat,

334 1379 470 1415 air-timi
503 1378 668 1425 vinculo
705 1380 921 1432 stiingeret
967 1385 1007 1418 et
1035 1378 1268 1416 Olchanem
1310 1393 1334 1416 a
1359 1379 1488 1432 priori
1523 1393 1618 1418 cum
1645 1379 1771 1418 Anna

331 1439 450 1484 pacto
493 1438 710 1473 averteret
750 1432 982 1472 alliciendus
1029 1438 1117 1471 clat
1143 1433 1333 1484 princeps
1366 1433 1459 1484 ille3
1494 1447 1570 1474 nec
1600 1433 1768 1495 gratiori

331 1493 404 1525 aut
431 1487 607 1526 suavioii
637 1501 724 1526 esca
752 1501 844 1526 eum
873 1488 913 1526 in
943 1493 1079 1540 partes
1110 1500 1201 1525 suas
1232 1486 1396 1526 trahere
1423 1493 1587 1540 poterat
1621 1484 1769 1527 Cauta-

330 1555 529 1589 cuzenus,
577 1556 700 1595 quam
742 1544 978 1594 nuptiarum
1021 1554 1090 1604 spe
1136 1555 1184 1579 ac
1211 1541 1387 1594 ingentis
1414 1541 1522 1581 dotis
1551 1542 1769 1595 promissis.

330 1596 533 1634 Phranzes
571 1610 658 1648 cap.
696 1595 742 1636 15
770 1597 839 1635 lib.
872 1611 886 1635 1
937 1597 1007 1635 has
1036 1596 1143 1634 inter
1171 1595 1433 1647 imperatores
1461 1595 1684 1638 discordias
1716 1597 1769 1637 ad

331 1656 520 1702 tempora
556 1651 727 1690 Amerae
752 1652 926 1690 Moratis
951 1651 1051 1690 falso
1078 1650 1296 1701 transfert3
1325 1651 1436 1704 quod
1463 1651 1543 1691 hoc
1569 1652 1664 1692 loco
1693 1666 1769 1692 no-

330 1707 506 1744 tandum
540 1705 627 1744 fuit.

443 1759 491 1799 P.
509 1760 573 1808 55,
600 1760 660 1801 18.
681 1754 868 1806 ἐλθόντος
885 1759 931 1799 δὲ
955 1772 1029 1798 του
1011 1757 1420 1814 Καντακουζηνοῦ]
1447 1759 1697 1801 Adeundus
1686 1770 1768 1815 ipse

333 1816 546 1853 Cantacuz.
574 1815 640 1853 lib.
652 1816 676 1853 5
708 1828 795 1867 cap.
811 1829 878 1868 99,
910 1814 980 1853 ubi
1010 1814 1059 1852 de
1079 1827 1122 1852 se
1143 1814 1358 1853 modestius
1373 1815 1498 1853 verba
1524 1816 1618 1855 facit
1645 1830 1768 1869 quam

330 1877 472 1908 noster
502 1883 595 1908 eum
625 1869 862 1922 loquentem
895 1869 1064 1910 inducit.
1094 1867 1278 1908 hortatus
1304 1875 1363 1908 est
1392 1870 1586 1923 equidem
1609 1870 1769 1910 Annam

332 1932 378 1963 ut
404 1938 446 1962 se
487 1924 540 1962 ad
569 1923 673 1976 pacis
702 1925 952 1964 conditiones
981 1923 1128 1962 adduci
1160 1930 1387 1975 patenetm,
1416 1939 1516 1965 neve
1542 1924 1767 1978 pertinacia

331 1980 409 2019 sibi
436 1993 483 2016 ac
513 1978 651 2018 liberis
679 1979 831 2018 malum
864 1986 1089 2018 extremum
1119 1986 1350 2017 arcesseret.

441 2034 495 2071 P.
530 2034 596 2082 36,
626 2048 690 2073 20.
751 2031 789 2073 οἱ
823 2033 869 2072 δὲ
899 2033 973 2085 τῆς
1005 2029 1181 2085 πόλεως]
1213 2032 1423 2072 videndus
1452 2034 1667 2074 Cantacuz.
1697 2034 1765 2074 lib.

333 2088 358 2127 5
400 2102 488 2150 cap.
524 2088 603 2141 96,
639 2089 709 2127 ubi
753 2089 940 2141 queritur
975 2102 1017 2127 se
1059 2087 1312 2126 contumeliis
1356 2103 1379 2126 a
1417 2087 1587 2141 Cpoleos
1624 2088 1766 2129 incolis

331 2146 489 2195 saepius
517 2145 685 2195 petitum
713 2144 842 2182 fuisse.

441 2197 493 2236 P.
527 2200 594 2251 37,
626 2213 667 2252 7.
694 2195 864 2237 εἴσεισιν
890 2196 935 2237 ἓν
962 2197 1015 2251 τῇ
1046 2193 1179 2249 πόλει]
1214 2197 1424 2237 Cantacuz.
1451 2196 1524 2237 lib.
1545 2198 1567 2238 5
1596 2210 1680 2251 cap.
1695 2211 1765 2252 99.

334 2266 486 2291 annum
513 2253 566 2291 ad
595 2254 816 2308 maiginem
844 2254 1083 2292 notavimus.

443 2306 495 2345 P.
527 2308 597 2359 37,
627 2321 668 2361 9.
727 2309 821 2361 Cap.
859 2322 919 2350 10.
949 2308 1160 2348 Consentit
1191 2308 1352 2347 omnino
1381 2306 1675 2347 Cantacuzenus
1705 2305 1767 2346 his

333 2375 437 2414 quae
470 2370 690 2402 nari-antur
735 2377 759 2402 a
794 2364 922 2401 Duca.
952 2363 1160 2403 adeundus
1196 2369 1254 2402 est
1291 2377 1315 2400 a
1344 2375 1433 2415 cap.
1465 2373 1519 2415 99
1557 2361 1626 2400 lib.
1656 2362 1681 2401 5
1713 2361 1764 2401 ad

324 2430 423 2468 cap.
461 2431 506 2455 10
536 2417 605 2457 lib.
625 2417 661 2468 4.

443 2470 579 2520 P.38,
604 2486 639 2510 1.
661 2469 1027 2524 οἷνακεκαλυμμὲνῃ
1046 2485 1093 2525 τῃ
1078 2469 1299 2525 κορυφῇ]
1327 2471 1470 2510 Gestus
1490 2475 1549 2509 est
1564 2482 1765 2508 veneran-

334 2526 400 2571 tis,
433 2525 640 2564 salutantis
669 2534 708 2565 et
739 2525 917 2564 officium
939 2526 1172 2565 exhibentis.
1230 2525 1407 2565 Codinus
1434 2523 1694 2577 Curopalates
1714 2523 1764 2563 de

337 2578 439 2619 offic.
455 2580 580 2619 Palat.
594 2583 684 2632 Cp„
712 2581 783 2620 ubi
800 2581 849 2619 de
872 2581 1176 2620 Protovestiarii
1196 2579 1326 2620 officio
1348 2579 1444 2633 agit,
1460 2580 1593 2641 ipsum
1609 2579 1762 2617 nudato

334 2637 465 2686 capite
497 2635 544 2672 ad
586 2636 865 2687 imperatorem
908 2635 1100 2675 accedere
1129 2643 1241 2675 notat
1260 2665 1270 2685 ‚
1297 2642 1342 2673 ut
1370 2649 1392 2674 e
1420 2640 1531 2672 veste
1560 2633 1642 2672 eius
1669 2633 1762 2672 floc-

335 2703 406 2728 cos
433 2689 497 2728 vel
525 2690 683 2741 quidvis
711 2691 912 2738 sordium,
942 2692 974 2728 si
1004 2704 1117 2729 casus
1138 2693 1194 2729 ita
1223 2689 1388 2737 tulerit,
1419 2688 1604 2739 auferat3
1634 2690 1690 2726 ita
1719 2694 1764 2726 ut

335 2744 445 2798 apud
466 2746 641 2784 Graecos
671 2752 792 2798 caput
821 2745 976 2785 nudum
1003 2745 1151 2784 habere
1183 2743 1450 2784 venerationis
1476 2757 1591 2783 causa
1620 2744 1661 2782 in
1689 2755 1762 2781 usu
