1916 3210
343 136 457 203 364
811 157 994 200 nocu-
1035 157 1308 210 HISTORIA.

344 273 367 298 a
397 266 535 313 questa
575 258 862 314 expeditione,
909 257 1086 298 habiano
1127 258 1272 299 liberta
1299 258 1349 298 de
1378 272 1658 311 seccumapare
1685 262 1783 317 tutti

341 315 354 352 i
399 313 507 354 lochi
546 314 770 369 sottoposti
808 328 831 352 a
872 312 1171 365 Cathacusino,
1213 321 1252 354 et
1278 315 1292 353 i
1317 313 1467 354 subditi
1498 308 1574 354 ebe
1602 314 1784 368 prende..

341 382 444 407 rano
471 383 650 421 possano
692 368 866 409 vendere
903 374 943 406 et
974 368 1166 416 mandare
1194 368 1238 408 in
1263 368 1417 409 serviti]
1446 369 1497 408 da
1525 368 1637 423 longi
1664 368 1706 410 et
1732 370 1787 418 da

342 437 511 476 presso,
542 423 581 462 in
615 425 852 478 qualunque
880 436 1000 474 paese
1027 436 1228 464 von-anno.
1287 424 1458 463 Orchan
1487 422 1785 465 habian602‘in'..

343 484 430 516 tesa
459 479 537 517 tale
568 478 763 518 imbasata
781 506 793 528 ,
839 477 990 530 grande
1017 478 1195 530 alegreza
1219 484 1269 518 et·
1296 485 1626 519 contentamento
1654 477 1788 521 hebhe

341 533 408 571 nel
437 547 525 576 suo.
587 534 640 573 Et
662 546 779 572 come
814 532 950 585 quello
982 532 1057 572 che
1086 534 1343 586 longamente
1370 534 1500 574 havea
1529 533 1788 576 bavato-de-

344 587 508 641 syderio
536 594 576 626 et
604 594 688 627 sete
718 587 769 627 de
794 585 946 626 bevere
973 587 1076 627 delle
1105 589 1221 628 dolze
1247 587 1376 644 acqize
1403 589 1454 629 de
1483 589 1620 642 quella
1643 588 1787 640 fonte,

341 642 651 695 benignamente
690 643 719 681 li
758 655 947 694 respose‚
987 643 1304 695 promectendoli
1357 643 1407 683 ad
1447 643 1545 698 ogni
1586 642 1790 697 voglia'et

346 696 513 750 piacere
540 697 645 736 della
673 697 929 750 imperatrIce
953 698 1322 737 mandarliTurchi
1347 698 1585 742 diexemilia.
1614 699 1652 738 O
1681 713 1791 739 men-

342 759 384 791 te
414 751 554 804 ignare
592 752 642 790 de
671 751 817 806 poveri
866 758 908 791 et
934 753 1086 791 infelici
1116 755 1257 793 Greci!
1318 753 1403 794 Voi
1428 768 1511 793 non
1546 756 1683 794 saVete
1713 753 1790 794 che

342 820 574 845 vennenosa
607 807 698 846 bixa
729 807 921 860 prendete
950 822 973 846 a
1006 807 1271 847 domesticare
1299 814 1341 848 et
1367 808 1536 848 disiazar
1555 808 1620 848 uel
1647 814 1788 849 vostro

340 875 466 908 seno,
510 868 551 900 et
593 862 643 901 de
682 858 802 916 quale
829 861 957 901 herbe
999 863 1060 902 sia
1091 869 1303 916 composto
1332 863 1598 916 l'impiastro‚
1636 862 1712 904 che
1739 877 1791 903 ve

341 916 653 968 appar-ecchiate
692 931 843 970 ponere
881 917 959 957 alla
1003 925 1147 958 vostra
1189 920 1309 972 piaga
1348 919 1531 958 mortale.
1596 918 1790 958 Mandato

341 970 534 1025 adunque
563 971 731 1011 Orchan
763 979 804 1012 et
840 986 1051 1025 promesso
1098 987 1267 1012 numero
1289 972 1339 1013 de
1367 972 1582 1013 diecimilia
1603 972 1759 1012 Turchi
1777 1002 1789 1023 ,

343 1025 373 1064 li
404 1026 515 1079 quali
547 1029 693 1078 passati
723 1028 761 1067 el
806 1029 944 1067 canale
976 1027 1067 1067 dela
1094 1028 1304 1081 imperiale
1331 1029 1483 1068 cittade
1511 1028 1564 1068 da
1588 1027 1791 1067 Constan-

340 1080 607 1133 tinopolitani
634 1083 786 1122 forono
807 1097 883 1121 con
902 1083 1055 1137 grande»
1081 1084 1255 1136 alegreza
1288 1089 1330 1122 et
1357 1083 1457 1122 festa
1483 1082 1678 1131 rezevuti,
1706 1097 1795 1122 non-

344 1136 582 1175 altramente
611 1137 710 1176 ch’el
734 1137 908 1177 mentito
934 1138 1088 1178 cavallo
1119 1138 1170 1178 de
1182 1139 1349 1178 Pallade
1377 1138 1429 1177 da
1443 1138 1631 1178 Troiani.
1657 1137 1790 1186 Oime,

343 1190 547 1230 Bisantio!
580 1200 719 1245 questa
749 1194 770 1231 ὲ
806 1193 844 1231 la
873 1193 1046 1233 vicentia
1074 1194 1210 1242 fatale,
1241 1195 1281 1233 la
1310 1194 1431 1247 quale
1449 1194 1621 1233 convien
1645 1192 1720 1232 che
1746 1199 1792 1232 tu

288 1246 470 1285 321·ende
497 1260 519 1284 a
556 1246 751 1300 l'antiqua
778 1247 922 1288 Troia.
980 1249 1029 1288 Li
1062 1248 1222 1288 Turchi
1265 1248 1471 1287 habiando
1497 1248 1602 1289 vista
1632 1247 1673 1287 la
1691 1247 1792 1298 citis,

344 1300 384 1340 le
401 1314 520 1340 mure
546 1307 586 1340 et
617 1302 654 1340 le
673 1302 924 1353 munitione,
954 1303 1164 1342 usscirono
1191 1304 1283 1343 foro
1318 1303 1360 1342 in
1392 1317 1539 1356 campo
1570 1318 1592 1341 a
1621 1301 1792 1342 comba,-

344 1361 432 1394 tere
457 1363 601 1394 contra
619 1357 645 1395 li
666 1357 813 1396 nemici
844 1357 933 1396 dela
956 1358 1227 1411 imperatrice.
1257 1359 1321 1397 Da
1342 1358 1470 1397 l’altra
1491 1364 1604 1410 parte
1623 1359 1794 1404 Zuanne

343 1409 614 1450 Cathacusino
631 1439 642 1461 ,
685 1426 801 1451 come
840 1413 976 1465 quello
1006 1409 1080 1452 che
1109 1427 1177 1451 era
1209 1413 1314 1451 nelle
1343 1427 1436 1452 cose
1462 1410 1606 1452 bellice
1635 1411 1792 1462 pratico

343 1471 386 1504 et
412 1465 620 1515 valoroso‚
647 1466 792 1506 lassato
823 1467 851 1505 li
883 1467 947 1506 -soi
981 1466 1133 1506 castelli
1161 1467 1211 1506 de
1239 1467 1396 1505 homini
1428 1474 1467 1506 et
1497 1466 1684 1506 victualie
1709 1467 1791 1506 ben

341 1519 519 1567 forniti,
563 1535 639 1559 con
671 1521 710 1558 lu
744 1521 918 1560 exercito
956 1522 1060 1561 bene
1090 1521 1278 1562 ordinato
1309 1522 1360 1560 de
1390 1522 1574 1561 Serviani
1604 1529 1644 1560 et
1671 1521 1794 1561 Greci

342 1573 599 1614 all'incontro
631 1589 763 1614 venne
790 1575 869 1615 alla
894 1576 1083 1629 bataglia.
1150 1576 1205 1614 Al
1232 1577 1367 1629 primo
1398 1583 1437 1614 et
1464 1575 1641 1615 secundo
1673 1590 1794 1617 scon..

342 1636 409 1669 tro
439 1630 585 1668 nisuna
625 1630 780 1669 al'altra
821 1638 938 1683 parte
965 1631 1009 1670 fo
1037 1630 1262 1683 superiore.
1322 1629 1619 1678 Cathacusino‚
1649 1631 1793 1684 quanti

343 1685 501 1724 Turchi
529 1685 728 1724 venivano
756 1687 875 1738 presi,
907 1699 1019 1724 come
1048 1685 1199 1738 publici
1228 1684 1385 1724 inimici
1418 1685 1507 1724 dela
1535 1686 1625 1725 fede
1653 1686 1794 1724 catho-

343 1739 425 1779 lica
453 1746 494 1779 et
525 1739 631 1779 della
655 1754 726 1778 sua
749 1740 888 1793 patria
915 1741 1024 1780 fecea
1056 1741 1201 1782 morir.
1229 1740 1276 1778 Li
1305 1739 1427 1780 Greci
1452 1741 1593 1780 faceva
1619 1754 1692 1794 spo
1720 1740 1796 1780 lia-

344 1808 392 1833 re
414 1795 450 1833 le
477 1802 586 1834 veste
618 1801 656 1833 et
689 1795 726 1833 le
752 1809 884 1844 arme,
927 1802 966 1834 et
1003 1795 1103 1834 nudi
1137 1795 1166 1834 li
1191 1795 1437 1834 remandava
1466 1810 1490 1834 a
1511 1809 1630 1842 casa„
1671 1755 1743 1836 uffa
1767 1796 1798 1835 li

279 1893 293 1902 x
351 1849 508 1888 'Turchi
551 1849 792 1889 detrectanti
831 1851 870 1889 la
911 1849 1090 1902 bataglia
1130 1863 1209 1889 con
1247 1849 1546 1900 Cathacusino,
1581 1849 1796 1890 andavano

347 1905 588 1944 corsezando
609 1912 649 1943 et
681 1905 896 1944 robbando
919 1905 957 1944 le
981 1905 1093 1956 ville,
1113 1904 1300 1958 ligavano
1331 1904 1360 1944 li
1382 1917 1528 1958 prezon
1548 1904 1658 1944 l'uno
1686 1904 1796 1944 drie-

347 1965 392 1998 to
425 1960 593 2007 al’altro‚
619 1959 715 1998 tutti
747 1961 887 1999 strecti
919 1961 970 1999 ad
1002 1975 1084 1999 una
1112 1959 1266 2007 corda,
1297 1967 1336 1999 et
1378 1960 1483 2000 colla
1513 1960 1608 1999 fune
1631 1960 1666 1998 al
1694 1959 1798 2000 collo

346 2016 508 2054 avincta
536 2015 565 2054 li
594 2029 761 2053 menava
779 2030 802 2053 a
826 2016 1167 2068 Costantinopoli,
1194 2014 1352 2054 homini
1381 2022 1420 2054 et
1450 2014 1624 2064 femine,
1652 2029 1798 2068 gurzo-

349 2071 419 2120 ni,
452 2069 662 2122 provecti,
703 2069 913 2110 infanctuli
955 2071 1004 2109 da
1039 2066 1170 2117 tecta,
1216 2071 1320 2123 preti
1343 2076 1381 2109 et
1409 2070 1596 2117 caloriei‚
1631 2070 1796 2109 tul-mati

348 2131 389 2163 et
425 2125 581 2164 confusi
620 2139 738 2164 senza
776 2125 894 2164 alcun
930 2125 1098 2165 ordine:
1145 2138 1259 2163 come
1298 2125 1460 2179 piecore
1488 2131 1526 2163 et
1553 2125 1699 2177 agnelli
1730 2124 1797 2165 in.-

348 2181 518 2218 nocenti
543 2180 572 2219 li
605 2180 926 2228 conducevano,
976 2179 1222 2219 vendendoli
1266 2193 1339 2232 per
1372 2180 1466 2231 ogni
1502 2179 1616 2217 fiera.
1673 2179 1730 2218 Et
1756 2192 1798 2218 se

348 2247 424 2286 per
453 2236 557 2274 mala
593 2242 698 2273 sorte
721 2235 770 2273 de
796 2236 944 2274 alcuno
972 2250 1054 2274 non
1097 2249 1139 2274 se
1170 2235 1275 2273 fosse
1302 2240 1463 2273 trovato
1489 2241 1768 2285 comperatore
1786 2262 1798 2282 ,

349 2289 553 2329 venivano
594 2290 742 2335 battuti
781 2290 861 2329 fine
899 2291 961 2329 ala
1001 2290 1101 2328 dura
1139 2296 1283 2331 morte.
1349 2289 1404 2327 Et
1438 2294 1584 2342 questo
1624 2302 1707 2327 non
1746 2287 1796 2326 ad

349 2344 461 2382 altro·
490 2345 596 2393 fine,
627 2359 668 2384 se
697 2359 778 2383 non
806 2345 880 2383 che
908 2345 934 2384 li
965 2345 1185 2396 spectatori
1214 2357 1284 2396 per
1305 2343 1343 2382 la
1372 2342 1574 2381 crudelith
1596 2342 1700 2382 delle
1733 2343 1799 2380 in-

349 2399 523 2438 cendose
549 2400 753 2438 batteture
792 2414 863 2452 per
899 2400 1007 2452 pieta
1039 2413 1080 2438 se
1109 2412 1340 2437 movesseno
1378 2411 1400 2436 a
1424 2396 1684 2449 compararli.
1742 2397 1799 2436 Et

350 2452 474 2506 quelli
510 2454 585 2493 che
618 2454 730 2507 dopo
755 2455 881 2493 molte
905 2455 1020 2494 bottc
1049 2468 1129 2492 non
1170 2453 1366 2493 venivano
1392 2451 1659 2503 comparati‚·
1679 2451 1708 2490 li
1735 2451 1796 2489 fa-

350 2522 500 2546 zevano
528 2523 666 2560 passar
692 2510 728 2548 el
760 2509 923 2556 canale,
961 2516 1002 2548 et
1035 2509 1262 2548 mandavali
1309 2509 1351 2546 in
1376 2507 1520 2545 Pursia
1557 2513 1597 2545 et
1629 2505 1670 2544 in
1697 2506 1794 2545 Asia

348 2559 631 2611 mazore,'ove
664 2564 699 2603 el
727 2564 883 2603 destino
909 2564 959 2603 de
983 2564 1080 2603 cade
1104 2578 1185 2602 uuo
1216 2564 1239 2602 li
1273 2569 1449 2614 portava
1480 2560 1533 2599 ad
1561 2575 1666 2599 esser
1697 2574 1797 2599 ven-

295 2625 339 2659 33
353 2617 438 2656 duti
470 2617 546 2655 alle
592 2618 763 2658 barbare
808 2621 984 2658 natione.
1042 2619 1189 2667 Oimh,
1222 2618 1295 2656 che
1319 2615 1543 2669 spectaculo
1569 2614 1798 2654 miserabile

351 2686 418 2711 era
445 2673 495 2710 ad
530 2673 651 2710 veder
683 2674 708 2711 li
735 2673 923 2725 supplicii
959 2681 996 2712 et
1021 2675 1031 2711 i
1065 2672 1257 2712 tormenti
1290 2679 1328 2711 et
1352 2672 1388 2710 le
1418 2677 1548 2709 morte
1577 2669 1795 2723 sanguina-

352 2728 413 2767 rie
431 2727 522 2766 delli
542 2727 674 2766 miseri
702 2729 835 2771 Grec-l.
868 2729 962 2766 Nou
985 2743 1025 2768 se
1054 2728 1185 2767 aldiva
1208 2729 1309 2768 altro
1334 2726 1406 2767 che
1432 2725 1565 2778 doglie
1595 2732 1635 2765 et
1652 2724 1795 2778 piauii.
