<?xml version="1.0" encoding="UTF-8"?>
<!DOCTYPE html PUBLIC "-//W3C//DTD XHTML 1.0 Transitional//EN"
    "http://www.w3.org/TR/xhtml1/DTD/xhtml1-transitional.dtd">
<html xmlns="http://www.w3.org/1999/xhtml" xml:lang="en" lang="en">
 <head>
  <title>
</title>
<meta http-equiv="Content-Type" content="text/html;charset=utf-8" />
  <meta name='ocr-system' content='tesseract 3.04.00' />
  <meta name='ocr-capabilities' content='ocr_page ocr_carea ocr_par ocr_line ocrx_word'/>
</head>
<body>
  <div class='ocr_page' id='page_1' title='image "./corpusscriptorum11niebuoft_0597.png"; bbox 0 0 1890 3204; ppageno 0'>
   <div class='ocr_carea' id='block_1_1' title="bbox 483 174 1600 251">
    <p class='ocr_par' dir='ltr' id='par_1_1' title="bbox 483 174 1600 251">
     <span class='ocr_line' id='line_1_1' title="bbox 483 174 1600 251; baseline -0.008 -18"><span class='ocrx_word' id='word_1_1' title='bbox 483 191 559 233; x_wconf 78' lang='grc' dir='ltr'>ΑΙ)</span> <span class='ocrx_word' id='word_1_2' title='bbox 600 191 720 235; x_wconf 69' lang='grc' dir='ltr'><strong>οΑΡ.</strong></span> <span class='ocrx_word' id='word_1_3' title='bbox 743 192 893 233; x_wconf 77' lang='lat' dir='ltr'>=xxn.</span> <span class='ocrx_word' id='word_1_4' title='bbox 934 190 1132 234; x_wconf 69' lang='lat' dir='ltr'><strong><em>NOTAE.</em></strong></span> <span class='ocrx_word' id='word_1_5' title='bbox 1482 174 1600 251; x_wconf 82' lang='lat'>579.</span> 
     </span>
    </p>
   </div>
   <div class='ocr_carea' id='block_1_2' title="bbox 84 291 1616 1346">
    <p class='ocr_par' dir='ltr' id='par_1_2' title="bbox 133 291 1602 832">
     <span class='ocr_line' id='line_1_2' title="bbox 141 291 1602 350; baseline 0.001 -15"><span class='ocrx_word' id='word_1_6' title='bbox 141 294 369 350; x_wconf 66' lang='lat' dir='ltr'>legitinmm</span> <span class='ocrx_word' id='word_1_7' title='bbox 385 307 481 334; x_wconf 76' lang='lat' dir='ltr'>eum</span> <span class='ocrx_word' id='word_1_8' title='bbox 490 293 629 342; x_wconf 77' lang='lat' dir='ltr'>,fuisse</span> <span class='ocrx_word' id='word_1_9' title='bbox 661 294 802 334; x_wconf 86' lang='lat' dir='ltr'>asserit</span> <span class='ocrx_word' id='word_1_10' title='bbox 822 295 1072 349; x_wconf 81' lang='lat' dir='ltr'>Moratisque</span> <span class='ocrx_word' id='word_1_11' title='bbox 1097 293 1262 335; x_wconf 87' lang='lat' dir='ltr'>secundi</span> <span class='ocrx_word' id='word_1_12' title='bbox 1290 291 1487 348; x_wconf 77' lang='lat' dir='ltr'>patruum</span> <span class='ocrx_word' id='word_1_13' title='bbox 1504 326 1516 347; x_wconf 89' lang='lat'>‚</span> <span class='ocrx_word' id='word_1_14' title='bbox 1547 292 1602 336; x_wconf 77' lang='lat' dir='ltr'>ab&#39;</span> 
     </span>
     <span class='ocr_line' id='line_1_3' title="bbox 142 348 1601 405; baseline 0 -15"><span class='ocrx_word' id='word_1_15' title='bbox 142 364 276 405; x_wconf 69' lang='lat' dir='ltr'>eoque</span> <span class='ocrx_word' id='word_1_16' title='bbox 309 352 465 390; x_wconf 65' lang='lat' dir='ltr'>victum</span> <span class='ocrx_word' id='word_1_17' title='bbox 502 355 543 387; x_wconf 90' lang='lat' dir='ltr'>et</span> <span class='ocrx_word' id='word_1_18' title='bbox 567 348 884 403; x_wconf 76' lang='lat' dir='ltr'>strangulatum.</span> <span class='ocrx_word' id='word_1_19' title='bbox 915 349 1120 390; x_wconf 84' lang='lat' dir='ltr'>Laonicus</span> <span class='ocrx_word' id='word_1_20' title='bbox 1150 350 1221 394; x_wconf 86' lang='lat' dir='ltr'>lib.</span> <span class='ocrx_word' id='word_1_21' title='bbox 1242 352 1296 402; x_wconf 55' lang='lat'>45</span> <span class='ocrx_word' id='word_1_22' title='bbox 1327 350 1601 405; x_wconf 80' lang='grc' dir='ltr'><em>Μουσταφᾶς</em></span> 
     </span>
     <span class='ocr_line' id='line_1_4' title="bbox 142 399 1600 460; baseline 0 -14"><span class='ocrx_word' id='word_1_23' title='bbox 142 406 191 459; x_wconf 76' lang='grc' dir='ltr'>γέ</span> <span class='ocrx_word' id='word_1_24' title='bbox 219 418 284 446; x_wconf 79' lang='grc' dir='ltr'>τοι</span> <span class='ocrx_word' id='word_1_25' title='bbox 315 402 336 444; x_wconf 78' lang='lat' dir='ltr'>o‘</span> <span class='ocrx_word' id='word_1_26' title='bbox 365 404 450 446; x_wconf 73' lang='grc' dir='ltr'>τῶν</span> <span class='ocrx_word' id='word_1_27' title='bbox 471 402 731 456; x_wconf 73' lang='grc' dir='ltr'><em>Παιαζήτεω</em></span> <span class='ocrx_word' id='word_1_28' title='bbox 759 403 923 444; x_wconf 68' lang='grc' dir='ltr'><em>παάῖων</em></span> <span class='ocrx_word' id='word_1_29' title='bbox 950 399 1034 455; x_wconf 81' lang='grc' dir='ltr'><em>εἷς,</em></span> <span class='ocrx_word' id='word_1_30' title='bbox 1069 406 1267 446; x_wconf 78' lang='lat' dir='ltr'>Baiazieis</span> <span class='ocrx_word' id='word_1_31' title='bbox 1279 403 1474 460; x_wconf 82' lang='lat' dir='ltr'>filiorum</span> <span class='ocrx_word' id='word_1_32' title='bbox 1501 421 1600 446; x_wconf 75' lang='lat' dir='ltr'>unus</span> 
     </span>
     <span class='ocr_line' id='line_1_5' title="bbox 139 459 1600 516; baseline -0.002 -16"><span class='ocrx_word' id='word_1_33' title='bbox 139 459 394 516; x_wconf 70' lang='lat' dir='ltr'>Mmtaplzas.</span> <span class='ocrx_word' id='word_1_34' title='bbox 414 459 551 499; x_wconf 72' lang='lat' dir='ltr'>Duces</span> <span class='ocrx_word' id='word_1_35' title='bbox 569 461 725 512; x_wconf 83' lang='lat' dir='ltr'>pariter</span> <span class='ocrx_word' id='word_1_36' title='bbox 746 460 856 500; x_wconf 89' lang='lat' dir='ltr'>illius</span> <span class='ocrx_word' id='word_1_37' title='bbox 881 460 1012 500; x_wconf 81' lang='lat' dir='ltr'>filium</span> <span class='ocrx_word' id='word_1_38' title='bbox 1038 461 1156 501; x_wconf 85' lang='lat' dir='ltr'>fuisse</span> <span class='ocrx_word' id='word_1_39' title='bbox 1175 463 1332 506; x_wconf 85' lang='lat' dir='ltr'>asserit,</span> <span class='ocrx_word' id='word_1_40' title='bbox 1365 459 1492 516; x_wconf 83' lang='lat' dir='ltr'>idque</span> <span class='ocrx_word' id='word_1_41' title='bbox 1523 462 1600 501; x_wconf 82' lang='lat' dir='ltr'>ad..</span> 
     </span>
     <span class='ocr_line' id='line_1_6' title="bbox 142 513 1601 570; baseline 0.001 -14"><span class='ocrx_word' id='word_1_42' title='bbox 142 529 291 556; x_wconf 83' lang='lat' dir='ltr'>versus</span> <span class='ocrx_word' id='word_1_43' title='bbox 319 513 588 556; x_wconf 72' lang='lat' dir='ltr'><strong>reclamantes</strong></span> <span class='ocrx_word' id='word_1_44' title='bbox 615 515 778 555; x_wconf 89' lang='lat' dir='ltr'>Turcos</span> <span class='ocrx_word' id='word_1_45' title='bbox 824 517 1048 558; x_wconf 83' lang='lat' dir='ltr'>contendit.</span> <span class='ocrx_word' id='word_1_46' title='bbox 1105 515 1374 556; x_wconf 82' lang='lat' dir='ltr'>Leunclavius</span> <span class='ocrx_word' id='word_1_47' title='bbox 1405 531 1529 570; x_wconf 88' lang='lat' dir='ltr'>porro</span> <span class='ocrx_word' id='word_1_48' title='bbox 1560 523 1601 558; x_wconf 85' lang='lat' dir='ltr'>et</span> 
     </span>
     <span class='ocr_line' id='line_1_7' title="bbox 142 570 1602 623; baseline -0.001 -11"><span class='ocrx_word' id='word_1_49' title='bbox 142 570 354 612; x_wconf 73' lang='lat' dir='ltr'>Phranzes</span> <span class='ocrx_word' id='word_1_50' title='bbox 389 583 484 610; x_wconf 84' lang='lat' dir='ltr'>eum</span> <span class='ocrx_word' id='word_1_51' title='bbox 511 570 738 610; x_wconf 82' lang='lat' dir='ltr'>innotuisse</span> <span class='ocrx_word' id='word_1_52' title='bbox 769 571 846 610; x_wconf 88' lang='lat' dir='ltr'>sub</span> <span class='ocrx_word' id='word_1_53' title='bbox 880 572 1108 616; x_wconf 81' lang='lat' dir='ltr'>Morate.11</span> <span class='ocrx_word' id='word_1_54' title='bbox 1137 571 1422 623; x_wconf 80' lang='lat' dir='ltr'>tradiderunt,</span> <span class='ocrx_word' id='word_1_55' title='bbox 1454 573 1602 612; x_wconf 87' lang='lat' dir='ltr'>Laoui-</span> 
     </span>
     <span class='ocr_line' id='line_1_8' title="bbox 147 624 1602 681; baseline 0.001 -15"><span class='ocrx_word' id='word_1_56' title='bbox 147 640 222 667; x_wconf 79' lang='lat' dir='ltr'>cus</span> <span class='ocrx_word' id='word_1_57' title='bbox 248 626 327 666; x_wconf 84' lang='lat' dir='ltr'>sub</span> <span class='ocrx_word' id='word_1_58' title='bbox 353 624 586 666; x_wconf 72' lang='lat' dir='ltr'>Mnhomete</span> <span class='ocrx_word' id='word_1_59' title='bbox 617 626 786 666; x_wconf 84' lang='lat' dir='ltr'>Moratis</span> <span class='ocrx_word' id='word_1_60' title='bbox 831 633 978 679; x_wconf 77' lang='lat' dir='ltr'>patre3</span> <span class='ocrx_word' id='word_1_61' title='bbox 1009 642 1090 680; x_wconf 81' lang='lat' dir='ltr'>qua</span> <span class='ocrx_word' id='word_1_62' title='bbox 1123 627 1164 666; x_wconf 91' lang='lat' dir='ltr'>in</span> <span class='ocrx_word' id='word_1_63' title='bbox 1195 633 1311 681; x_wconf 84' lang='lat' dir='ltr'>parte</span> <span class='ocrx_word' id='word_1_64' title='bbox 1337 640 1430 666; x_wconf 89' lang='lat' dir='ltr'>cum</span> <span class='ocrx_word' id='word_1_65' title='bbox 1461 635 1602 668; x_wconf 86' lang='lat' dir='ltr'>nostro</span> 
     </span>
     <span class='ocr_line' id='line_1_9' title="bbox 133 680 1602 735; baseline 0.001 -13"><span class='ocrx_word' id='word_1_66' title='bbox 133 683 285 727; x_wconf 62' lang='lat' dir='ltr'>,senne</span> <span class='ocrx_word' id='word_1_67' title='bbox 325 686 452 735; x_wconf 60' lang='lat' dir='ltr'>atque</span> <span class='ocrx_word' id='word_1_68' title='bbox 479 680 520 719; x_wconf 90' lang='lat' dir='ltr'>in</span> <span class='ocrx_word' id='word_1_69' title='bbox 540 681 782 722; x_wconf 81' lang='lat' dir='ltr'>enarrandis</span> <span class='ocrx_word' id='word_1_70' title='bbox 809 681 1044 735; x_wconf 77' lang='lat' dir='ltr'>primordiis</span> <span class='ocrx_word' id='word_1_71' title='bbox 1074 682 1274 722; x_wconf 82' lang='lat' dir='ltr'>tumultus</span> <span class='ocrx_word' id='word_1_72' title='bbox 1305 683 1357 723; x_wconf 87' lang='lat' dir='ltr'>ab</span> <span class='ocrx_word' id='word_1_73' title='bbox 1393 683 1473 723; x_wconf 89' lang='lat' dir='ltr'>isto</span> <span class='ocrx_word' id='word_1_74' title='bbox 1505 685 1602 723; x_wconf 83' lang='lat' dir='ltr'>Mu-</span> 
     </span>
     <span class='ocr_line' id='line_1_10' title="bbox 140 735 1602 794; baseline 0.001 -17"><span class='ocrx_word' id='word_1_75' title='bbox 140 736 287 791; x_wconf 76' lang='lat' dir='ltr'>staplm</span> <span class='ocrx_word' id='word_1_76' title='bbox 313 736 504 783; x_wconf 77' lang='lat' dir='ltr'>excitati,</span> <span class='ocrx_word' id='word_1_77' title='bbox 539 735 706 777; x_wconf 87' lang='lat' dir='ltr'>Cineitis</span> <span class='ocrx_word' id='word_1_78' title='bbox 745 737 796 776; x_wconf 88' lang='lat' dir='ltr'>ad</span> <span class='ocrx_word' id='word_1_79' title='bbox 826 739 912 777; x_wconf 89' lang='lat' dir='ltr'>eius</span> <span class='ocrx_word' id='word_1_80' title='bbox 944 743 1077 791; x_wconf 83' lang='lat' dir='ltr'>partes</span> <span class='ocrx_word' id='word_1_81' title='bbox 1105 740 1277 778; x_wconf 86' lang='lat' dir='ltr'>transitu</span> <span class='ocrx_word' id='word_1_82' title='bbox 1307 739 1602 794; x_wconf 82' lang='lat' dir='ltr'>amborumque</span> 
     </span>
     <span class='ocr_line' id='line_1_11' title="bbox 142 791 653 832; baseline -0.002 0"><span class='ocrx_word' id='word_1_83' title='bbox 142 805 308 832; x_wconf 77' lang='lat' dir='ltr'>camere</span> <span class='ocrx_word' id='word_1_84' title='bbox 333 791 549 831; x_wconf 84' lang='lat' dir='ltr'>mediocris</span> <span class='ocrx_word' id='word_1_85' title='bbox 577 798 653 831; x_wconf 90' lang='lat' dir='ltr'>est.</span> 
     </span>
    </p>

    <p class='ocr_par' dir='ltr' id='par_1_3' title="bbox 84 843 1616 1346">
     <span class='ocr_line' id='line_1_12' title="bbox 254 843 1604 905; baseline -0.001 -16"><span class='ocrx_word' id='word_1_86' title='bbox 254 846 307 889; x_wconf 85' lang='lat' dir='ltr'>P.</span> <span class='ocrx_word' id='word_1_87' title='bbox 346 860 439 901; x_wconf 79' lang='lat'><strong>¹17,</strong></span> <span class='ocrx_word' id='word_1_88' title='bbox 470 860 536 886; x_wconf 81' lang='lat'>21.</span> <span class='ocrx_word' id='word_1_89' title='bbox 593 846 724 899; x_wconf 80' lang='grc' dir='ltr'><em>μέχρι</em></span> <span class='ocrx_word' id='word_1_90' title='bbox 749 843 823 886; x_wconf 83' lang='grc' dir='ltr'><strong><em>καί</em></strong></span> <span class='ocrx_word' id='word_1_91' title='bbox 848 847 933 887; x_wconf 79' lang='grc' dir='ltr'>τῶν</span> <span class='ocrx_word' id='word_1_92' title='bbox 962 848 1106 887; x_wconf 76' lang='grc' dir='ltr'><em>πυλῶν</em></span> <span class='ocrx_word' id='word_1_93' title='bbox 1137 847 1466 905; x_wconf 77' lang='grc' dir='ltr'><strong><em>Θεσσαλονίκης]</em></strong></span> <span class='ocrx_word' id='word_1_94' title='bbox 1499 850 1604 888; x_wconf 85' lang='lat' dir='ltr'>Lao-</span> 
     </span>
     <span class='ocr_line' id='line_1_13' title="bbox 148 902 1603 958; baseline 0.001 -16"><span class='ocrx_word' id='word_1_95' title='bbox 148 904 264 943; x_wconf 84' lang='lat' dir='ltr'>nicus</span> <span class='ocrx_word' id='word_1_96' title='bbox 286 902 394 944; x_wconf 86' lang='lat' dir='ltr'>,dicit</span> <span class='ocrx_word' id='word_1_97' title='bbox 419 902 644 941; x_wconf 85' lang='lat' dir='ltr'>Thermam</span> <span class='ocrx_word' id='word_1_98' title='bbox 670 904 828 942; x_wconf 88' lang='lat' dir='ltr'>venisse</span> <span class='ocrx_word' id='word_1_99' title='bbox 847 933 858 949; x_wconf 86' lang='lat'>‚</span> <span class='ocrx_word' id='word_1_100' title='bbox 890 910 1029 957; x_wconf 86' lang='lat' dir='ltr'>captos</span> <span class='ocrx_word' id='word_1_101' title='bbox 1058 904 1219 958; x_wconf 86' lang='lat' dir='ltr'>Cpolim</span> <span class='ocrx_word' id='word_1_102' title='bbox 1248 905 1446 945; x_wconf 87' lang='lat' dir='ltr'>deductos</span> <span class='ocrx_word' id='word_1_103' title='bbox 1470 906 1603 944; x_wconf 80' lang='lat' dir='ltr'>fuisse:</span> 
     </span>
     <span class='ocr_line' id='line_1_14' title="bbox 147 957 1608 1012; baseline 0.001 -14"><span class='ocrx_word' id='word_1_104' title='bbox 147 971 295 998; x_wconf 78' lang='lat' dir='ltr'>verum</span> <span class='ocrx_word' id='word_1_105' title='bbox 334 957 514 997; x_wconf 86' lang='lat' dir='ltr'>auctoris</span> <span class='ocrx_word' id='word_1_106' title='bbox 549 958 678 997; x_wconf 81' lang='lat' dir='ltr'>nostri</span> <span class='ocrx_word' id='word_1_107' title='bbox 708 958 890 998; x_wconf 83' lang='lat' dir='ltr'>narratio</span> <span class='ocrx_word' id='word_1_108' title='bbox 928 959 1101 1012; x_wconf 88' lang='lat' dir='ltr'>amplior</span> <span class='ocrx_word' id='word_1_109' title='bbox 1130 967 1191 999; x_wconf 86' lang='lat' dir='ltr'>est</span> <span class='ocrx_word' id='word_1_110' title='bbox 1220 967 1260 999; x_wconf 89' lang='lat' dir='ltr'>et</span> <span class='ocrx_word' id='word_1_111' title='bbox 1289 960 1608 999; x_wconf 72' lang='lat' dir='ltr'>circumstantiis</span> 
     </span>
     <span class='ocr_line' id='line_1_15' title="bbox 148 1011 1608 1067; baseline 0 -13"><span class='ocrx_word' id='word_1_112' title='bbox 148 1013 348 1067; x_wconf 73' lang='lat' dir='ltr'>appositis</span> <span class='ocrx_word' id='word_1_113' title='bbox 374 1011 563 1052; x_wconf 86' lang='lat' dir='ltr'>lucidior.</span> <span class='ocrx_word' id='word_1_114' title='bbox 595 1013 636 1051; x_wconf 88' lang='lat' dir='ltr'>in</span> <span class='ocrx_word' id='word_1_115' title='bbox 668 1015 849 1067; x_wconf 77' lang='lat' dir='ltr'>margine</span> <span class='ocrx_word' id='word_1_116' title='bbox 879 1014 978 1053; x_wconf 86' lang='lat' dir='ltr'>editi</span> <span class='ocrx_word' id='word_1_117' title='bbox 1011 1015 1174 1054; x_wconf 87' lang='lat' dir='ltr'>Laonici</span> <span class='ocrx_word' id='word_1_118' title='bbox 1208 1030 1315 1054; x_wconf 88' lang='lat' dir='ltr'>anno</span> <span class='ocrx_word' id='word_1_119' title='bbox 1352 1016 1454 1055; x_wconf 80' lang='lat'>1615</span> <span class='ocrx_word' id='word_1_120' title='bbox 1485 1016 1608 1054; x_wconf 90' lang='lat' dir='ltr'>Colo-</span> 
     </span>
     <span class='ocr_line' id='line_1_16' title="bbox 146 1066 1609 1121; baseline 0.001 -13"><span class='ocrx_word' id='word_1_121' title='bbox 146 1070 242 1109; x_wconf 83' lang='lat' dir='ltr'>niae</span> <span class='ocrx_word' id='word_1_122' title='bbox 294 1066 567 1121; x_wconf 83' lang='lat' dir='ltr'><strong>Allobrogum</strong></span> <span class='ocrx_word' id='word_1_123' title='bbox 618 1069 799 1108; x_wconf 88' lang='lat' dir='ltr'>Therma</span> <span class='ocrx_word' id='word_1_124' title='bbox 851 1077 1016 1108; x_wconf 85' lang='lat' dir='ltr'>vocatur</span> <span class='ocrx_word' id='word_1_125' title='bbox 1062 1070 1381 1110; x_wconf 80' lang='lat' dir='ltr'>Thessalonica:</span> <span class='ocrx_word' id='word_1_126' title='bbox 1429 1071 1609 1109; x_wconf 84' lang='lat' dir='ltr'>Therma</span> 
     </span>
     <span class='ocr_line' id='line_1_17' title="bbox 84 1123 1611 1179; baseline 0 -15"><span class='ocrx_word' id='word_1_127' title='bbox 84 1174 89 1177; x_wconf 65' lang='lat'>‚</span> <span class='ocrx_word' id='word_1_128' title='bbox 147 1123 339 1178; x_wconf 75' lang='lat' dir='ltr'>equidem</span> <span class='ocrx_word' id='word_1_129' title='bbox 367 1139 392 1163; x_wconf 83' lang='lat' dir='ltr'>a</span> <span class='ocrx_word' id='word_1_130' title='bbox 417 1123 707 1164; x_wconf 82' lang='lat' dir='ltr'>Thessalonica</span> <span class='ocrx_word' id='word_1_131' title='bbox 735 1138 818 1163; x_wconf 91' lang='lat' dir='ltr'>non</span> <span class='ocrx_word' id='word_1_132' title='bbox 848 1124 969 1179; x_wconf 82' lang='lat' dir='ltr'>longe</span> <span class='ocrx_word' id='word_1_133' title='bbox 998 1125 1132 1173; x_wconf 85' lang='lat' dir='ltr'>abest,</span> <span class='ocrx_word' id='word_1_134' title='bbox 1163 1133 1203 1164; x_wconf 85' lang='lat' dir='ltr'>et</span> <span class='ocrx_word' id='word_1_135' title='bbox 1230 1127 1342 1165; x_wconf 85' lang='lat' dir='ltr'>sinus</span> <span class='ocrx_word' id='word_1_136' title='bbox 1374 1125 1611 1165; x_wconf 87' lang='lat' dir='ltr'>Thermaici</span> 
     </span>
     <span class='ocr_line' id='line_1_18' title="bbox 146 1178 1616 1234; baseline 0 -14"><span class='ocrx_word' id='word_1_137' title='bbox 146 1181 231 1220; x_wconf 78' lang='lat' dir='ltr'>oris</span> <span class='ocrx_word' id='word_1_138' title='bbox 264 1185 440 1233; x_wconf 82' lang='lat' dir='ltr'>utraque</span> <span class='ocrx_word' id='word_1_139' title='bbox 481 1178 654 1219; x_wconf 83' lang='lat' dir='ltr'>adiacet.</span> <span class='ocrx_word' id='word_1_140' title='bbox 696 1180 990 1233; x_wconf 82' lang='lat' dir='ltr'>posterioribus</span> <span class='ocrx_word' id='word_1_141' title='bbox 1036 1181 1296 1234; x_wconf 78' lang='lat' dir='ltr'>temporibus</span> <span class='ocrx_word' id='word_1_142' title='bbox 1323 1180 1616 1221; x_wconf 81' lang='lat' dir='ltr'>Thessalonica</span> 
     </span>
     <span class='ocr_line' id='line_1_19' title="bbox 148 1233 1612 1289; baseline 0 -14"><span class='ocrx_word' id='word_1_143' title='bbox 148 1233 358 1289; x_wconf 77' lang='lat' dir='ltr'>appellata</span> <span class='ocrx_word' id='word_1_144' title='bbox 398 1242 456 1275; x_wconf 79' lang='lat' dir='ltr'>est</span> <span class='ocrx_word' id='word_1_145' title='bbox 487 1248 594 1289; x_wconf 83' lang='lat' dir='ltr'>q-uae</span> <span class='ocrx_word' id='word_1_146' title='bbox 636 1234 737 1274; x_wconf 92' lang='lat' dir='ltr'>olim</span> <span class='ocrx_word' id='word_1_147' title='bbox 766 1235 972 1283; x_wconf 89' lang='lat' dir='ltr'>Therma,</span> <span class='ocrx_word' id='word_1_148' title='bbox 1003 1237 1034 1275; x_wconf 91' lang='lat' dir='ltr'>si</span> <span class='ocrx_word' id='word_1_149' title='bbox 1062 1250 1209 1276; x_wconf 87' lang='lat' dir='ltr'>verum</span> <span class='ocrx_word' id='word_1_150' title='bbox 1239 1243 1301 1276; x_wconf 84' lang='lat' dir='ltr'>est</span> <span class='ocrx_word' id='word_1_151' title='bbox 1332 1237 1612 1276; x_wconf 83' lang='lat' dir='ltr'>testimonium</span> 
     </span>
     <span class='ocr_line' id='line_1_20' title="bbox 147 1289 1611 1346; baseline 0.001 -16"><span class='ocrx_word' id='word_1_152' title='bbox 147 1291 351 1338; x_wconf 59' lang='lat' dir='ltr'>auctum,</span> <span class='ocrx_word' id='word_1_153' title='bbox 379 1291 469 1344; x_wconf 64' lang='lat' dir='ltr'>&gt;qui</span> <span class='ocrx_word' id='word_1_154' title='bbox 510 1289 751 1344; x_wconf 82' lang='lat' dir='ltr'>Catalogum</span> <span class='ocrx_word' id='word_1_155' title='bbox 793 1290 1010 1343; x_wconf 72' lang='lat' dir='ltr'>descripsit</span> <span class='ocrx_word' id='word_1_156' title='bbox 1048 1292 1218 1331; x_wconf 80' lang='lat' dir='ltr'>urbium</span> <span class='ocrx_word' id='word_1_157' title='bbox 1247 1291 1404 1346; x_wconf 83' lang='lat' dir='ltr'>aliquot</span> <span class='ocrx_word' id='word_1_158' title='bbox 1433 1306 1611 1346; x_wconf 90' lang='lat' dir='ltr'>quorum</span> 
     </span>
    </p>
   </div>
   <div class='ocr_carea' id='block_1_3' title="bbox 71 1342 1610 1401">
    <p class='ocr_par' dir='ltr' id='par_1_4' title="bbox 71 1342 1610 1401">
     <span class='ocr_line' id='line_1_21' title="bbox 71 1342 1610 1401; baseline 0.001 -16"><span class='ocrx_word' id='word_1_159' title='bbox 71 1364 75 1367; x_wconf 92' lang='lat'>·</span> <span class='ocrx_word' id='word_1_160' title='bbox 147 1347 314 1385; x_wconf 84' lang='lat' dir='ltr'>nomina</span> <span class='ocrx_word' id='word_1_161' title='bbox 350 1351 508 1384; x_wconf 83' lang='lat' dir='ltr'>mutata</span> <span class='ocrx_word' id='word_1_162' title='bbox 545 1352 666 1385; x_wconf 86' lang='lat' dir='ltr'>sunt:</span> <span class='ocrx_word' id='word_1_163' title='bbox 709 1344 856 1398; x_wconf 84' lang='grc' dir='ltr'><em>Θέρμη</em></span> <span class='ocrx_word' id='word_1_164' title='bbox 896 1342 971 1385; x_wconf 84' lang='grc' dir='ltr'><em>καί</em></span> <span class='ocrx_word' id='word_1_165' title='bbox 1003 1345 1196 1398; x_wconf 73' lang='grc' dir='ltr'><em>Ἠμαθία</em></span> <span class='ocrx_word' id='word_1_166' title='bbox 1239 1345 1265 1400; x_wconf 82' lang='grc' dir='ltr'><em>ἦ</em></span> <span class='ocrx_word' id='word_1_167' title='bbox 1308 1345 1610 1401; x_wconf 69' lang='grc' dir='ltr'><strong><em>Θεσσαλονίκη.</em></strong></span> 
     </span>
    </p>
   </div>
   <div class='ocr_carea' id='block_1_4' title="bbox 148 1399 1746 2837">
    <p class='ocr_par' dir='ltr' id='par_1_5' title="bbox 151 1399 941 1454">
     <span class='ocr_line' id='line_1_22' title="bbox 151 1399 941 1454; baseline -0.003 -12"><span class='ocrx_word' id='word_1_168' title='bbox 151 1407 262 1442; x_wconf 82' lang='lat' dir='ltr'>extat</span> <span class='ocrx_word' id='word_1_169' title='bbox 288 1403 332 1440; x_wconf 87' lang='lat' dir='ltr'>in</span> <span class='ocrx_word' id='word_1_170' title='bbox 361 1401 434 1441; x_wconf 89' lang='lat' dir='ltr'>MS</span> <span class='ocrx_word' id='word_1_171' title='bbox 463 1399 538 1440; x_wconf 85' lang='lat' dir='ltr'>lib.</span> <span class='ocrx_word' id='word_1_172' title='bbox 574 1401 680 1451; x_wconf 75' lang='lat'>1334</span> <span class='ocrx_word' id='word_1_173' title='bbox 707 1399 941 1454; x_wconf 83' lang='lat' dir='ltr'>bibl..Reg.</span> 
     </span>
    </p>

    <p class='ocr_par' dir='ltr' id='par_1_6' title="bbox 148 1448 1614 1842">
     <span class='ocr_line' id='line_1_23' title="bbox 262 1448 1613 1511; baseline 0 -15"><span class='ocrx_word' id='word_1_174' title='bbox 262 1456 312 1498; x_wconf 89' lang='lat' dir='ltr'>P.</span> <span class='ocrx_word' id='word_1_175' title='bbox 350 1469 445 1510; x_wconf 79' lang='lat'>119,</span> <span class='ocrx_word' id='word_1_176' title='bbox 478 1467 544 1496; x_wconf 83' lang='lat'>21.</span> <span class='ocrx_word' id='word_1_177' title='bbox 602 1455 702 1508; x_wconf 71' lang='grc' dir='ltr'><strong><em>περὶ</em></strong></span> <span class='ocrx_word' id='word_1_178' title='bbox 729 1448 807 1495; x_wconf 68' lang='grc' dir='ltr'>οὖν</span> <span class='ocrx_word' id='word_1_179' title='bbox 839 1455 926 1495; x_wconf 78' lang='grc' dir='ltr'>τῶν</span> <span class='ocrx_word' id='word_1_180' title='bbox 953 1450 1226 1510; x_wconf 76' lang='grc' dir='ltr'>προσφύγων]</span> <span class='ocrx_word' id='word_1_181' title='bbox 1285 1456 1451 1496; x_wconf 86' lang='lat' dir='ltr'>Manuel</span> <span class='ocrx_word' id='word_1_182' title='bbox 1483 1459 1613 1511; x_wconf 85' lang='lat' dir='ltr'>impe-</span> 
     </span>
     <span class='ocr_line' id='line_1_24' title="bbox 148 1510 1612 1564; baseline -0.001 -13"><span class='ocrx_word' id='word_1_183' title='bbox 148 1517 287 1561; x_wconf 67' lang='lat' dir='ltr'>rator,</span> <span class='ocrx_word' id='word_1_184' title='bbox 314 1517 362 1551; x_wconf 87' lang='lat' dir='ltr'>ut</span> <span class='ocrx_word' id='word_1_185' title='bbox 393 1511 620 1564; x_wconf 81' lang='lat' dir='ltr'>principem</span> <span class='ocrx_word' id='word_1_186' title='bbox 647 1524 884 1561; x_wconf 84' lang='lat' dir='ltr'>summum,</span> <span class='ocrx_word' id='word_1_187' title='bbox 933 1510 1087 1550; x_wconf 82' lang='lat' dir='ltr'>alienae</span> <span class='ocrx_word' id='word_1_188' title='bbox 1118 1511 1332 1551; x_wconf 74' lang='lat' dir='ltr'>clientelae</span> <span class='ocrx_word' id='word_1_189' title='bbox 1363 1526 1443 1550; x_wconf 88' lang='lat' dir='ltr'>non</span> <span class='ocrx_word' id='word_1_190' title='bbox 1478 1513 1612 1552; x_wconf 72' lang='lat' dir='ltr'>obno-</span> 
     </span>
     <span class='ocr_line' id='line_1_25' title="bbox 150 1566 1613 1620; baseline 0.001 -14"><span class='ocrx_word' id='word_1_191' title='bbox 150 1567 294 1619; x_wconf 74' lang='lat' dir='ltr'>xium,</span> <span class='ocrx_word' id='word_1_192' title='bbox 333 1579 574 1620; x_wconf 80' lang='lat' dir='ltr'>generosum</span> <span class='ocrx_word' id='word_1_193' title='bbox 619 1579 667 1605; x_wconf 83' lang='lat' dir='ltr'>ac</span> <span class='ocrx_word' id='word_1_194' title='bbox 711 1566 1018 1620; x_wconf 84' lang='lat' dir='ltr'>magnanimum</span> <span class='ocrx_word' id='word_1_195' title='bbox 1054 1567 1190 1606; x_wconf 87' lang='lat' dir='ltr'>virum</span> <span class='ocrx_word' id='word_1_196' title='bbox 1217 1567 1356 1615; x_wconf 88' lang='lat' dir='ltr'>decet,</span> <span class='ocrx_word' id='word_1_197' title='bbox 1394 1568 1613 1608; x_wconf 84' lang='lat' dir='ltr'>Mehcmeti</span> 
     </span>
     <span class='ocr_line' id='line_1_26' title="bbox 148 1621 1609 1676; baseline 0.001 -14"><span class='ocrx_word' id='word_1_198' title='bbox 148 1621 379 1676; x_wconf 61' lang='lat' dir='ltr'>respondit.</span> <span class='ocrx_word' id='word_1_199' title='bbox 410 1621 625 1676; x_wconf 82' lang='lat' dir='ltr'>indignum</span> <span class='ocrx_word' id='word_1_200' title='bbox 652 1621 761 1661; x_wconf 88' lang='lat' dir='ltr'>enim</span> <span class='ocrx_word' id='word_1_201' title='bbox 790 1635 833 1662; x_wconf 84' lang='lat' dir='ltr'>sc</span> <span class='ocrx_word' id='word_1_202' title='bbox 862 1621 1020 1661; x_wconf 81' lang='lat' dir='ltr'>facinus</span> <span class='ocrx_word' id='word_1_203' title='bbox 1047 1622 1328 1676; x_wconf 79' lang='lat' dir='ltr'>flagitiumque</span> <span class='ocrx_word' id='word_1_204' title='bbox 1355 1623 1582 1664; x_wconf 82' lang='lat' dir='ltr'>admisisset</span> <span class='ocrx_word' id='word_1_205' title='bbox 1598 1654 1609 1670; x_wconf 89' lang='lat'><strong>‚</strong></span> 
     </span>
     <span class='ocr_line' id='line_1_27' title="bbox 150 1676 1612 1731; baseline 0.001 -13"><span class='ocrx_word' id='word_1_206' title='bbox 150 1690 276 1731; x_wconf 68' lang='lat' dir='ltr'>seque</span> <span class='ocrx_word' id='word_1_207' title='bbox 314 1676 554 1717; x_wconf 84' lang='lat' dir='ltr'>Mehemetis</span> <span class='ocrx_word' id='word_1_208' title='bbox 591 1676 802 1716; x_wconf 84' lang='lat' dir='ltr'>subditum</span> <span class='ocrx_word' id='word_1_209' title='bbox 830 1691 877 1717; x_wconf 85' lang='lat' dir='ltr'>ac</span> <span class='ocrx_word' id='word_1_210' title='bbox 914 1678 1102 1717; x_wconf 90' lang='lat' dir='ltr'>clientem</span> <span class='ocrx_word' id='word_1_211' title='bbox 1133 1679 1340 1718; x_wconf 78' lang='lat' dir='ltr'>confessus</span> <span class='ocrx_word' id='word_1_212' title='bbox 1370 1678 1514 1719; x_wconf 82' lang='lat' dir='ltr'>fuisset</span> <span class='ocrx_word' id='word_1_213' title='bbox 1537 1709 1550 1729; x_wconf 82' lang='lat'><em>‚</em></span> <span class='ocrx_word' id='word_1_214' title='bbox 1581 1680 1612 1719; x_wconf 93' lang='lat' dir='ltr'>si</span> 
     </span>
     <span class='ocr_line' id='line_1_28' title="bbox 153 1731 1614 1787; baseline 0 -15"><span class='ocrx_word' id='word_1_215' title='bbox 153 1731 368 1786; x_wconf 76' lang='lat' dir='ltr'>asylorum</span> <span class='ocrx_word' id='word_1_216' title='bbox 394 1746 443 1772; x_wconf 88' lang='lat' dir='ltr'>ae</span> <span class='ocrx_word' id='word_1_217' title='bbox 471 1732 756 1785; x_wconf 82' lang='lat' dir='ltr'>hospitalitatis</span> <span class='ocrx_word' id='word_1_218' title='bbox 785 1732 874 1772; x_wconf 85' lang='lat' dir='ltr'>iure</span> <span class='ocrx_word' id='word_1_219' title='bbox 893 1732 1053 1773; x_wconf 85' lang='lat' dir='ltr'>violato</span> <span class='ocrx_word' id='word_1_220' title='bbox 1079 1733 1359 1787; x_wconf 86' lang='lat' dir='ltr'>confugientes</span> <span class='ocrx_word' id='word_1_221' title='bbox 1386 1734 1437 1772; x_wconf 89' lang='lat' dir='ltr'>ad</span> <span class='ocrx_word' id='word_1_222' title='bbox 1457 1749 1499 1774; x_wconf 89' lang='lat' dir='ltr'>se</span> <span class='ocrx_word' id='word_1_223' title='bbox 1516 1736 1614 1775; x_wconf 86' lang='lat' dir='ltr'>Mu..</span> 
     </span>
     <span class='ocr_line' id='line_1_29' title="bbox 153 1787 1205 1842; baseline 0.001 -15"><span class='ocrx_word' id='word_1_224' title='bbox 153 1787 341 1842; x_wconf 81' lang='lat' dir='ltr'>stapham</span> <span class='ocrx_word' id='word_1_225' title='bbox 372 1793 417 1827; x_wconf 88' lang='lat' dir='ltr'>et:</span> <span class='ocrx_word' id='word_1_226' title='bbox 437 1787 636 1826; x_wconf 73' lang='lat' dir='ltr'>Cineitem</span> <span class='ocrx_word' id='word_1_227' title='bbox 665 1787 914 1829; x_wconf 86' lang='lat' dir='ltr'>tradidisset.</span> <span class='ocrx_word' id='word_1_228' title='bbox 1196 1825 1205 1828; x_wconf 84' lang='lat'>-</span> 
     </span>
    </p>

    <p class='ocr_par' dir='ltr' id='par_1_7' title="bbox 155 1837 1614 2063">
     <span class='ocr_line' id='line_1_30' title="bbox 270 1837 1614 1896; baseline 0.001 -14"><span class='ocrx_word' id='word_1_229' title='bbox 270 1842 324 1882; x_wconf 88' lang='lat' dir='ltr'>P.</span> <span class='ocrx_word' id='word_1_230' title='bbox 362 1856 454 1891; x_wconf 81' lang='lat'>121,</span> <span class='ocrx_word' id='word_1_231' title='bbox 482 1842 549 1882; x_wconf 79' lang='lat'>23.</span> <span class='ocrx_word' id='word_1_232' title='bbox 592 1837 639 1880; x_wconf 77' lang='grc' dir='ltr'>ἐν</span> <span class='ocrx_word' id='word_1_233' title='bbox 685 1841 732 1881; x_wconf 81' lang='grc' dir='ltr'>δὲ</span> <span class='ocrx_word' id='word_1_234' title='bbox 766 1846 858 1889; x_wconf 81' lang='grc' dir='ltr'><strong><em>ταῖς</em></strong></span> <span class='ocrx_word' id='word_1_235' title='bbox 879 1840 1060 1896; x_wconf 79' lang='grc' dir='ltr'><em>ἡμέραις</em></span> <span class='ocrx_word' id='word_1_236' title='bbox 1096 1841 1288 1896; x_wconf 71' lang='grc' dir='ltr'><strong><em>ἐκείναις]</em></strong></span> <span class='ocrx_word' id='word_1_237' title='bbox 1347 1844 1456 1883; x_wconf 77' lang='lat' dir='ltr'>Infra</span> <span class='ocrx_word' id='word_1_238' title='bbox 1490 1843 1614 1884; x_wconf 88' lang='lat' dir='ltr'>huius</span> 
     </span>
     <span class='ocr_line' id='line_1_31' title="bbox 155 1896 1614 1952; baseline 0.001 -14"><span class='ocrx_word' id='word_1_239' title='bbox 155 1896 362 1952; x_wconf 80' lang='lat' dir='ltr'>Theologi</span> <span class='ocrx_word' id='word_1_240' title='bbox 381 1927 393 1949; x_wconf 92' lang='lat'>‚</span> <span class='ocrx_word' id='word_1_241' title='bbox 433 1898 506 1952; x_wconf 90' lang='lat' dir='ltr'>qui</span> <span class='ocrx_word' id='word_1_242' title='bbox 547 1897 680 1936; x_wconf 86' lang='lat' dir='ltr'>Corax</span> <span class='ocrx_word' id='word_1_243' title='bbox 722 1897 957 1944; x_wconf 83' lang='lat' dir='ltr'>dicebatur,</span> <span class='ocrx_word' id='word_1_244' title='bbox 996 1898 1150 1936; x_wconf 86' lang='lat' dir='ltr'>scelera</span> <span class='ocrx_word' id='word_1_245' title='bbox 1185 1905 1227 1937; x_wconf 87' lang='lat' dir='ltr'>et</span> <span class='ocrx_word' id='word_1_246' title='bbox 1254 1899 1526 1951; x_wconf 80' lang='lat' dir='ltr'>proditiones,</span> <span class='ocrx_word' id='word_1_247' title='bbox 1560 1900 1614 1939; x_wconf 87' lang='lat' dir='ltr'>ob</span> 
     </span>
     <span class='ocr_line' id='line_1_32' title="bbox 156 1951 1612 2008; baseline 0 -15"><span class='ocrx_word' id='word_1_248' title='bbox 156 1967 261 2007; x_wconf 78' lang='lat' dir='ltr'>quas</span> <span class='ocrx_word' id='word_1_249' title='bbox 287 1954 542 1993; x_wconf 84' lang='lat' dir='ltr'>acerbissimo</span> <span class='ocrx_word' id='word_1_250' title='bbox 584 1951 787 2005; x_wconf 83' lang='lat' dir='ltr'>supplicio</span> <span class='ocrx_word' id='word_1_251' title='bbox 823 1954 1019 1992; x_wconf 83' lang='lat' dir='ltr'>multatus</span> <span class='ocrx_word' id='word_1_252' title='bbox 1062 1960 1120 1992; x_wconf 84' lang='lat' dir='ltr'>est</span> <span class='ocrx_word' id='word_1_253' title='bbox 1139 1981 1150 2002; x_wconf 92' lang='lat'>,</span> <span class='ocrx_word' id='word_1_254' title='bbox 1182 1953 1300 1993; x_wconf 89' lang='lat' dir='ltr'>latius</span> <span class='ocrx_word' id='word_1_255' title='bbox 1329 1954 1612 2008; x_wconf 76' lang='lat' dir='ltr'>explicantur3</span> 
     </span>
     <span class='ocr_line' id='line_1_33' title="bbox 155 2007 1146 2063; baseline -0.002 -15"><span class='ocrx_word' id='word_1_256' title='bbox 155 2011 274 2049; x_wconf 80' lang='lat' dir='ltr'>cuius</span> <span class='ocrx_word' id='word_1_257' title='bbox 300 2009 414 2063; x_wconf 85' lang='lat' dir='ltr'>apud</span> <span class='ocrx_word' id='word_1_258' title='bbox 447 2008 547 2047; x_wconf 86' lang='lat' dir='ltr'>alios</span> <span class='ocrx_word' id='word_1_259' title='bbox 574 2007 736 2047; x_wconf 88' lang='lat' dir='ltr'>nullum</span> <span class='ocrx_word' id='word_1_260' title='bbox 767 2008 938 2047; x_wconf 88' lang='lat' dir='ltr'>verbum</span> <span class='ocrx_word' id='word_1_261' title='bbox 969 2009 1146 2046; x_wconf 89' lang='lat' dir='ltr'>invenio.</span> 
     </span>
    </p>

    <p class='ocr_par' dir='ltr' id='par_1_8' title="bbox 154 2059 1612 2169">
     <span class='ocr_line' id='line_1_34' title="bbox 265 2059 1612 2117; baseline 0.001 -14"><span class='ocrx_word' id='word_1_262' title='bbox 265 2063 313 2106; x_wconf 87' lang='lat' dir='ltr'>P.</span> <span class='ocrx_word' id='word_1_263' title='bbox 349 2065 441 2115; x_wconf 78' lang='lat'>123,</span> <span class='ocrx_word' id='word_1_264' title='bbox 479 2066 542 2105; x_wconf 83' lang='lat'>15.</span> <span class='ocrx_word' id='word_1_265' title='bbox 611 2060 840 2117; x_wconf 72' lang='grc' dir='ltr'><strong><em>θολλόγου]</em></strong></span> <span class='ocrx_word' id='word_1_266' title='bbox 897 2059 1100 2114; x_wconf 75' lang='grc' dir='ltr'><strong><em>θολλόγος</em></strong></span> <span class='ocrx_word' id='word_1_267' title='bbox 1128 2063 1310 2102; x_wconf 88' lang='lat' dir='ltr'>sordium</span> <span class='ocrx_word' id='word_1_268' title='bbox 1340 2071 1409 2102; x_wconf 86' lang='lat' dir='ltr'>aut</span> <span class='ocrx_word' id='word_1_269' title='bbox 1439 2065 1612 2105; x_wconf 83' lang='lat' dir='ltr'>faecium</span> 
     </span>
     <span class='ocr_line' id='line_1_35' title="bbox 154 2115 1465 2169; baseline -0.001 -9"><span class='ocrx_word' id='word_1_270' title='bbox 154 2119 361 2160; x_wconf 81' lang='lat' dir='ltr'>collector.</span> <span class='ocrx_word' id='word_1_271' title='bbox 387 2115 514 2164; x_wconf 76' lang='grc' dir='ltr'><em>θολός</em></span> <span class='ocrx_word' id='word_1_272' title='bbox 543 2118 652 2158; x_wconf 88' lang='lat' dir='ltr'>enim</span> <span class='ocrx_word' id='word_1_273' title='bbox 682 2118 881 2169; x_wconf 75' lang='lat' dir='ltr'>significat</span> <span class='ocrx_word' id='word_1_274' title='bbox 908 2132 1099 2167; x_wconf 87' lang='lat' dir='ltr'>caenum,</span> <span class='ocrx_word' id='word_1_275' title='bbox 1132 2119 1293 2163; x_wconf 82' lang='lat' dir='ltr'>sordes,</span> <span class='ocrx_word' id='word_1_276' title='bbox 1327 2120 1465 2162; x_wconf 82' lang='lat' dir='ltr'>faeces.</span> 
     </span>
    </p>

    <p class='ocr_par' dir='ltr' id='par_1_9' title="bbox 154 2167 1746 2395">
     <span class='ocr_line' id='line_1_36' title="bbox 265 2167 1746 2228; baseline 0.003 -17"><span class='ocrx_word' id='word_1_277' title='bbox 265 2175 315 2219; x_wconf 79' lang='lat' dir='ltr'>P,</span> <span class='ocrx_word' id='word_1_278' title='bbox 350 2173 441 2227; x_wconf 71' lang='lat'>124,</span> <span class='ocrx_word' id='word_1_279' title='bbox 474 2189 513 2228; x_wconf 80' lang='lat'>7.</span> <span class='ocrx_word' id='word_1_280' title='bbox 569 2172 880 2225; x_wconf 75' lang='grc' dir='ltr'><strong><em>παρελθοῦντος</em></strong></span> <span class='ocrx_word' id='word_1_281' title='bbox 923 2167 1000 2212; x_wconf 73' lang='grc' dir='ltr'>οὖν</span> <span class='ocrx_word' id='word_1_282' title='bbox 1029 2172 1106 2211; x_wconf 80' lang='grc' dir='ltr'>τοῦ</span> <span class='ocrx_word' id='word_1_283' title='bbox 1127 2173 1390 2227; x_wconf 79' lang='grc' dir='ltr'><strong><em>Μαχουμέτ]</em></strong></span> <span class='ocrx_word' id='word_1_284' title='bbox 1433 2177 1608 2214; x_wconf 86' lang='lat' dir='ltr'>Mortem</span> <span class='ocrx_word' id='word_1_285' title='bbox 1622 2181 1662 2214; x_wconf 87' lang='lat' dir='ltr'>V.</span> <span class='ocrx_word' id='word_1_286' title='bbox 1685 2183 1746 2227; x_wconf 65' lang='lat'>184</span> 
     </span>
     <span class='ocr_line' id='line_1_37' title="bbox 155 2229 1604 2283; baseline 0 -13"><span class='ocrx_word' id='word_1_287' title='bbox 155 2230 428 2271; x_wconf 83' lang='lat' dir='ltr'>Mahometisl</span> <span class='ocrx_word' id='word_1_288' title='bbox 462 2244 569 2270; x_wconf 88' lang='lat' dir='ltr'>anno</span> <span class='ocrx_word' id='word_1_289' title='bbox 592 2229 766 2283; x_wconf 84' lang='lat' dir='ltr'>Hegirae</span> <span class='ocrx_word' id='word_1_290' title='bbox 785 2229 868 2278; x_wconf 75' lang='lat'>824</span> <span class='ocrx_word' id='word_1_291' title='bbox 885 2259 897 2278; x_wconf 94' lang='lat'>‚</span> <span class='ocrx_word' id='word_1_292' title='bbox 942 2229 1014 2283; x_wconf 92' lang='lat' dir='ltr'>qui</span> <span class='ocrx_word' id='word_1_293' title='bbox 1041 2229 1174 2282; x_wconf 79' lang='lat' dir='ltr'>coepit</span> <span class='ocrx_word' id='word_1_294' title='bbox 1208 2244 1316 2268; x_wconf 83' lang='lat' dir='ltr'>anno</span> <span class='ocrx_word' id='word_1_295' title='bbox 1343 2230 1604 2282; x_wconf 72' lang='lat' dir='ltr'>Christi1421</span> 
     </span>
     <span class='ocr_line' id='line_1_38' title="bbox 154 2283 1608 2338; baseline -0.001 -12"><span class='ocrx_word' id='word_1_296' title='bbox 154 2287 331 2326; x_wconf 73' lang='lat' dir='ltr'>Ianuarii</span> <span class='ocrx_word' id='word_1_297' title='bbox 343 2286 387 2337; x_wconf 89' lang='lat'>6,</span> <span class='ocrx_word' id='word_1_298' title='bbox 417 2285 520 2325; x_wconf 87' lang='lat' dir='ltr'>seria</span> <span class='ocrx_word' id='word_1_299' title='bbox 538 2300 580 2336; x_wconf 86' lang='lat'>2,</span> <span class='ocrx_word' id='word_1_300' title='bbox 613 2283 792 2324; x_wconf 89' lang='lat' dir='ltr'>Annales</span> <span class='ocrx_word' id='word_1_301' title='bbox 818 2284 982 2324; x_wconf 88' lang='lat' dir='ltr'>Turcici</span> <span class='ocrx_word' id='word_1_302' title='bbox 1010 2285 1226 2338; x_wconf 86' lang='lat' dir='ltr'>contigisse</span> <span class='ocrx_word' id='word_1_303' title='bbox 1255 2285 1414 2325; x_wconf 85' lang='lat' dir='ltr'>volunt.</span> <span class='ocrx_word' id='word_1_304' title='bbox 1473 2287 1608 2327; x_wconf 88' lang='lat' dir='ltr'>Leun-</span> 
     </span>
     <span class='ocr_line' id='line_1_39' title="bbox 154 2339 1368 2395; baseline -0.002 -13"><span class='ocrx_word' id='word_1_305' title='bbox 154 2341 311 2382; x_wconf 82' lang='lat' dir='ltr'>clavius</span> <span class='ocrx_word' id='word_1_306' title='bbox 339 2349 382 2382; x_wconf 86' lang='lat' dir='ltr'>et</span> <span class='ocrx_word' id='word_1_307' title='bbox 410 2342 503 2389; x_wconf 86' lang='lat' dir='ltr'>alii,</span> <span class='ocrx_word' id='word_1_308' title='bbox 538 2354 620 2395; x_wconf 89' lang='lat' dir='ltr'>quo</span> <span class='ocrx_word' id='word_1_309' title='bbox 650 2341 818 2394; x_wconf 83' lang='lat' dir='ltr'>perierit.</span> <span class='ocrx_word' id='word_1_310' title='bbox 846 2339 1015 2389; x_wconf 83' lang='lat' dir='ltr'>morbo,</span> <span class='ocrx_word' id='word_1_311' title='bbox 1045 2354 1127 2379; x_wconf 91' lang='lat' dir='ltr'>non</span> <span class='ocrx_word' id='word_1_312' title='bbox 1161 2341 1368 2394; x_wconf 84' lang='lat' dir='ltr'>scripsere.</span> 
     </span>
    </p>

    <p class='ocr_par' dir='ltr' id='par_1_10' title="bbox 150 2392 1610 2729">
     <span class='ocr_line' id='line_1_40' title="bbox 264 2392 1608 2450; baseline -0.001 -13"><span class='ocrx_word' id='word_1_313' title='bbox 264 2398 318 2438; x_wconf 89' lang='lat' dir='ltr'>P.</span> <span class='ocrx_word' id='word_1_314' title='bbox 354 2396 445 2450; x_wconf 70' lang='lat'>124,</span> <span class='ocrx_word' id='word_1_315' title='bbox 477 2411 545 2436; x_wconf 87' lang='lat'>20.</span> <span class='ocrx_word' id='word_1_316' title='bbox 604 2396 800 2435; x_wconf 82' lang='grc' dir='ltr'><strong><em>κατέλιπε</em></strong></span> <span class='ocrx_word' id='word_1_317' title='bbox 826 2392 902 2435; x_wconf 83' lang='grc' dir='ltr'>τὸν</span> <span class='ocrx_word' id='word_1_318' title='bbox 928 2394 1092 2447; x_wconf 78' lang='grc' dir='ltr'><em>πρῶτον</em></span> <span class='ocrx_word' id='word_1_319' title='bbox 1111 2395 1196 2435; x_wconf 72' lang='grc' dir='ltr'>τῶν</span> <span class='ocrx_word' id='word_1_320' title='bbox 1223 2392 1348 2450; x_wconf 75' lang='grc' dir='ltr'>υἱῶν]</span> <span class='ocrx_word' id='word_1_321' title='bbox 1408 2396 1608 2436; x_wconf 87' lang='lat' dir='ltr'>Leunela-</span> 
     </span>
     <span class='ocr_line' id='line_1_41' title="bbox 152 2450 1609 2505; baseline 0.001 -14"><span class='ocrx_word' id='word_1_322' title='bbox 152 2452 245 2492; x_wconf 87' lang='lat' dir='ltr'>vius</span> <span class='ocrx_word' id='word_1_323' title='bbox 273 2451 345 2495; x_wconf 88' lang='lat' dir='ltr'>lib.</span> <span class='ocrx_word' id='word_1_324' title='bbox 381 2466 428 2492; x_wconf 81' lang='lat'>12</span> <span class='ocrx_word' id='word_1_325' title='bbox 460 2453 515 2491; x_wconf 88' lang='lat' dir='ltr'>ita</span> <span class='ocrx_word' id='word_1_326' title='bbox 546 2451 688 2499; x_wconf 87' lang='lat' dir='ltr'>tradit,</span> <span class='ocrx_word' id='word_1_327' title='bbox 716 2451 879 2504; x_wconf 88' lang='lat' dir='ltr'>imperii</span> <span class='ocrx_word' id='word_1_328' title='bbox 906 2450 1103 2490; x_wconf 88' lang='lat' dir='ltr'>heredem</span> <span class='ocrx_word' id='word_1_329' title='bbox 1128 2453 1444 2505; x_wconf 83' lang='lat' dir='ltr'>primogenitum</span> <span class='ocrx_word' id='word_1_330' title='bbox 1479 2453 1609 2492; x_wconf 82' lang='lat' dir='ltr'>lilium</span> 
     </span>
     <span class='ocr_line' id='line_1_42' title="bbox 150 2504 1609 2561; baseline -0.001 -13"><span class='ocrx_word' id='word_1_331' title='bbox 150 2521 270 2548; x_wconf 84' lang='lat' dir='ltr'>suum</span> <span class='ocrx_word' id='word_1_332' title='bbox 297 2508 564 2548; x_wconf 85' lang='lat' dir='ltr'>Mehemetem</span> <span class='ocrx_word' id='word_1_333' title='bbox 590 2507 836 2546; x_wconf 87' lang='lat' dir='ltr'>morientem</span> <span class='ocrx_word' id='word_1_334' title='bbox 863 2504 1127 2546; x_wconf 84' lang='lat' dir='ltr'>declaravisse</span> <span class='ocrx_word' id='word_1_335' title='bbox 1148 2536 1160 2558; x_wconf 88' lang='lat'>,</span> <span class='ocrx_word' id='word_1_336' title='bbox 1187 2515 1228 2547; x_wconf 88' lang='lat' dir='ltr'>et</span> <span class='ocrx_word' id='word_1_337' title='bbox 1255 2514 1301 2546; x_wconf 92' lang='lat' dir='ltr'>ut</span> <span class='ocrx_word' id='word_1_338' title='bbox 1327 2522 1448 2561; x_wconf 85' lang='lat' dir='ltr'>quam</span> <span class='ocrx_word' id='word_1_339' title='bbox 1480 2508 1609 2547; x_wconf 82' lang='lat' dir='ltr'>celer-</span> 
     </span>
     <span class='ocr_line' id='line_1_43' title="bbox 156 2563 1610 2616; baseline -0.002 -13"><span class='ocrx_word' id='word_1_340' title='bbox 156 2566 262 2603; x_wconf 87' lang='lat' dir='ltr'>rime</span> <span class='ocrx_word' id='word_1_341' title='bbox 301 2570 576 2604; x_wconf 81' lang='lat' dir='ltr'>accerseretur</span> <span class='ocrx_word' id='word_1_342' title='bbox 617 2563 710 2611; x_wconf 90' lang='lat' dir='ltr'>ille,</span> <span class='ocrx_word' id='word_1_343' title='bbox 755 2569 1012 2616; x_wconf 86' lang='lat' dir='ltr'>mortemque</span> <span class='ocrx_word' id='word_1_344' title='bbox 1046 2577 1162 2602; x_wconf 84' lang='lat' dir='ltr'>suam</span> <span class='ocrx_word' id='word_1_345' title='bbox 1193 2563 1236 2602; x_wconf 89' lang='lat' dir='ltr'>in</span> <span class='ocrx_word' id='word_1_346' title='bbox 1279 2563 1437 2602; x_wconf 78' lang='lat' dir='ltr'>occulto</span> <span class='ocrx_word' id='word_1_347' title='bbox 1466 2565 1610 2602; x_wconf 83' lang='lat' dir='ltr'>Bassae</span> 
     </span>
     <span class='ocr_line' id='line_1_44' title="bbox 156 2617 1610 2665; baseline -0.001 -6"><span class='ocrx_word' id='word_1_348' title='bbox 156 2627 346 2659; x_wconf 78' lang='lat' dir='ltr'>tenerent</span> <span class='ocrx_word' id='word_1_349' title='bbox 387 2620 515 2659; x_wconf 90' lang='lat' dir='ltr'>donec</span> <span class='ocrx_word' id='word_1_350' title='bbox 556 2618 803 2665; x_wconf 83' lang='lat' dir='ltr'>advenisset,</span> <span class='ocrx_word' id='word_1_351' title='bbox 850 2617 1020 2657; x_wconf 86' lang='lat' dir='ltr'>iussisse.</span> <span class='ocrx_word' id='word_1_352' title='bbox 1067 2618 1170 2657; x_wconf 88' lang='lat' dir='ltr'>idern</span> <span class='ocrx_word' id='word_1_353' title='bbox 1202 2619 1356 2658; x_wconf 77' lang='lat' dir='ltr'>factum</span> <span class='ocrx_word' id='word_1_354' title='bbox 1385 2621 1543 2659; x_wconf 73' lang='lat' dir='ltr'>Mox-ate</span> <span class='ocrx_word' id='word_1_355' title='bbox 1574 2621 1610 2658; x_wconf 86' lang='lat'>11</span> 
     </span>
     <span class='ocr_line' id='line_1_45' title="bbox 158 2673 1209 2729; baseline -0.002 -15"><span class='ocrx_word' id='word_1_356' title='bbox 158 2681 348 2728; x_wconf 80' lang='lat' dir='ltr'>mortuo,</span> <span class='ocrx_word' id='word_1_357' title='bbox 382 2676 552 2729; x_wconf 85' lang='lat' dir='ltr'>eiusque</span> <span class='ocrx_word' id='word_1_358' title='bbox 573 2687 679 2713; x_wconf 88' lang='lat' dir='ltr'>mors</span> <span class='ocrx_word' id='word_1_359' title='bbox 708 2673 857 2723; x_wconf 86' lang='lat' dir='ltr'>celata,</span> <span class='ocrx_word' id='word_1_360' title='bbox 885 2673 990 2712; x_wconf 86' lang='lat' dir='ltr'>infra</span> <span class='ocrx_word' id='word_1_361' title='bbox 1022 2688 1111 2727; x_wconf 83' lang='lat' dir='ltr'>cap.</span> <span class='ocrx_word' id='word_1_362' title='bbox 1142 2674 1209 2713; x_wconf 81' lang='lat'>55.</span> 
     </span>
    </p>

    <p class='ocr_par' dir='ltr' id='par_1_11' title="bbox 162 2721 1612 2837">
     <span class='ocr_line' id='line_1_46' title="bbox 197 2721 1611 2783; baseline -0.002 -13"><span class='ocrx_word' id='word_1_363' title='bbox 197 2755 200 2758; x_wconf 92' lang='lat'>-</span> <span class='ocrx_word' id='word_1_364' title='bbox 267 2730 325 2772; x_wconf 86' lang='lat' dir='ltr'>P.</span> <span class='ocrx_word' id='word_1_365' title='bbox 361 2729 448 2783; x_wconf 69' lang='lat'>124,</span> <span class='ocrx_word' id='word_1_366' title='bbox 478 2728 545 2780; x_wconf 65' lang='lat'>24.</span> <span class='ocrx_word' id='word_1_367' title='bbox 606 2726 680 2776; x_wconf 71' lang='grc' dir='ltr'>οὓς</span> <span class='ocrx_word' id='word_1_368' title='bbox 707 2721 813 2779; x_wconf 76' lang='grc' dir='ltr'>ἦρχε</span> <span class='ocrx_word' id='word_1_369' title='bbox 852 2728 1171 2783; x_wconf 77' lang='grc' dir='ltr'><strong><em>Καραιουλούκ]</em></strong></span> <span class='ocrx_word' id='word_1_370' title='bbox 1232 2730 1307 2769; x_wconf 85' lang='lat' dir='ltr'>Hie</span> <span class='ocrx_word' id='word_1_371' title='bbox 1337 2730 1611 2769; x_wconf 81' lang='lat' dir='ltr'>Karaiulucus</span> 
     </span>
     <span class='ocr_line' id='line_1_47' title="bbox 162 2783 1612 2837; baseline -0.003 -11"><span class='ocrx_word' id='word_1_372' title='bbox 162 2787 246 2826; x_wconf 85' lang='lat' dir='ltr'>sive</span> <span class='ocrx_word' id='word_1_373' title='bbox 260 2786 591 2826; x_wconf 79' lang='lat' dir='ltr'>Rara-oilucus</span> <span class='ocrx_word' id='word_1_374' title='bbox 618 2784 730 2837; x_wconf 84' lang='lat' dir='ltr'>apud</span> <span class='ocrx_word' id='word_1_375' title='bbox 750 2783 915 2827; x_wconf 79' lang='lat' dir='ltr'>Leuncl.</span> <span class='ocrx_word' id='word_1_376' title='bbox 944 2784 1015 2826; x_wconf 89' lang='lat' dir='ltr'>lib.</span> <span class='ocrx_word' id='word_1_377' title='bbox 1044 2785 1104 2835; x_wconf 67' lang='lat'>¹4·</span> <span class='ocrx_word' id='word_1_378' title='bbox 1134 2785 1225 2828; x_wconf 87' lang='lat' dir='ltr'>hist.</span> <span class='ocrx_word' id='word_1_379' title='bbox 1255 2786 1449 2826; x_wconf 82' lang='lat' dir='ltr'>Musulm.</span> <span class='ocrx_word' id='word_1_380' title='bbox 1482 2786 1612 2824; x_wconf 80' lang='lat' dir='ltr'>filium</span> 
     </span>
    </p>
   </div>
  </div>
 </body>
</html>
