1878 3204
278 154 317 221 4
786 173 947 214 ιΝυΕΧ
985 172 1240 216 CAPrrtJM.

279 273 419 320 Gpolim
442 273 703 319 proficiscitur,
731 274 899 321 civesque
923 282 962 309 ut
988 286 1026 309 ue
1050 273 1188 310 dedant
1208 275 1350 320 frustra
1377 275 1563 316 hortatus,
1590 275 1631 325 in
1654 285 1723 311 ur*-

276 321 354 355 bem
378 321 576 354 amicorum
603 331 668 365 ope
696 322 823 354 intrat.
878 333 926 354 ιο.
946 320 1223 356 Cantacuzenus
1252 323 1353 356 intra
1375 323 1555 368 palatium
1583 324 1723 368 accipi-

253 391 257 393 <
277 375 348 402 tur.
395 367 561 405 Annam,
594 376 690 413 quae
714 367 837 400 animo
865 364 1049 410 intrepido
1077 369 1254 415 vultuque
1279 370 1524 414 imperterrito
1548 367 1722 411 sedebat,

274 412 357 447 adit
382 420 417 446 et
447 421 672 455 veneratur,
701 413 887 455 placatam
911 412 983 446 sibi
1017 409 1160 454 reddit,
1194 415 1383 448 tumultum
1408 415 1614 458 componit,
1638 415 1720 460 ple-

275 459 422 505 bemque
446 457 631 491 demulcet.
658 458 853 492 celebratio
880 460 1088 504 nuptiarum
1113 460 1290 494 Iohannis
1312 461 1529 505 Palaeologi
1556 468 1592 496 et
1619 462 1718 494 Gan-

275 513 476 539 tacuzenae
502 505 675 538 Helenae.
712 513 915 538 coronatur
955 505 1241 541 Cantacuzenus.
1311 504 1426 540 Turci
1463 506 1722 541 Chersonesum

273 559 463 585 vastantes
492 549 582 584 duce
611 551 818 584 Suleimane
844 549 1023 584 Orchanis
1048 548 1380 592 filio'aMatthaeo
1408 551 1557 597 despota
1583 552 1722 586 Canta-

274 609 409 632 cuzeno
436 595 539 630 clade
568 607 701 640 magna
730 596 966 674 a‹fftciuntun
1035 609 1086 632 ιι.
1113 598 1296 632 Iohannes
1320 600 1367 631 im
1394 606 1520 632 erutor·
1543 610 1566 632 a
1595 609 1720 632 socero

274 645 461 678 alienatus
491 644 531 676 in
555 642 706 687 Italiam
756 640 906 681 iscedit,
931 641 1027 677 unde
1052 654 1219 678 reversus
1246 645 1341 678 Tene
1370 653 1426 678 um
1457 655 1534 677 cum
1567 645 1720 679 Catalu-

274 690 329 722 sio
369 689 527 723 const'lt'a
564 690 685 733 agitat
719 686 763 722 de
799 687 1061 734 recuperandis
1097 689 1246 736 imperio
1278 698 1312 723 et
1336 691 1434 724 urbe.
1463 694 1721 734 stratagemate

277 734 462 770 Catalusii
493 734 675 767 Iohannes
701 734 945 779 Palaeologus
973 735 1111 781 Cpolim
1137 745 1350 782 recuperat,
1383 744 1416 769 et
1444 736 1722 770 Cantacuzenus

273 784 390 815 vitam
423 782 662 814 monasticam
701 780 943 825 amplectitur.
1016 793 1065 815 ια.
1090 782 1268 815 Iohannis
1302 783 1534 828 imperatoris
1555 783 1721 827 filiorum

274 836 366 862 natu
392 828 512 860 maior
535 825 768 859 Andronicus
794 834 829 859 et
843 826 1022 861 Cunluzes
1046 828 1204 862 Moratis
1226 828 1330 873 filius
1350 827 1655 872 secundogenitus
1680 829 1721 862 in

271 880 446 920 parentes
478 874 700 911 coniurant,
734 870 849 917 deque
883 872 1100 919 occupanda
1137 873 1333 917 tyrannide
1369 875 1526 907 consilia
1550 886 1573 907 a
1599 875 1695 909 itant
1705 885 1721 917 ,¹

273 920 405 966 quibus
442 918 638 964 patefactis
661 919 826 952 Morates
851 917 975 961 filium
1002 931 1104 953 suum
1141 920 1259 954 oculis
1283 919 1432 965 privat,
1458 885 1721 968 significatque

272 965 455 1004 Iohanni,
483 965 518 997 si
538 975 665 1010 pacem
692 963 967 1009 secumfiabere
993 966 1101 1006 vult,
1128 974 1168 999 ut
1179 964 1428 999 Andronicum
1453 966 1564 999 etiam
1589 976 1721 1001 escae-

274 1020 348 1053 eet3
376 1011 437 1044 cui
460 1009 642 1043 Iohannes
668 1022 799 1044 morem
834 1021 965 1055 gerens
984 1011 1069 1054 filio
1095 1020 1204 1059 atque
1233 1012 1342 1046 etiam
1368 1023 1416 1046 ex
1440 1023 1482 1046 eo
1509 1013 1635 1056 nepoti
1659 1013 1723 1046 vi-

271 1069 351 1092 sum
377 1055 507 1089 adimit
540 1064 575 1091 et
609 1058 651 1090 in
684 1066 866 1090 carcerem
901 1055 1066 1091 coniicit.
1126 1056 1361 1092 Andronicus
1388 1057 1631 1092 Genuensium
1655 1068 1721 1100 ope

275 1103 452 1137 liberatus
488 1103 676 1148 imperium
713 1101 887 1141 invadit,
926 1111 1065 1148 patrem
1099 1112 1134 1138 et
1146 1103 1296 1150 fratres
1333 1104 1479 1139 carceri
1508 1104 1723 1150 mancipat,-

274 1160 424 1183 carcere
451 1157 533 1181 astu
567 1159 604 1182 se
629 1147 814 1188 liberant,
845 1156 879 1181 et
905 1149 1090 1183 Iohannes
1121 1150 1163 1183 in
1185 1149 1318 1183 solium
1354 1151 1632 1195 imperatorium
1663 1161 1723 1184 re-

273 1196 452 1229 stituitur.
499 1194 654 1228 ,Manuel
674 1193 710 1227 ei
737 1205 922 1228 successor
945 1194 1173 1240 designatur.
1203 1196 1353 1242 nuptiae
1370 1196 1554 1230 Catalusii
1576 1204 1615 1235 et,
1634 1197 1724 1231 Ma·-

275 1243 356 1276 riae
381 1239 680 1284 Palaeologinae.
745 1242 794 1272 13.
819 1239 1006 1283 Baiazites
1036 1242 1176 1275 tributa
1201 1242 1362 1276 Iohanni
1385 1242 1566 1286 imperat,
1591 1250 1626 1276 et
1651 1240 1724 1275 sibi

275 1284 470 1321 militatum
503 1286 632 1320 venire
672 1285 828 1319 alterum
855 1298 900 1320 esc
933 1288 1012 1321 eius
1032 1287 1128 1333 filiis
1152 1289 1325 1333 postulat.
1376 1287 1556 1332 Cycladas
1579 1288 1722 1330 insulas

274 1331 434 1368 invadit.
458 1332 640 1366 Iohannes
661 1332 798 1376 Cpolim
826 1332 968 1374 munit,
995 1334 1180 1367 Baiazitis
1203 1335 1302 1367 iussu
1327 1342 1495 1367 extructa
1522 1345 1544 1367 a
1570 1345 1607 1368 se
1629 1346 1723 1379 pro-

271 1379 485 1426 pugnacula
509 1377 649 1416 diruit,
676 1377 893 1425 tandemque
932 1379 1029 1413 abiis
1082 1380 1236 1414 Manuel
1260 1380 1326 1426 qui
1350 1380 1516 1413 Baiaziti
1539 1381 1723 1414 militabat

275 1428 386 1471 inque
407 1425 485 1457 eius
504 1425 592 1457 aula
614 1424 851 1465 versabatur,
865 1423 996 1459 audita
1018 1427 1135 1470 patris
1150 1434 1280 1466 morte,
1292 1426 1385 1459 ctam
1402 1426 1540 1471 Cpolim
1556 1425 1723 1460 advenit.

275 1472 462 1506 Baiazites
487 1469 529 1503 id
549 1481 654 1510 aegre
669 1471 802 1515 ferens
845 1482 959 1504 raves
985 1470 1169 1519 durasque
1192 1471 1422 1506 conditiones
1446 1473 1518 1517 ipsi
1540 1473 1721 1517 imponit,

276 1517 571 1551 Thessalonicam
597 1525 773 1561 occupat,
802 1483 940 1562 dietim
963 1526 1077 1552 vexat
1099 1527 1134 1552 et
1159 1519 1302 1552 cibaria
1327 1519 1368 1551 in
1392 1530 1470 1552 eam
1499 1515 1630 1552 invehi
1652 1519 1723 1552 im-

269 1563 382 1610 pedit.
433 1563 607 1607 Hungari
630 1574 674 1596 ac
698 1564 856 1597 maxima
878 1575 967 1608 pars
1001 1564 1285 1602 occidentalium
1311 1565 1520 1610 principum
1545 1565 1585 1597 in
1604 1565 1720 1598 Baia-

276 1611 378 1643 zitem
411 1617 577 1648 movent,
615 1617 649 1641 et
682 1607 734 1641 ad
766 1609 970 1654 Nicopolim
995 1622 1018 1643 a
1056 1611 1186 1644 Turcis
1219 1609 1423 1644 caeduntur
1446 1618 1479 1643 et
1502 1611 1720 1644 vincuntur.

278 1655 330 1699 14.
355 1656 539 1689 Baiazites
575 1654 714 1699 Cpolim
748 1655 819 1688 sibi
857 1654 943 1689 dedi
969 1657 1083 1700 petit,
1121 1666 1154 1690 et
1185 1657 1383 1690 Iohannem
1407 1657 1523 1691 eiecto
1545 1658 1721 1691 Manuele

274 1704 528 1747 imperatorem
561 1700 762 1734 constituit.
821 1702 977 1735 Manuel
1015 1702 1132 1736 saluti
1162 1702 1262 1736 urbis
1295 1714 1339 1736 ac
1371 1703 1488 1746 plebis
1527 1704 1720 1738 consulens

276 1748 382 1794 Cpoli
409 1744 582 1785 discedit,
616 1755 651 1780 et
688 1747 728 1780 in
751 1746 1033 1792 Peloponnesum
1049 1775 1063 1788 ,
1092 1748 1178 1781 hinc
1205 1749 1246 1781 in
1272 1749 1422 1782 ltaliam
1445 1748 1720 1794 proficiscitur,

273 1803 308 1828 et
338 1789 629 1828 occidentalibus
663 1792 788 1838 regnis
823 1805 867 1827 ac
896 1795 1106 1839 provinciis
1142 1795 1350 1840 peragratis
1375 1795 1415 1827 in
1436 1795 1721 1839 Peloponnesum

273 1841 485 1875 revertitur.
540 1838 590 1872 15.
615 1839 798 1872 Iohannes
821 1842 1031 1885 precarium
1057 1840 1245 1885 imperium
1270 1840 1408 1874 obtinet
1431 1853 1454 1874 a
1477 1841 1660 1881 Baiazite,
1685 1848 1721 1875 et

273 1883 386 1919 cadin
409 1898 473 1920 seu
504 1884 662 1918 iudicem
673 1885 941 1920 Musulmanum
964 1887 1064 1919 intra
1087 1885 1188 1919 urbis
1202 1887 1347 1920 moenia
1373 1886 1517 1932 accipit.
1543 1885 1595 1920 ad
1608 1886 1721 1920 Baia-

271 1931 378 1967 zitem
405 1928 659 1975 voluptatibus
684 1932 885 1964 immersum
921 1934 1076 1965 veniunt
1105 1943 1128 1964 a
1157 1932 1321 1975 Temyre-
1340 1931 1458 1967 chane
1495 1932 1631 1977 legati,
1655 1933 1723 1979 qui

273 1979 531 2013 contumeliose
566 1988 588 2008 a
613 1977 782 2011 Baiazite
806 1977 924 2011 habiti
955 1977 1131 2012 recedunt
1147 1990 1159 2010 .·
1193 1977 1267 2023 ipse
1291 1975 1422 2012 deinde
1448 1979 1489 2012 in
1511 1979 1720 2012 Armeniam

272 2034 401 2059 movet.
453 2022 590 2069 Cpolim
622 2035 644 2055 a
677 2023 840 2058 Iohanne
867 2026 1015 2068 repetit,
1050 2021 1116 2058 sed
1139 2022 1326 2068 Cpolitani
1351 2022 1571 2061 deditionem
1586 2024 1721 2070 facere

271 2079 445 2105 renuunt.
510 2069 641 2112 Temyr
665 2069 809 2110 Syriam
842 2067 1018 2110 invadit,
1055 2070 1160 2103 urbes
1183 2078 1368 2115 expugnat
1385 2096 1395 2111 ‚
1420 2072 1462 2104 in.
1487 2071 1632 2105 incolas
1655 2071 1721 2104 im-

272 2115 433 2150 maniter
458 2111 587 2150 saevit.
617 2116 832 2149 Damascum
856 2124 892 2150 ct
909 2116 1085 2162 Halepum
1110 2114 1240 2162 diripit
1267 2124 1302 2149 et
1323 2126 1456 2151 vastat.
1504 2119 1560 2151 16.
1589 2117 1722 2159 Temyr

270 2172 399 2196 versus
431 2163 581 2195 Tanaim
606 2170 736 2197 movet.
765 2161 951 2196 Baiazites
975 2163 1173 2197 exercitum
1198 2163 1413 2203 conscribit,
1438 2171 1473 2198 et
1499 2163 1647 2206 Temyri
1670 2158 1723 2196 ad

270 2210 455 2250 Ancyram
483 2216 604 2240 castra
623 2206 771 2241 habenti
794 2209 968 2242 occurrit.
995 2216 1131 2241 cometa
1149 2208 1283 2255 fulget.
1306 2220 1432 2254 pugna
1455 2210 1575 2243 initur
1598 2219 1620 2242 a
1649 2209 1720 2242 Te-

271 2251 450 2297 myrianis
477 2265 553 2287 cum
583 2250 764 2286 Baiazitis
788 2255 926 2300 copiis:
950 2253 1135 2288 Baiazi-tes
1170 2253 1355 2289 deseritur
1377 2266 1400 2288 a
1426 2266 1561 2300 magna
1589 2255 1720 2299 copia-

273 2313 351 2334 rum
376 2312 523 2334 suarum
546 2307 661 2344 parte.
688 2300 865 2333 vincitur.
893 2309 1020 2347 captus
1055 2299 1105 2333 ad
1128 2301 1312 2343 Temyrem
1331 2326 1341 2341 ‚
1364 2302 1429 2347 qui
1451 2299 1634 2335 zutrichio
1655 2312 1720 2334 seu

271 2346 439 2381 schachis
466 2343 636 2382 ludebat,
663 2341 871 2380 adducitur.
922 2347 1052 2390 Temyr
1069 2346 1271 2381 Baiazitem
1297 2349 1511 2382 consolatur
1536 2355 1571 2381 et
1594 2346 1720 2380 huma-

273 2406 319 2427 ne
348 2404 436 2437 erga
453 2403 530 2424 eum
550 2403 586 2423 se
610 2392 718 2435 gerit,
748 2401 847 2426 arcte
863 2392 980 2427 nihilo
994 2393 1111 2426 minus
1127 2391 1295 2427 custodit.
1317 2405 1386 2438 per
1408 2402 1519 2427 totam
1543 2393 1719 2426 minorem

274 2441 403 2472 Asiam
422 2438 548 2480 copiae
578 2437 741 2479 Tentyris
775 2449 810 2470 se
845 2435 1068 2483 diffundunt.
1116 2435 1332 2474 Mehemetes
1353 2448 1495 2486 patrem
1518 2447 1625 2479 astu,
1654 2433 1721 2472 sed

268 2485 435 2529 frustra,
458 2485 617 2517 liberare
645 2481 869 2527 aggreditur.
931 2483 1254 2530 Chociapherutzes
1281 2486 1525 2519 eunuchorum
1548 2485 1717 2530 princeps

271 2544 351 2564 cum
375 2530 542 2563 Baiazite
567 2525 712 2562 domino
738 2542 803 2562 suo
827 2539 954 2575 captus
976 2532 1074 2564 iussu
1102 2530 1264 2573 Temyris
1293 2530 1410 2576 capite
1432 2532 1619 2576 plectitur.
1669 2541 1718 2573 ¹7·

274 2575 407 2618 chyr
434 2576 538 2608 Asiae
564 2575 667 2608 urbes
691 2575 834 2621 aliquot
862 2574 942 2610 adit
968 2585 1001 2610 et
1027 2579 1146 2621 capit,
1173 2573 1355 2610 incendiis
1379 2589 1423 2611 ac
1448 2575 1718 2622 direptionibus

270 2625 394 2657 omnia
418 2622 599 2655 devastat.
648 2620 828 2654 Baiazitis
854 2621 1040 2656 thesauros
1064 2623 1199 2656 Prusae
1224 2634 1288 2656 seu
1311 2623 1475 2656 Burusae
1501 2621 1716 2655 adservatos

270 2671 381 2714 rapit.
443 2669 631 2706 Smyrnam
669 2676 862 2711 efpugnat.
907 2668 958 2702 ad
994 2681 1073 2704 eum
1098 2669 1345 2703 Phocaeorum
1371 2669 1558 2713 principes
1580 2675 1619 2700 ut
1646 2667 1718 2700 sibi

269 2713 453 2760 placatum
477 2709 657 2752 reddant,
690 2715 831 2757 legatos
865 2717 1016 2748 mittunt
1045 2713 1221 2759 donisque
1270 2715 1485 2748 conciliant.
1564 2712 1714 2747 Cariam

270 2763 429 2800 lustrat,
469 2769 505 2795 et
545 2756 716 2805 deinceps
751 2760 791 2793 in
824 2759 1018 2806 Phrygiam
1056 2761 1284 2797 Salutat-iam
1319 2762 1393 2796 iter
1417 2759 1562 2802 flectit,
1591 2759 1713 2804 ibique
