1916 3210
345 187 471 258 450,
813 200 995 245 DUCAE
1041 171 1302 243 msa-oum

347 320 452 361 gnon·
481 304 532 345 de
560 303 739 352 Mitilino
756 331 769 355 ,
795 302 912 353 Chii,
943 298 1124 352 Rhodii,
1153 308 1193 342 et
1220 300 1319 345 tutti
1352 300 1498 356 quanti
1522 299 1790 356 hainnoum

346 369 391 402 et
415 367 604 404 rezevuto
624 359 752 413 gratie
766 387 778 405 ‚
819 358 939 398 laude
958 363 999 396 et
1026 355 1338 409 benedictione,
1358 371 1433 397 con
1457 357 1722 411 promissione
1747 363 1792 399 'et

347 416 438 456 fede
464 416 558 455 data
586 414 638 455 de
664 427 905 454 conservare
933 424 1030 464 pace
1066 417 1106 450 et
1130 411 1306 452 amicitia
1345 418 1411 451 tra
1439 411 1553 457 loro.
1580 411 1674 458 Gon..
1690 411 1792 465 tutti

262 471 476 521 ¹¹97he1>be
498 484 595 523 pace
623 475 792 521 exce-pto
822 482 904 507 con
934 467 972 505 la
1003 466 1272 506 Illustrissima
1297 466 1481 520 Signoria
1508 466 1563 508 de
1585 465 1790 516 Venetia»,

346 532 390 566 et
435 532 582 579 questo
627 538 698 577 per
731 522 771 562 la
817 535 970 561 caxone
1009 520 1086 561 che
1131 521 1408 562 incontinente
1433 535 1682 566 narraremo.
1712 520 1792 563 <El
1847 557 1854 566 χ

344 580 496 634 dispoti
535 578 777 618 Andronico
796 605 807 626 ‚
853 576 928 616 che
975 590 1134 630 uaeque
1167 576 1276 630 dopo
1305 578 1464 617 Zuanni
1492 575 1724 632 imperador
1743 583 1793 625 ef.

345 634 566 674 Theodoro
597 641 708 672 terzo
737 631 891 686 figliolo
919 631 969 670 de
997 631 1196 670 Emanuel
1223 632 1507 686 imper-adore,
1555 631 1792 686 signorum-

344 703 394 730 va
413 687 642 739 Salonichi‚
682 687 865 726 bench'el
891 685 999 726 fosse
1028 685 1207 726 invalido
1223 700 1298 740 per
1325 687 1366 727 lo
1393 686 1619 743 incurnbile
1647 686 1792 735 notho

344 743 451 783 della
478 742 620 796 lepra,
654 742 756 782 ch'el
784 755 1046 781 consumava.
1077 741 1113 780 E
1136 741 1283 793 perche
1303 741 1343 782 la
1369 743 1447 782 cita
1468 742 1677 796 imperiale
1695 742 1736 783 ln
1752 741 1792 783 le
1836 742 1838 744 ’

343 811 490 851 guerre
521 804 677 850 passate
713 811 780 836 era
818 803 924 837 stata
951 795 1080 835 molto
1121 796 1268 836 afflicta
1296 803 1338 837 et
1363 797 1409 839 lo*
1434 797 1619 851 imperio,
1636 794 1794 839 di'Ro-

341 854 422 892 mei
449 853 582 892 molto
624 852 820 893 sminuito
837 881 849 899 ‚
885 853 982 890 tutti
1020 849 1050 889 li
1078 851 1255 904 principi
1289 851 1341 891 de
1369 851 1572 899 Thetalia‚
1601 850 1787 903 Etholia,

344 906 508 957 Thiva‚
552 913 593 957 et
635 906 665 946 li
710 906 849 960 figlioli
893 906 945 945 de
972 905 1175 946 Auranesi
1213 907 1403 946 Taurcan
1445 914 1486 947 et
1517 906 1629 948 ,altri
1654 906 1793 955 molti,

341 968 459 1002 tanto
490 962 675 1003 haveano
705 969 852 1002 sti-ecto
881 961 1088 1001 Salonichi
1139 960 1216 1000 che
1242 961 1312 1014 pin
1339 975 1421 1001 non
1451 963 1614 1015 possiva
1643 961 1794 1003 durare
1849 1000 1855 1006 ,

341 1017 405 1056 ala
434 1017 542 1056 fame
579 1023 619 1056 et
659 1019 828 1070 penuria
867 1024 1044 1055 extrema
1084 1014 1135 1055 de
1173 1022 1281 1056 tutte
1305 1014 1342 1055 le
1387 1030 1478 1062 cose
1507 1015 1727 1060 necessario
1753 1015 1795 1057 al

341 1071 485 1111 vivere
515 1072 707 1113 humano.
765 1071 969 1125 Appresso
995 1071 1024 1109 li
1052 1069 1207 1109 Turchi
1237 1072 1330 1125 ogni
1359 1085 1486 1113 zorno
1513 1084 1726 1113 σοι-8828118
1753 1072 1792 1111 el

342 1126 535 1167 teritorio
580 1127 661 1166 fine
685 1126 764 1166 alle
790 1134 909 1180 porte
942 1124 1049 1164 della
1087 1125 1234 1165 citade.
1291 1126 1537 1167 Vedendose
1562 1125 1794 1167 Salouichei

342 1180 525 1221 destituti
570 1181 623 1222 da
674 1181 768 1234 ogni
818 1195 1007 1234 speranza
1036 1187 1076 1220 et
1101 1180 1365 1222 dal’aiutorio.
1385 1181 1435 1221 de
1462 1181 1556 1235 ogni
1582 1181 1690 1222 altra*
1745 1195 1796 1223 o-·.

341 1236 493 1285 tentia,
526 1235 818 1276 deliberarono
849 1236 1045 1275 mandare
1089 1235 1225 1274 alcuni
1255 1235 1533 1276 zentilhomini
1560 1237 1622 1276 soi
1651 1240 1717 1277 am
1770 1249 1794 1267 '-

341 1291 486 1330 xadori
514 1290 578 1330 ala
595 1290 874 1330 Illustrissima
888 1291 1074 1344 Signoria
1101 1289 1152 1328 de
1167 1290 1397 1341 Venetiani,
1427 1292 1493 1331 col
1518 1291 1721 1344 conseglio
1751 1297 1794 1331 et

343 1345 517 1385 volunt&
545 1345 613 1385 del
649 1346 824 1398 dispoti,
860 1353 900 1385 et
929 1359 1005 1384 con
1037 1345 1197 1398 potest&
1235 1345 1284 1384 de
1317 1352 1598 1386 sottomettere
1625 1352 1665 1385 et
1693 1345 1795 1389 dare

344 1400 553 1441 Salonichi
585 1399 664 1439 alla
694 1401 883 1453 Signoria
911 1400 951 1438 in
987 1413 1062 1439 suo
1090 1399 1284 1448 dominio,
1311 1407 1350 1439 et
1379 1401 1453 1440 che
1480 1400 1520 1440 la
1545 1400 1710 1440 havesse
1740 1401 1794 1440 ad

342 1461 580 1494 mantenere
603 1461 645 1494 et
672 1455 888 1495 defendere
920 1453 1015 1494 dulli
1041 1454 1105 1494 soi
1132 1455 1294 1497 nemici.
1332 1455 1390 1494 La
1417 1455 1602 1509 Signoria
1630 1455 1682 1495 de
1710 1456 1792 1496 Ve-

344 1510 498 1549 netiani
539 1512 854 1563 gratiosamente
890 1511 1086 1550 recevetti
1128 1508 1158 1548 li
1201 1509 1460 1549 ambaxadori
1491 1516 1533 1549 et
1557 1510 1726 1564 accepto
1752 1509 1793 1550 la

345 1565 448 1612 nith,
478 1565 796 1616 promettendoli
822 1565 1038 1605 defendere
1067 1570 1107 1604 et
1139 1564 1378 1604 mantenerli
1411 1566 1452 1604 in
1482 1579 1610 1618 pace,
1640 1579 1719 1605 con
1753 1565 1808 1606 la'

346 1619 515 1659 voluntn
554 1619 825 1659 del’altissimo
865 1617 946 1660 dio.
1003 1620 1051 1658 Li
1081 1618 1324 1659 Salonichiei
1371 1619 1558 1661 dal'altra
1586 1626 1703 1674 parte
1730 1634 1793 1660 re·

346 1674 524 1727 promise
549 1689 655 1714 esser
674 1674 775 1714 boni
799 1682 839 1714 et
862 1674 971 1714 fideli
993 1673 1102 1714 della
1126 1673 1398 1714 Illustrissima
1414 1675 1614 1729 Signoria.
1666 1674 1793 1716 Facta

349 1728 541 1782 adunque
580 1729 621 1768 la
661 1729 965 1783 acceptatione,
1009 1729 1048 1768 la
1074 1728 1259 1782 Signoria
1293 1729 1444 1769 mando
1489 1729 1527 1769 el
1554 1728 1688 1770 ‹lucha
1717 1744 1793 1769 con

272 1783 391 1828 198X
422 1783 526 1836 galie
569 1798 594 1823 a
617 1783 834 1826 Salonichi.
873 1783 1062 1824 havendo
1103 1783 1142 1822 el
1181 1784 1312 1823 ducha
1349 1785 1453 1824 facta
1483 1783 1521 1823 la
1549 1798 1622 1824 sua
1645 1785 1795 1824 intrata

347 1838 542 1878 remando
576 1853 599 1877 a
627 1839 790 1878 Vinetia
818 1839 857 1878 le
876 1839 915 1878 X
943 1840 1058 1891 galie.
1114 1838 1165 1878 Li
1188 1839 1342 1878 Turchi
1381 1845 1424 1878 et
1450 1838 1479 1878 li
1506 1839 1680 1892 principi
1711 1840 1794 1878 cir.

348 1893 568 1932 cumvicini
608 1907 685 1933 con
720 1894 876 1947 grande
913 1894 1096 1933 molestia
1134 1894 1308 1933 intesero
1349 1893 1387 1932 la
1417 1894 1559 1934 novitii
1585 1893 1661 1933 che
1686 1892 1796 1934 have

345 1947 454 1986 sacta
484 1947 512 1986 li
543 1947 826 2000 Salonichiei3
859 1956 899 1988 et
936 1949 1004 2002 pin
1035 1957 1315 2002 asperamente
1356 1949 1430 1988 che
1458 1950 1591 2002 prima
1617 1947 1647 1988 li
1673 1962 1794 2002 guer-

346 2016 491 2042 rezava
508 2033 517 2050 ‚
545 2002 720 2044 dicenti:
768 2011 910 2058 questa
939 2005 1018 2043 οἰῐέι
1047 2003 1070 2042 e
1097 2011 1251 2044 nostra.
1307 2017 1349 2043 se
1373 2003 1442 2043 noi
1475 2018 1555 2043 non
1583 2003 1622 2043 la
1650 2002 1795 2043 haves—

346 2071 457 2096 samo
485 2058 629 2097 afflicta
674 2066 715 2098 et
754 2058 987 2107 indeffilsta,
1029 2072 1111 2097 non
1143 2058 1244 2097 seria
1284 2057 1476 2097 inclinata
1505 2058 1557 2097 ad
1580 2057 1665 2098 voi.
1717 2058 1795 2098 Es-

347 2112 470 2151 sendo
507 2111 701 2167 adunque
739 2113 779 2152 la
824 2114 903 2153 cite
945 2113 995 2153 de
1029 2112 1235 2153 Salonichi
1281 2119 1456 2153 asu-ecta
1483 2112 1591 2152 dalla
1620 2113 1727 2153 fame
1753 2120 1794 2152 et

346 2166 451 2205 dalle
486 2169 679 2207 continue
726 2168 901 2221 bataglie
931 2168 973 2207 di
1004 2167 1182 2219 Turehi,
1216 2167 1440 2208 dubitando
1473 2168 1688 2207 Venetiani
1715 2167 1794 2207 che

345 2220 584 2260 Salonichiei
611 2237 685 2275 per
702 2223 894 2263 necessit&
918 2222 1025 2262 della
1050 2223 1155 2262 fame
1182 2237 1264 2262 non
1294 2223 1436 2261 fecesse
1463 2221 1634 2275 qualche
1661 2221 1792 2262 rebel-

326 2273 458 2330 'lione
487 2283 525 2314 et
553 2277 772 2318 chiamasse
801 2278 948 2317 dentro
976 2278 1003 2316 li
1033 2277 1208 2327 Turchi,
1251 2284 1290 2316 et
1318 2291 1389 2329 per
1419 2290 1612 2330 sgravare
1641 2274 1680 2315 la
1707 2276 1791 2316 citii
1837 2271 1841 2278 Χ

314 2331 320 2338 '
349 2329 400 2368 de
427 2330 464 2368 le
494 2331 669 2384 famiglie
697 2333 840 2372 inutile
882 2332 960 2371 alla
988 2346 1135 2386 guerra
1152 2359 1165 2382 ‚
1208 2332 1455 2371 mandat-ono
1482 2338 1592 2371 certe
1618 2331 1792 2384 famigiie

350 2383 390 2422 di
424 2385 548 2423 nobili
577 2386 720 2427 alcune
747 2389 789 2426 in
819 2387 986 2436 candia,
1028 2386 1171 2426 alcune
1209 2386 1261 2426 ad
1289 2386 1538 2439 Nigroponte
1577 2392 1617 2425 et
1645 2383 1791 2436 elcune

349 2438 399 2475 ad
427 2440 617 2485 Venexia·
686 2442 914 2482 Tornando
951 2444 993 2480 in
1022 2448 1166 2495 questo
1210 2449 1349 2494 tempo
1380 2443 1513 2480 Morat
1539 2441 1591 2479 da
1619 2440 1717 2479 Asia
1746 2442 1788 2479 in

347 2492 541 2544 Trachia,
568 2496 595 2533 li
623 2497 783 2549 Signori
810 2497 1028 2536 Venetiani
1056 2496 1308 2535 mandarono
1335 2495 1595 2538 ambaxadori
1624 2495 1676 2534 ad
1697 2496 1790 2534 Mo-

348 2554 414 2585 rat
430 2577 442 2597 ‚
470 2549 755 2590 domandando
776 2567 886 2604 pace.
943 2552 994 2590 El
1022 2557 1196 2605 tyranno
1223 2551 1251 2594 li
1278 2550 1395 2590 diede
1421 2557 1563 2604 questa
1590 2557 1787 2602 resposta,

347 2602 421 2641 che
452 2604 585 2656 quella
614 2605 708 2644 citt&
751 2607 792 2645 so
819 2606 1072 2659 possessione
1124 2620 1193 2646 sua
1220 2613 1387 2660 paterna
1414 2612 1454 2644 et
1481 2603 1581 2644 ch’el
1607 2618 1679 2643 suo
1707 2619 1786 2644 avo

273 2667 337 2700 ¹99
348 2656 524 2697 Paiasith
556 2673 632 2698 con
662 2661 699 2698 la
725 2663 904 2713 potentia
933 2661 982 2700 de
1011 2675 1082 2699 sua
1110 2675 1229 2699 mano
1257 2661 1356 2700 tolse
1382 2658 1518 2713 quella
1543 2659 1608 2698 dai
1627 2658 1786 2698 Romei.

349 2711 402 2750 Se
429 2712 455 2751 li
485 2714 601 2754 Greci
631 2729 695 2754 me
736 2718 1080 2764 contrariasseno‚
1112 2715 1199 2754 loro
1227 2716 1443 2754 havet-iano
1474 2713 1645 2767 qualche
1672 2727 1787 2752 raxo-

348 2780 415 2810 ne.
461 2767 539 2807 'Mu
582 2771 648 2808 voi
696 2771 860 2810 essendo
899 2771 1058 2820 Latini,
1098 2771 1171 2810 che
1202 2769 1292 2810 vole
1333 2769 1371 2809 la
1401 2775 1551 2810 venuta
1582 2775 1715 2810 vostra
1743 2769 1787 2807 in
