1884 3216
1669 0 1769 22 *¹21³*ss-
1789 0 1791 5 ’
1804 0 1858 79 ΓΞ

1843 0 1884 151 :U

1846 131 1848 137 .
1883 109 1884 141 1

290 156 400 214 288
629 175 812 232 nucu:
849 173 1134 218 inomaus
1158 175 1381 219 NEPOTIS
1868 161 1884 219 :⁶-

1868 239 1874 258 )

254 275 448 326 Βπάντας
491 271 546 323 ὥς
586 274 776 328 πρόβατα
814 271 1082 327 πεπράκαμεν
1121 270 1189 322 ἄν,
1245 277 1358 318 οἶδὲ
1385 275 1459 330 τῆς
1484 276 1618 332 αὐλῆς
1642 278 1724 328 ωδ

290 340 497 396 τυράννου
537 338 758 393 ιῖζάπιδες,
806 339 849 381 οἳ
874 338 947 381 καί
981 339 1211 396 γενιῑτζαροι
1238 343 1474 396 κέκληνται,
1506 340 1546 384 οἱ
1574 342 1726 395 μὲνμὲν

291 409 350 464 τῷ
379 404 565 463 παλατίῳ
594 407 873 460 κατέδραμον,
905 403 944 446 οἱ
971 405 1018 447 δὲ
1035 407 1138 460 πρὸς
1162 404 1236 461 τὴν
1262 405 1445 460 μεγάλου
1461 404 1724 462 Προδρᾷμοη
1749 447 1751 454 ,

290 469 421 526 μονὴν
448 469 520 525 τήν
548 471 865 524 ἐπικεκλημένην
893 469 1076 524 Πέτραν,
1103 472 1176 512 καί
1200 472 1246 512 ἐν
1276 473 1327 528 τῇ
1353 472 1459 528 μονῇ
1483 471 1555 526 τῆς
1580 470 1725 527 χώρας

289 539 335 580 ἐν
361 531 391 593 ᾗ
418 537 490 578 καί
514 535 538 590 ἦ
565 533 686 576 εἰκών
712 536 805 588 τῆς,
827 531 1040 589 πανάγνου
1067 551 1149 589 μου
1177 532 1435 591 θεομήτορος
1459 531 1508 592 ἦν
1535 537 1764 592 enipeum-5

289 603 391 656 μένη
420 598 530 646 τότε.
600 598 689 641 ἐκεῖ
701 631 712 652 ,
743 594 780 640 ὦ
809 601 977 652 γλῶσσα
1004 601 1078 641 καί
1100 601 1222 655 χείλη
1248 600 1275 656 ἦ
1301 603 1514 654 μέλλουσα
1541 603 1725 658 φθέγξαι-

289 669 395 709 σθαι
421 664 472 707 τά
509 666 562 721 τῇ
593 663 720 705 εἰκόνι
749 663 970 717 συμβάντα
1002 663 1073 706 διὰ
1103 664 1178 714 τὰς
1207 665 1415 721 ἁμαρτίας
1442 668 1542 710 oov!
1573 659 1726 721 ἆγέονι-

291 729 454 785 ζόμενοι
482 728 520 771 οἱ
559 727 790 771 α’ποστάται
828 731 907 770 τοῦ
935 732 1222 784 καταδραμεῖν
1246 733 1320 773 καί
1346 727 1522 784 ἄλλοθι,
1551 732 1727 776 πέλεκυν

290 796 315 838 ὅ
344 793 404 844 εἷς
434 796 517 836 τῶν
559 794 722 847 α’σεβῶν
760 796 943 843 ἐκτείνας
982 794 1306 850 ὑπουργούντων
1336 798 1420 854 τῶν
1445 797 1611 853 μιαρῶν
1630 803 1726 850 ’χεο-

291 864 377 916 ρῶν
406 860 539 903 αὐτοῦ’
581 861 642 908 εἰς
682 861 869 915 τέσσαρα
910 861 1065 914 διεῖλε,
1095 861 1167 902 καί
1203 859 1284 903 στὶν
1309 863 1364 918 τῷ
1389 861 1564 915 τυχόντς.
1585 858 1726 918 κόσμῳ
1743 877 1792 904 ιο

253 927 461 974 Οὲκαστος
506 923 550 967 τὸ
592 923 699 967 ἴδιον
722 926 913 979 μερίδιον
951 923 1098 978 ἔλαβε,
1128 927 1277 980 κλῆρον
1306 924 1552 980 βάλλοντες,
1580 924 1655 973 καὶ
1676 923 1730 969 ,τὰ

157 996 200 1031 V.
219 993 364 1046 ι3οτῆς
390 992 518 1044 μονῆς
544 992 664 1043 τίμια
694 989 821 1045 σκεύη
851 988 1113 1046 ἁρπάσαντες
1142 986 1311 1048 ᾤχοντο.
1367 989 1439 1032 καί
1467 992 1526 1041 εἷς
1557 989 1630 1037 τὸν
1648 992 1731 1039 2105

292 1054 659 1112 πρωτοστράτορος
675 1050 784 1098 οἶκον
811 1054 1009 1108 ἐμβάντες
1038 1054 1283 1111 θησαυροὺς
1310 1050 1477 1111 ἤνοιξαν
1501 1055 1599 1106 τούς
1624 1053 1730 1111 πράη-

292 1125 426 1165 παλαι
452 1122 816 1175 θησαυρισθέντας
843 1121 887 1170 ἐξ
917 1120 1083 1175 ἡμερῶν
1109 1123 1322 1174 παλαιῶν,
1355 1122 1638 1172 ἐξυπνίζοντες,
1657 1118 1733 1170 ἑὰς

291 1187 509 1241 ειῖγενίδας
537 1186 582 1226 ἐκ
610 1187 684 1240 τῆς
713 1187 876 1240 κοίτης·
933 1181 984 1240 ἧν
1013 1183 1093 1239 γάρ
1126 1185 1148 1226 ὅ
1167 1184 1312 1235 Μάϊος
1340 1188 1480 1242 φέρων
1507 1185 1638 1235 εἴκοσι
1660 1187 1795 1235 'fin-15

292 1255 378 1305 νέα,
402 1254 475 1293 καί
499 1248 519 1291 ὅ
539 1249 721 1304 πρωϊνός
743 1246 872 1298 ὕπνος
894 1249 998 1305 ἡδὺς
1022 1244 1072 1305 ἦν
1090 1253 1134 1293 ἐν
1162 1250 1401 1307 ὄφθαλμοῖς
1426 1254 1520 1294 τῶν,
1535 1244 1642 1295 νέων,
1662 1249 1736 1294 καί

292 1316 516 1360 νεανίδων·
546 1315 602 1364 ὥς
635 1316 740 1368 χθὲς
767 1313 849 1369 γοὶρ
880 1317 952 1357 καί
978 1314 1195 1370 πρότριτα,
1225 1318 1465 1371 θαρρῶντες
1493 1314 1735 1371 ἆμερίμνως

294 1379 565 1432 ἑκοιτάζοντο.
607 1379 697 1421 τότε
730 1385 876 1435 στῖφος
903 1379 1008 1421 πολὺ
1037 1383 1118 1421 τῶν
1136 1377 1301 1434 οἷσεβαῖν
1328 1376 1456 1438 ᾤχετο
1474 1379 1546 1424 τὸν
1573 1380 1734 1436 δρόμον

295 1447 368 1490 -τόν
397 1445 613 1500 ἀπάγοντα
641 1446 685 1487 ἓν
708 1447 760 1502 τῇ
787 1443 944 1501 μεγάλῃ
973 1446 1177 1503 ἐκκλησίᾳ,
1210 1445 1283 1488 καί
1309 1442 1360 1501 ἦν
1387 1447 1489 1488 ἰδεῖν
1516 1447 1560 1496 ἐξ
1591 1443 1732 1488 ἐκατέ-

285 1529 380 1568 ,ρων
406 1515 489 1553 τῶν
517 1512 658 1565 μερῶν
685 1526 726 1551 τι
753 1512 982 1564 τέχνασμα.
1042 1513 1202 1566 πρωΐας
1227 1510 1307 1566 γάρ
1339 1506 1489 1566 οὔσης,
1518 1509 1582 1552 ἔτι
1612 1515 1734 1552 λυκο-
1746 1526 1798 1554 20

253 1576 532 1634 Βφεγγούσης
562 1578 645 1631 ..τῆς
692 1576 853 1630 ἡμέρας
870 1608 881 1627 ,
930 1578 1038 1624 τινὲς
1064 1579 1147 1618 τῶν
1169 1576 1394 1629 εΡωμαίων
1420 1577 1464 1617 ἐν
1490 1578 1539 1633 τῇ
1569 1577 1736 1633 εἰσβολῇ

296 1646 377 1685 τῶν
412 1642 606 1696 Τούρκων
641 1642 716 1682 καί
739 1642 787 1697 τῇ
819 1643 934 1698 φυγῇ
974 1643 1055 1683 τῶν
1085 1643 1264 1683 πολιτῶν
1292 1640 1486 1697 ἔφθασαν
1515 1638 1736 1697 φεύγοντες

296 1709 373 1752 τοῦ
404 1710 655 1762 καταλαβεῖν
678 1704 753 1755 τὰς
781 1706 911 1757 οἰκίας
938 1705 1011 1749 καί
1038 1705 1418 1763 προμηθεύσασθαι
1442 1705 1493 1749 τὰ
1519 1708 1639 1749 τέκνα
1665 1709 1738 1749 καί

301 1859 386 1888 runt
410 1852 622 1886 cecidimus:
649 1851 705 1885 sin
726 1856 862 1886 tantam
881 1852 919 1885 in
948 1850 1037 1884 urbe
1063 1851 1219 1885 militum
1251 1851 1532 1896 infrequentiam
1569 1862 1610 1884 ac
1645 1861 1737 1896 pau-

301 1903 445 1934 citatem
479 1898 788 1944 cognovissemus,
824 1909 945 1931 omnes
970 1903 1142 1943 tanquam
1166 1898 1322 1943 pecudes
1344 1898 1580 1931 venumdatos
1606 1897 1739 1931 ‹listra-

299 1949 484 1982 xissemus.
510 1947 649 1979 interea
674 1945 783 1977 etiam
804 1944 1159 1989 tyranniazapides,
1198 1945 1261 1990 qui
1287 1945 1394 1977 etiam
1419 1945 1582 1979 ienitzeri
1607 1956 1739 1978 vocan-

300 2001 376 2034 tur,
407 1993 538 2038 partim
563 1993 602 2024 in
624 1992 824 2036 palatium,
857 1992 988 2036 partim
1012 1992 1050 2023 in
1074 1992 1328 2024 monasterium
1353 1992 1471 2036 magni
1497 1991 1737 2036 praecursoris

303 2042 337 2074 S.
361 2040 531 2073 Iohannis
555 2039 759 2083 Baptistae,
789 2049 881 2083 quae
909 2039 1010 2070 Petra
1042 2037 1251 2078 dicebatur,
1278 2043 1498 2071 concursant.
1525 2038 1588 2070 alii
1614 2048 1739 2070 mona-

303 2088 451 2121 sterium
478 2086 633 2130 regionis
656 2084 778 2125 urbis,
807 2085 845 2117 in
883 2095 956 2129 quo
981 2090 1067 2117 tunc
1091 2084 1379 2128 conspiciebatur
1402 2085 1517 2128 imago
1546 2085 1740 2117 intemera-

303 2140 362 2167 tae
387 2133 510 2166 matris
536 2132 613 2173 dei,
640 2131 807 2164 dominae
834 2142 956 2172 meae,
981 2130 1163 2164 invadunt.
1185 2142 1255 2175 qua
1282 2131 1403 2175 ling-ua
1429 2130 1604 2175 quibusve
1631 2129 1738 2162 labiis

304 2181 452 2224 eloqui,
489 2178 653 2224 quisquis
688 2189 749 2218 es,
789 2178 925 2222 poteris
961 2188 1002 2209 ea
1040 2188 1131 2222 quae
1166 2182 1312 2222 propter
1334 2183 1480 2221 peccata
1507 2182 1568 2209 tua
1592 2175 1738 2220 imagini

304 2228 362 2259 illi
384 2232 471 2259 tunc
507 2223 764 2268 contigerunt?
790 2225 885 2257 inter
918 2228 1098 2268 apostatas
1123 2224 1210 2256 istos
1235 2223 1363 2267 impios
1379 2248 1388 2264 ,
1417 2223 1489 2256 alio
1518 2233 1657 2255 currere
1683 2221 1739 2255 di-

305 2272 462 2318 ripiendi
498 2283 603 2304 causa
642 2271 877 2311 festinantes,
916 2282 1008 2303 unus
1047 2271 1191 2302 acinace
1224 2270 1346 2302 stricto
1375 2280 1475 2309 eam,
1509 2274 1545 2302 et
1565 2267 1740 2315 quicquid

304 2319 506 2352 ornamenti
547 2319 683 2358 inerat,
734 2317 884 2362 impuris
926 2316 1091 2349 manibus
1141 2316 1213 2349 suis
1263 2317 1301 2348 in
1344 2315 1456 2348 frusta
1493 2321 1649 2360 quatuor
1684 2314 1740 2347 di-

304 2366 432 2406 scidit,
475 2370 511 2397 et
542 2370 637 2397 sorte
677 2363 784 2396 ducta
817 2375 920 2396 suum
955 2364 1108 2407 quisque
1144 2362 1246 2395 tulit:
1282 2361 1421 2406 direpta
1447 2361 1592 2394 tandem
1615 2361 1742 2394 mona-

303 2413 405 2445 sterii
442 2411 598 2455 pretiosa
635 2410 862 2454 supellectile
898 2409 1075 2443 abierunt.
1109 2409 1148 2442 in
1196 2408 1338 2441 domum
1374 2407 1505 2440 deinde
1543 2413 1741 2453 protostra-

303 2459 391 2492 toris
437 2457 638 2500 irruptione
683 2457 797 2497 facta,
830 2456 1017 2489 thesauros
1055 2456 1178 2488 multis
1218 2455 1320 2487 annis
1361 2460 1545 2499 congestos
1588 2454 1740 2487 effractis

303 2505 393 2537 arcis
432 2504 673 2542 recluserunt,
701 2503 851 2535 feminas
876 2503 1018 2535 nobiles
1043 2512 1166 2535 somno
1206 2501 1374 2546 lectoque
1408 2501 1627 2534 esscitarunt:
1653 2501 1741 2533 Maii

304 2551 438 2584 etenim
476 2549 607 2581 mensis
644 2548 720 2581 dies
755 2550 945 2593 vigesimus
984 2560 1100 2581 nonus
1151 2547 1343 2592 agebatur,
1381 2553 1417 2580 et
1458 2546 1742 2580 adolescentium

304 2598 580 2642 puellarumque
618 2594 801 2639 palpebris
835 2595 949 2628 dulcis
987 2606 1131 2628 somnus
1163 2594 1396 2626 antelucanus
1419 2593 1622 2634 insidebat,
1663 2605 1742 2626 cum

305 2644 421 2678 securi
448 2653 489 2675 ac
512 2642 618 2674 rebus
638 2642 709 2673 suis
739 2642 884 2683 confisi,
923 2647 963 2674 ut
985 2641 1063 2674 heri
1091 2653 1131 2674 ac
1154 2640 1439 2680 nudiustertius,
1468 2650 1591 2672 somno
1619 2639 1743 2672 indul-

305 2695 438 2735 gerent.
471 2694 548 2721 tum
586 2687 775 2731 impiorum
813 2688 964 2721 densum
989 2699 1113 2732 agmen
1149 2687 1187 2719 in
1210 2697 1371 2730 magnam
1397 2687 1582 2719 ecclesiam
1607 2686 1741 2728 fertur3

306 2737 517 2783 speciesque
547 2735 767 2778 stragematis
797 2734 974 2779 quaedam
991 2735 1086 2767 inter
1111 2735 1195 2767 istas
1221 2733 1343 2767 turbas
1367 2733 1537 2778 utrinque
1566 2731 1742 2778 conspici-
