1884 3216
297 172 408 246 274
641 187 822 231 DUCAE
847 185 1139 228 MianEms
1171 185 1396 229 NEPo‘ns

255 291 369 346 ςτάς
414 295 526 347 τρεῖς
552 288 678 344 βολὰς
705 290 749 338 ἐς
776 285 980 344 τριγώνου
1009 290 1165 343 σχῆμα,
1199 289 1274 330 καί
1297 288 1392 330 τότε
1418 282 1518 341 ὄψει
1545 287 1617 331 τὸν
1643 296 1731 344 τοτὲ

294 359 416 399 οὕτον
441 362 580 410 τοῖχον
620 356 680 403 εἰς
705 354 781 409 γῆν
824 350 1166 400 καταπύττοντοι,”
1232 349 1381 409 ἤρεσεν
1417 347 1494 394 οὖν
1521 351 1548 408 ἦ
1572 350 1731 413 βοὺλῇ,

291 423 365 463 καί
391 415 523 469 οὕτως
555 421 768 473 πέπραχεν
796 416 819 458 ὅ
847 415 1058 472 τεχνίτης,
1086 419 1162 459 καί
1188 414 1323 467 οὕτως
1346 418 1496 473 ἀπέβη.
1527 414 1658 460 πόθεν
1684 418 1733 460 δὲ

291 487 590 542 παρακινηθείς
617 481 639 524 ὃ
660 479 846 537 Οὖγγρος
862 478 995 530 οὕτως
1025 481 1100 537 τὴν
1128 482 1282 538 βουλὴν
1308 480 1468 538 ταύτην
1491 484 1549 540 τῷ
1575 481 1732 538 τυράν-

290 568 345 609 νῳ
374 552 551 592 δέδωκεν
572 581 584 603 ,
624 545 704 604 ἤδη
747 549 865 598 λέξω.
925 546 947 588 ὅ
977 546 1057 603 ῥὴξ
1083 550 1155 602 τῆς
1186 544 1394 604 Οὖγγρίας
1418 547 1490 604 τὴν
1514 548 1769 602 βασιλείανὸ

288 618 371 658 τῶν
381 616 603 668 Ῥωμαίων
630 614 675 654 ἐν
702 614 841 669 ἐκείνῳ
867 612 923 668 τῷ
951 610 1036 654 ἔτει
1062 614 1318 668 παραλαβών
1349 612 1424 656 καὶ
1438 615 1635 670 στεφθείς
1649 629 1732 655 πα-

289 681 344 736 ροὶ
371 682 449 723 τοῦ
475 679 594 721 πάντα
617 676 834 722 Νικολάου
863 679 937 719 καί
963 676 1281 731 ἇναζωσὰμενος
1308 677 1383 734 τὴν
1412 675 1551 735 ἀρχὴν
1578 678 1730 732 αὕτοῦ,

287 745 492 800 ἐξεβλήθη
520 747 593 799 τῆς
622 745 892 798 ἑπιτροπικῆς
928 744 1119 793 ἐξουσίας
1149 743 1172 785 ὅ
1199 743 1375 799 Ἰάγκος,
1403 744 1478 787 καί
1506 735 1730 798 &valazano

285 809 360 865 τὴν
388 813 528 852 πᾶσαν
569 810 771 865 φροντίδα
802 810 877 862 τῆς
921 810 1056 863 ἀρχῆς
1085 808 1108 849 ὅ
1142 809 1222 864 ρἡ
1250 811 1324 851 καί
1344 806 1565 863 βασιλεύς.
1619 807 1731 864 ἔχων

288 878 335 918 δὲ
365 872 514 931 ὅρκους
543 874 652 927 μετοὶ
695 876 773 916 τοῦ
801 877 1005 928 Μεχεμὲτ
1045 871 1205 930 ἇγάπης
1242 877 1604 932 προσδιορίστικῆς
1640 889 1732 932 τρι·
1749 888 1794 914 ῐο

286 944 344 984 ὤν
384 943 514 994 ἑτῶν,
553 935 635 996 ἤδη
673 943 964 996 πληρωθέντος
1006 943 1082 983 τοῦ
1121 939 1214 991 ἐνὸς
1246 941 1321 983 καί
1344 941 1538 996 ἡμίσεος,
1573 938 1731 996 ἐμήνυ-

238 1015 333 1050 Βσε
372 1010 428 1065 τῷ
454 1008 656 1061 ΖΠεχεμὲτ
708 1008 839 1061 λέγων
877 1007 933 1056 ὥς
991 1005 1101 1060 »ἐγώ
1141 1005 1216 1062 τὴν
1241 1009 1458 1060 βασιλείαν
1505 1007 1732 1062 παρέδωκα

286 1074 343 1130 τῷ
374 1075 501 1130 κυρίῳ
545 1088 642 1126 μου,
674 1075 747 1113 καί
777 1071 859 1114 α’πὸ
893 1075 967 1114 τοῦ
993 1074 1066 1114 νῦν
1093 1068 1168 1113 οὔκ
1194 1071 1284 1125 ἐἰμί
1307 1074 1381 1115 τοῦ
1413 1071 1678 1129 ὃεφενδεύειν
1702 1067 1734 1113 ἃ

285 1139 553 1193 ὖπεσχέθην·
609 1135 712 1191 λάβε
741 1136 795 1179 τὰ
825 1135 1018 1193 ἔγγραφοι
1045 1136 1075 1179 (ἲ
1100 1136 1274 1189 ἔδωκας,
1307 1137 1381 1179 καί
1407 1136 1479 1187 ὃὸς
1502 1136 1552 1180 τὰ
1583 1136 1734 1194 ἡμέτε-

287 1220 369 1259 ρα,
398 1202 470 1245 καί
497 1202 567 1245 ἔσο
610 1202 668 1251 ὥς
694 1200 839 1255 βούλει
865 1201 969 1255 μετὰ
997 1204 1073 1244 τοῦ
1111 1201 1239 1259 ῥηγὸς
1267 1206 1340 1258 τῆς
1372 1203 1628 1258 Οιῖγγριάς.”
1653 1197 1730 1243 0:15-
1748 1201 1795 1243 ¹5
1830 1211 1838 1220 “

284 1287 332 1324 τη
362 1264 414 1324 ἢν
460 1268 486 1322 ἡ
522 1266 638 1310 αἰτία
677 1270 750 1322 τῆς
779 1269 980 1323 ἀφίξεως.
1048 1270 1146 1323 περί
1175 1270 1221 1309 δὲ
1248 1269 1429 1322 βουλῆς,
1462 1263 1512 1323 ἧς
1542 1269 1618 1309 ov'x
1645 1264 1733 1308 ἔδει

285 1335 602 1388 συμβουλεῦσαι
640 1333 696 1382 ὥς
724 1332 930 1388 ὑπάρχων
956 1334 1228 1389 Χριστιανός,
1258 1329 1391 1384 οὕτως
1419 1332 1602 1384 οἰκούσας
1628 1334 1731 1389 γρά-

286 1417 369 1456 φω.
430 1401 594 1452 λέγεται
637 1396 700 1439 ὅτι
738 1397 845 1450 μετὰ
878 1398 950 1454 τήν
981 1398 1123 1454 τρίτην
1153 1394 1306 1454 ἧτταν,
1335 1397 1383 1454 ἣν
1410 1396 1583 1455 φθάσας
1611 1396 1632 1439 ὅ
1660 1397 1731 1440 λό-

285 1482 355 1521 γος
391 1466 599 1520 ἐδήλωσε,
646 1462 823 1520 φεύγων
859 1464 881 1506 ὅ
922 1463 1095 1519 Ἰάγκος,
1132 1467 1204 1506 καί
1231 1466 1312 1518 οὐχ
1357 1464 1413 1514 (ὃς
1441 1461 1591 1520 ἢθελεν
1618 1461 1648 1520 ἢ
1673 1463 1732 1513 ὥς

285 1529 440 1586 ἔπρεπε
470 1528 723 1583 καταλαβών
751 1530 804 1572 τά
839 1530 998 1583 οἰκεῖα,
1030 1528 1156 1584 ἔτυχέ
1185 1545 1296 1579 τινος
1326 1532 1409 1571 τῶν
1435 1527 1730 1586 πνευματοφό-
1742 1540 1794 1566 20

286 1612 370 1650 ρων
400 1597 566 1650 ἀνδρῶν
608 1594 876 1650 διηγούμενος
921 1595 974 1637 τὰ
1007 1600 1081 1650 τῆς
1108 1594 1259 1651 ἥττης,
1302 1595 1373 1637 καί
1397 1597 1616 1651 α’ὃημονῶν
1643 1596 1732 1645 παῖς

285 1663 311 1717 ἡ
340 1661 448 1716 τύχη
487 1660 537 1703 τοὶ
575 1664 655 1703 τῶν
679 1660 897 1714 Ῥωμαίων
941 1665 1160 1703 κατέλιπεν
1192 1662 1280 1703 ’καί
1306 1663 1411 1716 πρὸς
1438 1660 1537 1711 τούς
1565 1663 1731 1716 α’σεβεΐς

282 1725 473 1782 χαροπὰν
501 1725 694 1780 ἔβλεψεν.
755 1727 776 1768 ὁ
809 1729 854 1769 δὲ
882 1729 1017 1783 γέρων
1046 1728 1293 1783 ἁπεκρίνατο
1323 1725 1469 1782 ,,ἴσθι,
1507 1728 1664 1769 τέκνον.
1692 1726 1734 1768 εἰ

286 1878 395 1917 quate
411 1899 419 1913 ‚
449 1873 499 1906 ita
525 1878 565 1905 ut
594 1873 632 1906 in
660 1874 831 1918 trianguli
855 1875 1003 1919 figuram
1029 1873 1199 1919 dispositi
1226 1877 1437 1916 cernantur-3
1461 1873 1562 1906 illam
1589 1872 1729 1905 moeni-

285 1931 344 1951 um
373 1925 509 1963 partem
532 1920 570 1952 in
595 1926 725 1953 terram
743 1933 846 1954 ruere
872 1922 1103 1966 conspicies.“
1127 1922 1265 1966 placuit
1288 1921 1501 1960 consilium,
1529 1918 1587 1952 cui
1610 1919 1731 1964 paruit

287 1967 429 2006 artifex,
448 1978 516 1999 nec
542 1978 707 2000 successu
734 1968 859 2001 caruit.
885 1980 957 2014 qua
983 1969 1123 2001 ratione
1144 1978 1228 2001 vero
1254 1967 1428 2012 impulsus
1452 1965 1640 2010 Hungarus
1664 1965 1730 1998 ille

287 2019 479 2056 tyrannum
514 2013 582 2047 hac
619 2014 663 2047 (le
702 2026 739 2047 re
763 2016 967 2057 monuerit,
1001 2015 1186 2048 enarrabo.
1223 2025 1316 2047 anno
1341 2014 1406 2046 illo
1435 2013 1639 2057 Hungariac
1667 2023 1729 2045 rex

288 2060 529 2093 Romanorum
554 2061 750 2106 imperator
774 2062 980 2107 designatus
1016 2062 1134 2095 fuerat
1160 2067 1197 2094 et
1220 2072 1239 2092 a
1264 2072 1357 2106 papa
1382 2060 1532 2093 Nicolao
1561 2069 1729 2092 coronam

290 2113 486 2150 acceperat.
525 2113 756 2142 exauctorato
787 2110 895 2141 etiam
927 2111 1053 2149 laum,
1082 2109 1144 2153 qui
1169 2107 1341 2140 curatoris
1365 2107 1510 2139 nomine
1535 2116 1590 2138 res
1614 2104 1729 2138 admi-

288 2153 519 2195 nistraverat,
539 2165 602 2187 rex
625 2156 701 2200 ipse
724 2155 920 2200 imperator
946 2155 1294 2189 administrationem
1319 2153 1418 2197 regni
1441 2153 1642 2185 universam
1670 2162 1729 2184 ca-

287 2200 438 2243 pessivit
462 2211 502 2232 ac
526 2202 693 2246 suscepit.
718 2213 871 2246 cumque
906 2213 1031 2247 pacem
1060 2203 1097 2235 in
1125 2202 1321 2234 triennium
1348 2211 1426 2232 cum
1437 2198 1639 2232 Mehemete
1663 2209 1729 2242 pa-

290 2251 366 2277 ctus
394 2252 488 2279 esset
511 2248 655 2290 laneus,
694 2250 911 2294 sesquianno
936 2249 1048 2294 ipsius
1074 2249 1145 2281 iam
1171 2253 1316 2288 exacto,
1342 2247 1430 2279 talia
1457 2244 1654 2279 Mehemeti
1678 2245 1728 2277 si-

289 2292 480 2335 gnificavit.
525 2295 624 2338 regni
658 2295 970 2328 administratione
1003 2296 1079 2340 ipse
1100 2305 1156 2327 me
1193 2293 1374 2333 abdicavi,
1417 2297 1454 2325 et
1478 2291 1623 2324 domino
1645 2301 1726 2323 meo

290 2349 367 2370 eam
394 2339 539 2372 tradidi.
566 2352 658 2386 quae
687 2342 873 2386 pollicitus
901 2354 988 2382 suni,
1016 2343 1054 2374 in
1079 2347 1262 2386 posterum
1285 2341 1423 2383 integra
1446 2343 1626 2383 praestare
1652 2341 1720 2370 am·

287 2384 383 2429 plius
409 2397 563 2430 nequeo.
590 2399 677 2431 quas
702 2389 850 2434 scriptas
875 2399 957 2433 ergo
989 2388 1131 2421 tabulas
1158 2387 1263 2420 nobis
1288 2385 1492 2426 credidisti,
1517 2385 1588 2417 tibi
1610 2383 1726 2424 habe,

287 2437 502 2477 nostrasque
545 2433 633 2466 mihi
670 2435 792 2468 redde.
826 2447 906 2468 cum
941 2435 1144 2479 Hungariae
1178 2444 1284 2478 porro
1325 2443 1427 2476 rege,
1452 2436 1493 2463 ut
1517 2431 1587 2464 tibi
1610 2431 1726 2463 visum

287 2477 373 2516 erit,
398 2484 434 2510 te
461 2480 620 2522 gesseris.
646 2481 714 2513 hoc
740 2481 784 2514 de
809 2482 953 2526 negotio
978 2487 1120 2514 acturus
1145 2479 1395 2524 apocrisiarius
1419 2478 1635 2521 legationem
1661 2476 1727 2509 ob-

285 2523 387 2556 ierat.
413 2524 457 2557 dc
483 2526 634 2558 consilio
663 2539 768 2568 vero,
794 2528 893 2572 quod
916 2527 1028 2568 hunc,
1055 2539 1132 2560 cum
1161 2525 1384 2559 Christianus
1412 2529 1524 2566 esset,
1549 2534 1726 2568 nusquam

287 2569 373 2603 dare
399 2570 531 2612 decuit,
560 2572 605 2604 ab
630 2573 711 2606 aliis
737 2586 830 2618 quae
848 2575 970 2619 accepi
992 2574 1153 2607 reseram.
1169 2573 1261 2606 fama
1284 2577 1339 2605 est
1354 2572 1512 2611 laneum,
1535 2577 1727 2615 postquam

285 2617 396 2651 tertio
419 2618 532 2650 victus
557 2620 653 2663 turpi
689 2620 772 2664 fuga
811 2621 954 2654 domum
981 2621 1113 2654 invitus
1141 2619 1365 2664 repetiisset,
1391 2617 1532 2650 cuidam
1549 2617 1626 2649 viro
1654 2616 1728 2661 spi-

287 2663 358 2695 ritu
383 2664 596 2708 prophetico
627 2666 802 2710 impulsO,
827 2668 866 2700 in
889 2679 996 2712 quem
1021 2679 1104 2701 casu
1128 2666 1259 2699 incidit
1282 2664 1419 2698 cladem
1445 2674 1551 2708 quam
1579 2673 1728 2707 accepe-

285 2714 342 2742 rat
365 2711 585 2749 narravisse,
633 2717 670 2744 et
693 2714 927 2747 Romaeorum
964 2714 1094 2753 rebus,
1135 2724 1224 2758 quos
1251 2712 1394 2745 fortuna
1420 2710 1541 2755 impiis
1565 2709 1724 2742 arridens

285 2754 523 2797 deseruisset,
546 2757 798 2801 illacrimasse3
837 2759 994 2805 huicque
1020 2769 1141 2793 senem
1173 2759 1262 2793 talia
1289 2756 1532 2802 respondisse:
1561 2755 1680 2793 „istud
1705 2765 1724 2787 a
