1916 3210
451 175 662 219 lumen
700 176 1034 220 numanam
1083 174 1334 218 menam.
1505 154 1621 229 495

174 283 219 319 et
242 277 366 331 laici,
390 276 569 326 Caloieri
619 283 662 319 et
689 277 910 334 Calogree‚
936 284 1167 320 tornai-ono
1194 276 1274 319 alle
1299 290 1374 319 sue
1400 278 1622 331 provintie.

173 333 493 391 Non‘preterirb
520 347 601 375 con
629 333 789 374 silentio
813 341 956 389 questo
981 333 1089 375 altro
1113 332 1439 389 nephandissimo
1465 342 1624 391 specta-

241 402 280 433 o.
325 387 467 434 4Τιιηί
513 389 542 430 Ii
577 390 830 429 tabernaculi
865 388 972 430 dello
1002 391 1176 430 exercito
1214 403 1339 430 erano
1373 387 1488 442 pieni
1517 390 1624 431 delle

173 443 535 488 Grecerichezze.
607 444 819 485 Vedevase
848 444 876 484 li
917 445 1108 495 barbari,
1168 459 1213 485 er
1240 446 1278 486 la
1305 444 1477 486 victoria
1500 460 1624 500 sopra

172 499 212 541 81
234 499 393 540 mundo
424 499 643 555 petulanti,
672 507 834 554 portare
866 499 904 540 18
930 507 1043 541 cotte
1069 507 1108 541 et
1137 459 1166 540 ii
1194 499 1331 541 camisi
1359 501 1622 552 sacerdotali,

170 555 346 597 succinti
373 568 450 595 oon
479 554 506 595 Ii
534 555 682 610 zingoli
711 555 920 596 benedecti
961 564 1002 595 et
1030 570 1106 596 con
1136 556 1172 596 le
1202 556 1307 596 stole
1336 555 1476 608 (soro,
1506 557 1549 596 in
1583 556 1623 598 18

172 610 295 667 quale
323 624 395 651 era
421 617 606 651 contestu
631 610 785 665 l’agmcs
812 610 894 660 det,
926 611 1093 665 insegna
1118 617 1255 651 sancta
1276 609 1342 651 del
1365 619 1511 653 nostro
1541 613 1624 653 sal·

168 673 352 708 vactore.
408 665 514 707 Altri
539 667 724 707 haveano
755 666 903 708 disteso
932 681 1010 722 per
1035 674 1147 707 terra
1173 666 1212 707 18
1240 665 1520 709 adoratissime
1548 683 1625 708 an·-

168 735 276 764 cone
316 721 426 763 della
466 721 709 762 intemerata
755 737 957 777 vergene,
1000 730 1133 763 matre
1162 722 1214 764 de
1256 721 1354 773 dio,
1382 730 1424 763 et
1450 723 1517 764 del
1546 738 1625 764 suo

169 775 392 820 benedecto
421 777 571 832 figliolo
619 792 692 832 per
718 785 858 818 nostra
885 778 1013 818 salute
1041 785 1175 819 morto
1207 785 1248 818 et
1276 777 1506 829 crucifisso,
1537 793 1627 819 ma-

221 832 334 886 111οἀ0
364 840 404 874 et
432 833 620 875 bevendo
648 833 755 874 colle
783 835 924 887 patine
951 841 992 874 et
1012 835 1126 874 calici
1153 833 1271 874 d'oro
1296 835 1526 875 consacrati
1552 834 1625 874 alli

168 846 298 944 {livini
341 889 487 940 altari,
526 889 602 929 che
646 888 838 929 solevano
867 904 1060 929 recevere
1085 889 1122 930 81
1154 903 1281 943 801·ρο
1309 897 1351 930 et
1375 904 1527 945 sangae
1556 890 1626 931 (181

171 943 353 985 salvator
395 953 534 985 nostro
551 973 564 996 ,
605 945 743 999 signor
781 947 871 985 Iesu
901 945 1081 989 Christo.
1119 944 1194 985 che
1223 944 1381 986 din-emo
1403 945 1468 986 dei
1497 945 1592 986 libri
1610 975 1626 997 ‚

169 997 278 1040 delle
300 1005 478 1040 carrette
502 1002 623 1052 piene
650 999 779 1052 sparti
809 1015 880 1052 per
905 1007 1011 1040 tutta
1041 1001 1079 1040 la
1106 1000 1303 1040 Romania
1333 1008 1374 1042 et
1400 1000 1628 1041 Anatolia?

167 1053 250 1095 Per
287 1068 370 1094 uno
409 1056 613 1094 numisma
651 1053 883 1094 vendivano
928 1053 1028 1094 dece
1058 1053 1153 1094 libri
1181 1054 1396 1104 theoloici‚
1428 1056 1628 1097 Platonici

169 1115 212 1151 et
239 1108 518 1158 Aristotelici‚
543 1117 595 1150 ‘ct
623 1109 742 1159 altri,
772 1111 904 1163 poeti,
933 1110 1081 1164 storyci
1109 1116 1153 1150 et
1183 1112 1354 1154 oratori.
1410 1111 1457 1152 Li
1488 1125 1627 1152 sacra·

167 1164 314 1207 tissimi
360 1164 686 1220 evangelistar-ii,
736 1163 966 1205 desficando
993 1164 1031 1204 le
1059 1179 1131 1206 sue
1160 1164 1271 1206 holle
1297 1164 1417 1206 d’oro
1447 1173 1489 1206 et
1520 1166 1629 1207 d'ar-

167 1227 299 1273 zento,
326 1227 445 1276 parte
474 1220 720 1271 vendivano,
748 1227 862 1274 parte
881 1219 1108 1261 buttavano
1135 1222 1219 1261 via.
1275 1220 1327 1261 El
1358 1223 1501 1276 quinto
1530 1237 1628 1264 zor-

170 1291 226 1317 no
256 1277 376 1330 (oime
402 1283 571 1317 zornate
613 1277 787 1317 obscure
812 1283 852 1316 et
880 1275 1095 1317 tenebrose
1126 1284 1167 1317 et
1196 1275 1248 1316 ad
1280 1276 1513 1318 recordarle
1541 1285 1626 1318 ter·

169 1331 290 1374 ribile
320 1339 362 1374 et
389 1333 620 1387 spaurosel)
654 1330 772 1372 entrb
802 1332 837 1372 el
866 1336 1045 1386 tyranno
1076 1332 1116 1371 in
1135 1331 1295 1383 Galata,
1324 1332 1432 1374 dove
1459 1346 1708 1381 comen-313

167 1388 224 1429 db
250 1388 327 1430 che
351 1387 515 1430 fosseno
537 1387 758 1441 conscripti
793 1386 889 1427 tutti
921 1386 1044 1441 quelli
1070 1387 1145 1427 che
1165 1387 1413 1428 habitavano
1444 1389 1486 1428 in
1508 1390 1626 1444 quel-

167 1443 208 1486 la
235 1451 357 1494 terra.
387 1451 430 1484 et
455 1442 665 1484 trovando
697 1443 823 1483 molte
850 1456 939 1483 case
966 1449 1122 1483 serrate
1142 1442 1183 1483 di
1211 1443 1363 1496 Latini,
1391 1444 1468 1484 che
1495 1459 1626 1485 erano

169 1499 280 1541 fuziti
314 1498 417 1540 colle
443 1513 578 1551 nave,
621 1497 821 1539 comandb
847 1498 925 1539 che
954 1500 1115 1539 fosseno
1142 1506 1281 1553 aperte
1304 1498 1345 1540 le
1372 1513 1463 1540 case
1490 1514 1559 1540 soe
1586 1507 1628 1541 et

169 1557 320 1611 scripte
353 1561 458 1596 tutte
497 1554 536 1595 Ie
565 1568 659 1595 cose
691 1554 767 1594 che
809 1568 852 1595 se
879 1561 1106 1594 trovavano
1137 1555 1178 1594 in
1209 1553 1372 1610 quelle3
1406 1561 1448 1595 et
1474 1570 1517 1596 se
1548 1556 1629 1597 fine

170 1625 196 1652 a
221 1612 284 1652 tre
327 1611 429 1651 mesi
470 1618 720 1660 toi-navam,
753 1610 972 1650 havesseno
1012 1610 1179 1664 podesta
1209 1610 1314 1650 delle
1343 1625 1434 1651 case
1461 1618 1503 1651 et
1531 1626 1639 1653 cose,

168 1675 271 1718 soe,
306 1672 349 1708 et
383 1680 427 1707 se
469 1680 552 1706 non
596 1673 846 1714 tornavano‚
893 1665 1054 1706 fosseno
1096 1665 1163 1706 del
1203 1665 1349 1707 ducha.
1418 1667 1628 1721 Appi-esso

171 1721 374 1764 comandb
401 1721 478 1762 che
505 1728 615 1762 tutto
644 1720 845 1762 l’exercito
875 1728 918 1761 et
944 1720 983 1761 18
1011 1720 1109 1762 ville
1135 1721 1426 1762 circumvicine
1453 1724 1630 1763 venisse-

170 1791 227 1818 no
272 1777 324 1818 ad
361 1773 570 1831 spianare.
591 1777 630 1817 18
675 1791 794 1818 mure
833 1776 884 1816 de
919 1775 1093 1828 Galata,
1122 1777 1198 1817 che
1238 1785 1408 1817 stavano
1440 1792 1562 1818 verso
1590 1777 1630 1818 Ia

169 1831 337 1882 seocha,
367 1831 554 1872 lassando
585 1831 711 1886 quelli
740 1833 816 1872 che
844 1845 945 1872 sono
974 1846 1091 1872 verso
1122 1831 1159 1872 81
1189 1839 1339 1886 porto3
1371 1833 1411 1873 lo
1444 1833 1542 1888 qual
1566 1847 1631 1873 co-

170 1888 459 1929 mandamento
497 1886 663 1926 subbito
698 1887 742 1927 fo
785 1886 1004 1941 adempito.
1077 1887 1291 1941 Appresso
1320 1888 1523 1929 comandb
1553 1888 1629 1930 che

171 1945 279 1985 fosse
307 1943 412 1984 facte
442 1941 600 1982 calcine
628 1957 706 1996 per
732 1942 867 1982 tutto’l
897 1956 1002 1983 mese
1030 1941 1082 1982 de
1111 1944 1294 1996 Augusto
1321 1957 1395 1996 per
1424 1944 1629 1984 instaura-

170 1999 272 2040 reli
302 1999 410 2038 muri
446 1999 574 2039 cazuti
611 1996 718 2038 della
761 1998 905 2040 citade.
973 1998 1092 2037 Della
1119 2000 1269 2039 Grecia
1307 2006 1348 2038 et
1378 1998 1482 2039 delle
1510 2005 1629 2054 parte

171 2055 226 2096 de
257 2055 433 2096 Oriente
464 2054 696 2108 conscripse
736 2053 925 2107 fameglie
952 2054 1093 2107 zinque
1120 2053 1259 2102 milia,
1287 2053 1364 2094 alle
1392 2054 1513 2109 quale
1542 2055 1629 2096 fece

171 2111 239 2152 far
273 2110 612 2151 comandamento
652 2115 759 2149 sotto
806 2123 910 2163 pena
942 2108 1050 2149 della
1080 2115 1183 2149 testa
1214 2110 1289 2149 che
1319 2124 1392 2164 per
1420 2116 1528 2150 tutto
1555 2111 1627 2150 Se-

171 2166 370 2223 ptembrio
398 2165 566 2206 dovesse
594 2165 711 2205 venir
732 2164 783 2205 ad
814 2165 976 2204 habitar
1010 2165 1050 2204 in
1081 2164 1432 2220 Constantinopoli
1459 2173 1567 2206 sotto
1587 2166 1625 2207 81

171 2236 352 2279 governo
376 2221 427 2262 de
452 2220 660 2262 Soleiman
688 2234 765 2260 suo
799 2220 979 2263 schiavo.
1007 2220 1059 2260 El
1088 2221 1238 2273 templo
1269 2221 1421 2275 grande
1449 2221 1501 2262 de
1521 2223 1625 2262 San·

173 2286 241 2319 cta
268 2277 419 2332 Sophia
450 2277 532 2318 fece
550 2275 740 2316 Moschea
767 2275 806 2316 al
835 2290 908 2316 suo
937 2275 1094 2330 pseudo
1110 2276 1342 2330 -propheta
1373 2277 1626 2321 Mahometh.

171 2333 221 2375 Li
248 2333 340 2375 altri
375 2335 503 2387 tempi
540 2334 742 2372 rimaseno
784 2333 945 2386 expilati
974 2339 1014 2370 et
1042 2331 1201 2371 deserti.
1256 2332 1457 2385 Expedite
1486 2339 1627 2388 queste

172 2403 290 2439 cose,
325 2390 361 2430 81
390 2396 567 2444 tyranno
598 2387 816 2429 victorioso
848 2387 951 2427 ussc'i
986 2386 1090 2427 della
1118 2388 1198 2427 cita
1223 2388 1275 2426 ali
1303 2388 1444 2428 XVIII
1474 2389 1525 2428 de
1541 2390 1625 2428 Zu-

173 2459 256 2498 gno
279 2475 290 2492 ,
322 2444 524 2484 menando
557 2459 633 2484 con
662 2457 754 2483 seco
782 2450 887 2483 tutte
916 2442 954 2482 le
981 2456 1171 2496 generose
1214 2450 1401 2483 matrone
1421 2450 1463 2484 et
1491 2443 1529 2484 18
1553 2457 1626 2484 sue

174 2499 326 2554 figliole
356 2515 381 2540 a
409 2499 564 2540 cavallo
592 2507 632 2540 et
659 2500 699 2538 in
729 2505 918 2539 carrette.
974 2500 1031 2537 La
1067 2497 1264 2552 mogliera
1290 2498 1342 2539 de
1373 2498 1626 2553 Meghaduca

174 2556 284 2596 mox-“1
315 2557 357 2596 in
392 2555 426 2595 la
454 2555 588 2595 strada
606 2585 618 2607 ‚
647 2568 836 2608 appresso
868 2569 950 2594 una
979 2554 1075 2593 villa
1101 2554 1304 2594 chiamata
1331 2554 1509 2602 Messini‚
1544 2555 1625 2595 do-

173 2625 224 2652 ve
279 2609 319 2651 la
363 2610 501 2651 hanno
545 2609 748 2664 sepellita,
793 2610 941 2650 femina
985 2609 1308 2650 miserieordiosa
1333 2616 1373 2650 et
1406 2610 1447 2652 di
1479 2612 1704 2665 poveri314

174 2664 305 2707 molto
332 2665 701 2720 compassionevole
718 2694 729 2713 ‚
763 2674 872 2706 casta
890 2696 902 2717 ,
933 2665 1127 2705 astinente
1165 2673 1205 2706 et
1230 2666 1406 2719 patiente
1438 2666 1489 2706 de
1517 2672 1624 2706 tutte

175 2720 214 2761 le
241 2722 546 2775 perturbatione
575 2722 625 2761 de
655 2719 815 2760 l’anima
843 2728 883 2760 et
922 2719 987 2761 del
1018 2734 1158 2774 corpo.
1216 2722 1370 2761 Intrato
1400 2724 1443 2762 in
1473 2721 1623 2761 Andri-

175 2775 315 2832 nopoli
343 2791 424 2818 con
463 2777 613 2832 grande
641 2775 874 2831 triumpho,
911 2773 940 2815 li
970 2775 1145 2832 principi
1184 2775 1406 2819 Christiani
1437 2777 1489 2819 da
1517 2776 1622 2818 lonsi
