1890 3204
562 149 636 191 An
677 149 799 191 CAP.
837 148 961 190 xtxs
983 147 1181 191 NOTAE.
1491 131 1612 210 573

263 249 314 292 Ρ.
346 263 417 306 90,
449 250 491 303 4.
548 246 649 291 δ’δὲ
668 245 980 304 Μουσουλμάν]
1036 249 1136 301 Eius
1166 254 1343 290 mortem
1372 251 1516 293 eodem
1547 254 1611 295 fe-

146 319 194 351 re
236 305 359 346 modo
405 305 597 354 accidisse
633 307 803 346 Beccani
855 303 1036 344 Annales
1073 312 1113 345 et
1148 303 1317 346 historia
1359 306 1611 351 Verantiana

145 368 328 413 narrant.
359 361 546 402 dissentit
577 361 628 400 ab
662 361 741 400 illis
771 359 1066 403 Hanivaldana.
1105 360 1308 401 videndus
1338 360 1610 406 Leunclavius

77 463 80 466 ,
146 416 221 462 lib.
257 430 329 468 ιο,
358 431 404 456 ex
433 431 515 472 quo
544 430 697 456 annum
725 416 874 456 devicti
890 415 1140 455 Musulmani
1169 421 1302 456 textus
1328 420 1501 473 margini
1531 420 1609 462 ad..

147 471 329 522 iecimns.
361 472 573 521 Leonicus
592 470 664 511 lib.
695 470 720 523 4
748 485 832 511 rem
860 470 976 510 aliter
1013 486 1133 523 quam
1163 471 1231 512 alii
1259 481 1415 517 narrat.

166 523 169 526 ⁴
257 526 305 567 P.
332 540 405 582 91,
445 541 508 578 ¹9·
542 523 746 581 Καβούρ]
816 527 998 565 Gaurum
1035 535 1075 566 et
1102 528 1259 567 Gaui-os
1303 528 1444 569 scribit
1469 528 1610 578 Leun7-

144 581 318 634 cluvius,
344 583 472 623 Turci
491 583 645 624 Giaour
674 580 938 637 dissyllabum
957 582 1111 622 Gallica
1138 584 1488 637 pronunciatione.
1512 598 1608 625 ver-

143 636 251 679 bum
280 637 619 678 contumeliosum
665 645 750 688 est,
797 637 907 691 quod
949 635 1155 692 irfidelem
1194 638 1404 691 significat.
1471 640 1609 691 Moses

145 704 280 747 porro
309 691 480 739 fratrem
510 707 628 734 suum
649 692 957 733 Musulmanum
978 693 1162 733 Gaurum
1191 707 1261 734 seu
1293 693 1498 735 infidelem
1529 709 1606 751 ap..

145 746 274 802 pellat
315 747 371 787 ob
409 747 554 788 foedus
594 763 686 787 cum
715 750 960 802 imperatore
989 747 1180 789 Manuele
1208 749 1261 790 ab
1290 763 1340 790 eo
1369 764 1607 806 percussum

143 803 386 858 obsidesque
415 804 579 844 fratrem
608 818 655 843 ac
682 817 862 843 sororem
893 804 1019 843 datos.

255 855 308 902 P.
328 873 410 914 91,
444 873 512 899 αι.
577 855 654 912 τήν
698 858 918 912 ῥομφαίαν
971 859 1050 898 τοῦ
1092 854 1333 914 προφήτου]
1399 859 1464 901 De
1490 860 1736 917 HalisP.239

141 913 305 962 acinace
327 911 401 956 hic
429 913 546 963 locus
576 913 862 968 intelligendus
891 920 974 965 est3
1007 914 1060 954 de
1087 928 1169 969 quo
1195 914 1364 955 Leuncl.
1395 914 1490 958 hist.
1511 918 1607 958 Mu-

141 966 263 1010 sulm.
290 968 362 1010 lib.
401 984 415 1010 ι
450 984 496 1010 ex
527 969 713 1010 Arabum
747 977 795 1010 *et
825 970 1056 1010 Turcorum
1087 972 1360 1010 monumentis
1392 971 1450 1010 sic
1477 972 1607 1014 disse-

142 1025 213 1067 rit.
239 1025 343 1065 ’1ιίηο
382 1026 487 1066 illae
521 1025 916 1066 Muhametanorum
934 1025 1133 1077 fabellae
1171 1025 1224 1065 de
1268 1025 1378 1066 illius
1407 1026 1606 1069 Sulfioare

137 1078 212 1132 (sic
251 1080 345 1120 Alis
382 1082 589 1121 acinacem
625 1082 838 1122 nominare
876 1082 1189 1132 consueverunt)
1235 1095 1356 1137 quem
1401 1094 1605 1136 narrant,

139 1136 293 1190 quoties
312 1134 480 1188 v‘vagina
518 1136 779 1188 educeretur,
811 1137 868 1175 ita
905 1150 947 1175 se
975 1136 1163 1177 divisisse
1201 1144 1244 1176 ut
1267 1137 1444 1190 gena‘mcs
1470 1136 1605 1191 ffce-

138 1199 271 1241 mur,
319 1192 471 1232 cubitos
503 1191 551 1231 18
575 1192 741 1245 longus,
782 1200 821 1230 et
843 1190 958 1230 Altm
986 1205 1032 1231 eo
1063 1200 1206 1232 contra
1232 1190 1394 1232 Gaurus
1430 1201 1605 1236 utentem

139 1244 192 1285 ab
223 1254 391 1303 utroque
436 1247 560 1287 latere
588 1260 669 1286 non
710 1247 839 1287 aliter
863 1246 972 1301 ipsos
1011 1260 1064 1286 ac
1090 1255 1259 1300 segetem
1286 1260 1481 1287 messores
1502 1263 1605 1305 pro-

138 1308 320 1342 sternere
345 1302 512 1342 solitum
525 1331 537 1353 ‚
567 1315 621 1342 ac
651 1311 802 1341 montes
833 1302 953 1341 etiam
999 1316 1067 1341 seu
1092 1303 1273 1358 scopulos
1298 1315 1345 1342 eo
1380 1301 1606 1344 dissecuis-

137 1369 195 1396 se.
225 1370 310 1396 mos
336 1356 522 1398 indidem
548 1355 723 1397 inolevit
748 1364 793 1396 ut
822 1358 867 1396 in
895 1357 1132 1397 militat-ihm
1158 1359 1284 1410 signis
1316 1356 1607 1400 Mmulmano-

138 1425 230 1451 rum
255 1412 320 1452 laic
353 1412 446 1452 Alis
473 1413 653 1460 acinam,
701 1411 788 1452 sive
818 1411 989 1451 Sulflcar
1005 1441 1016 1461 ‚
1044 1413 1157 1452 velut
1183 1414 1454 1466 inampicatus
1483 1413 1604 1454 Cleri,

136 1467 304 1516 stianis,
318 1469 487 1521 faustus
514 1469 612 1522 ipsis
638 1469 911 1522 exprimatur.
942 1468 982 1506 in
1011 1467 1394 1522 superliminaribus
1421 1483 1605 1524 quarun-

137 1520 233 1562 dam
277 1522 440 1563 aedium
482 1521 741 1577 publicarum
773 1521 892 1576 Cpoli
920 1522 997 1562 hoc
1026 1521 1197 1563 Sulficar
1225 1537 1458 1578 expressum
1485 1524 1605 1565 bifidi

136 1578 246 1617 'ensis
272 1577 401 1634 figura
429 1578 541 1630 vidi,
569 1585 604 1618 el
637 1577 818 1633 gladium
860 1577 976 1618 Halis
1004 1578 1204 1632 appellari
1233 1579 1286 1619 ab
1312 1578 1458 1620 incolis
1485 1580 1606 1620 audi-'

136 1633 192 1673 vi.
221 1631 303 1685 hoc
343 1628 639 1689 μὀρμολυκείῳ
683 1641 724 1673 et
768 1633 1101 1685 terriculamento
1138 1648 1339 1688 pavorem
1363 1634 1605 1686 Christianis

137 1686 306 1728 iniicere
332 1703 430 1743 gens
457 1689 615 1729 viribus
645 1689 727 1728 suis
756 1690 928 1736 nimium
959 1689 1115 1729 confisa
1141 1689 1287 1729 credit.

209 1748 212 1751 ’
251 1743 302 1787 Ρ.
326 1758 397 1798 92,
436 1757 494 1784 ιο.
551 1742 717 1794 πρῶτον
736 1743 817 1794 μὲν
845 1743 891 1784 ἐν
911 1741 1066 1799 Σερβιξι
1089 1743 1367 1799 κατέδραμεν]
1427 1745 1602 1786 Adeun-

139 1796 217 1838 dus
238 1796 518 1845 ‚Leuuclaviu's
561 1797 632 1838 lib.
668 1811 710 1837 11
744 1798 838 1840 hist.
878 1798 1069 1838 Musulm.
1103 1813 1126 1838 a
1160 1799 1411 1839 Muhamede
1437 1815 1512 1854 per
1538 1801 1601 1841 le..

136 1859 250 1907 gatos
281 1853 332 1894 ad
362 1853 508 1894 foedus
538 1853 838 1907 amicitiamque
865 1854 1184 1893 contrahendam
1205 1854 1441 1894 Manuelem
1470 1856 1602 1910 impe-

137 1915 315 1949 ratorem
340 1909 599 1949 sollicitatum
624 1908 876 1949 Verantiana
905 1917 944 1948 et
970 1909 1255 1949 Hanivaldana
1287 1910 1480 1951 historiae
1511 1919 1598 1951 tra-

135 1963 254 2008 dunt.
283 1964 353 2004 illa
381 1965 535 2006 victum
562 1978 586 2004 a
618 1963 848 2003 Mehemete
883 1966 1039 2004 Mosem
1063 1965 1197 2017 primo
1227 1979 1469 2019 congressu,
1496 1966 1599 2008 haec

134 2033 236 2060 vero
273 2020 456 2061 secundo
494 2019 654 2074 praelio
692 2020 862 2070 asserit,
901 2026 942 2059 et
978 2027 1151 2073 utraque
1190 2020 1348 2060 Mosem
1389 2021 1432 2060 in
1461 2022 1598 2063 fratris

134 2076 199 2114 sui
241 2075 483 2116 Mehemetis
517 2088 661 2115 manus
698 2076 837 2115 vivum
881 2074 1093 2114 devenisse
1131 2074 1348 2116 affirmant.
1383 2077 1436 2116 de
1482 2078 1598 2118 Mose

134 2129 344 2171 Laonicus
383 2131 453 2173 lib.
483 2129 510 2182 4
547 2129 770 2170 adeundus.
841 2130 1048 2170 Phranzes
1085 2132 1206 2170 etiam
1236 2130 1307 2170 lib.
1356 2145 1370 2170 ι
1410 2146 1498 2186 cap.
1541 2133 1596 2174 50

134 2184 307 2226 istorum
337 2186 525 2226 Baiazitis
558 2185 737 2224 filiorum
774 2199 839 2225 res
870 2192 1002 2239 gestas
1042 2192 1212 2236 narrat3
1241 2193 1465 2241 nostroque
1493 2202 1597 2228 con-

134 2242 283 2290 sentit,
325 2256 417 2282 cum
446 2241 569 2282 semel
618 2248 739 2294 atque
772 2241 922 2280 iterum
960 2240 1118 2280 victum
1150 2241 1423 2282 Mehemetem
1452 2257 1476 2283 a
1502 2245 1594 2284 Mo-

134 2310 178 2335 se
218 2299 448 2349 recessisse,
493 2297 618 2337 tertio
666 2295 833 2336 tandem
880 2297 1033 2350 praelio
1075 2293 1246 2337 victoria
1283 2299 1464 2352 potitum
1507 2312 1594 2340 esse

134 2351 291 2396 scribit.

247 2408 297 2451 P.
328 2408 408 2463 95,
449 2407 512 2449 15.
567 2406 651 2447 πᾶν
677 2403 726 2446 τὸ
768 2406 814 2446 ἐν
838 2404 1044 2458 μετώποις
1071 2406 1265 2461 γραφέν]
1334 2408 1447 2449 iuxta
1475 2423 1593 2449 men-

131 2467 215 2500 tem
246 2463 569 2504 Musulmanicae
596 2462 830 2515 religionis,
859 2476 966 2516 quae
1004 2462 1420 2515 praedestinationem
1463 2464 1595 2505 inevi-

132 2516 545 2573 tabilem‚adstruit,
584 2517 769 2572 nihilque
811 2532 858 2558 ex
894 2517 1073 2558 hominis
1119 2518 1332 2560 voluntate
1357 2518 1485 2560 libera
1506 2519 1594 2560 fieri

133 2574 296 2613 asserit.
1187 2591 1196 2600 '

245 2629 294 2672 P.
326 2629 397 2684 96,
431 2631 494 2670 13.
555 2623 719 2682 ἔπεσεν]
779 2629 913 2668 Moses
940 2629 1118 2670 vincitur
1147 2634 1190 2669 et
1212 2630 1462 2670 interficitur
1485 2645 1593 2683 anno

134 2682 310 2745 [iegirae
337 2685 444 2736 816,
491 2684 564 2739 qui
605 2685 736 2737 coepit
777 2698 886 2725 anno
921 2683 1073 2726 Christi
1117 2683 1245 2739 1415,
1285 2685 1443 2741 Aprilis
1480 2686 1504 2726 3
1532 2686 1593 2726 fe·

133 2749 198 2778 ria
226 2752 267 2780 2.
