1916 3210
317 151 430 211 530
899 167 1183 209 numum

313 270 566 310 secrationem
609 269 707 308 anni
736 266 759 306 5
773 296 784 314 ‚
825 279 970 304 menses
1017 277 1058 302 11
1077 292 1099 313 ,μ
1131 262 1215 302 dies
1256 275 1303 302 10
1348 264 1611 314 transierunt.-
1651 275 1760 314 αηηο

313 326 417 364 enim
445 325 496 364 ab
535 323 626 364 orbe
653 322 808 363 condico
848 319 959 359 6008
972 347 984 369 ,
1022 317 1169 366 Ιηᾱίεῑ.
1198 317 1300 367 XV,
1339 317 1555 370 Februarii
1578 318 1727 369 dte-23
1744 350 1757 369 ‚

306 378 414 419 ᾖον-α
445 379 532 418 diei
550 380 694 434 prima
709 407 720 425 ,
752 375 996 414 lastinianus
1022 373 1348 412 instaurationem
1364 372 1550 426 Magnae
1576 374 1761 424 ecckesiae

315 434 543 489 auspicatus
567 443 636 472 est.
694 433 738 471 In
770 430 846 468 hoc
872 428 1042 468 Cedreni
1071 426 1160 479 loco
1187 427 1379 466 mendum
1401 426 1556 477 librarii
1581 431 1762 474 occurrit

316 488 360 527 in
393 490 508 528 annis
538 486 678 527 mundi
707 486 771 524 hic
801 484 1064 523 enumeratis:
1096 483 1228 535 coepit
1246 481 1490 523 lastinianus
1517 484 1762 526 antiochii-

315 543 371 584 sti
401 544 505 597 527,
546 541 685 581 mundi
719 539 849 588 6035,
877 538 973 576 Kal.
1015 537 1218 589 Aprilibus
1255 551 1373 576 anno
1408 539 1494 578 eius
1521 539 1686 592 quinto,
1715 539 1760 581 id

314 605 375 638 est
400 598 472 637 531
499 597 664 645 Christi,
694 594 834 633 mundi
866 607 963 633 vero
989 592 1098 646 6059
1127 592 1191 632 vel
1218 590 1339 643 6040,
1368 592 1512 633 seditio
1544 592 1760 647 Cpolior-

314 660 357 692 ta
398 659 470 695 est.
527 650 752 691 Februario
791 662 928 688 mense
966 655 1106 701 coepta
1143 653 1206 686 est
1238 646 1483 702 reaedificari
1511 647 1554 688 S.
1585 647 1761 702 Sophiae

314 706 518 756 Basilica3
567 712 609 746 et
640 719 750 744 anno
779 704 863 743 eius
892 703 1107 742 undecimo
1133 708 1365 741 consecrata
1393 709 1474 753 est,
1502 703 1544 742 id
1574 711 1639 745 est.
1656 717 1764 744 anno

315 762 468 801 Christi
499 761 603 815 537,
643 759 694 798 ab
723 757 856 812 April.
899 759 993 798 Kal.
1036 757 1087 796 ad
1118 756 1287 796 similem
1327 758 1433 795 diem
1461 756 1559 802 anni
1587 757 1684 802 538.
1719 765 1760 799 et

313 823 360 855 ut
386 815 496 869 quod
524 817 655 855 sentio
685 814 837 863 dicam,
867 827 974 852 anno
1015 812 1156 851 mundi
1186 811 1314 864 6040,
1341 811 1567 852 Februario
1594 826 1758 864 mense,

314 870 448 923 coepit
490 869 707 910 instaurari
737 868 929 920 templum
952 868 994 907 S.
1028 867 1206 921 Sophiae
1223 896 1233 914 ‚
1274 866 1500 906 Indictione
1526 867 1601 907 IX.
1629 867 1686 909 ita
1714 875 1760 908 ut

314 924 528 978 legendum
579 927 631 965 sit
673 923 747 981 ,ςμ’
797 921 880 965 ἔτει
910 923 1054 963 ἰνὸίκτ.
1092 919 1129 961 3³
1150 951 1162 972 ‚
1201 934 1308 960 anno
1334 920 1463 973 6040,
1501 922 1651 963 Indict.
1681 923 1754 963 1X.

178 982 220 1019 V.
240 987 473 1033 166praeter
507 979 610 1020 illud
650 981 729 1019 alia
767 979 940 1031 collapsa
971 985 1042 1018 aut
1082 976 1280 1016 seditione
1317 976 1759 1023 factionumPrusinae

314 1049 362 1074 ac
400 1037 576 1074 Venetae
616 1035 825 1074 combusta
868 1033 1119 1072 instauravit.
1167 1030 1418 1083 xenodochia
1447 1038 1486 1071 et
1513 1034 1760 1078 monasteria

312 1090 504 1130 fabricari
533 1092 668 1141 iussit,
706 1092 833 1143 iisque
869 1089 1020 1128 reditus
1049 1101 1204 1126 annuos
1233 1086 1414 1140 ingentes
1442 1086 1648 1126 attribuit:
1677 1089 1758 1126 im-

312 1147 414 1198 perii
457 1146 554 1185 fines
588 1145 855 1185 barbarorum
892 1142 1189 1182 incursionibus
1215 1141 1462 1195 angustiores
1487 1141 1667 1183 redditos
1693 1141 1759 1182 di-

311 1199 468 1240 latavit.
508 1200 559 1240 de
608 1200 756 1254 quibus
795 1199 982 1239 omnibus
1021 1197 1211 1250 Procopii
1237 1204 1428 1237 tractatus
1458 1210 1524 1236 sex
1551 1195 1651 1251 περὶ
1673 1197 1758 1242 τῶν

312 1256 390 1294 τοῦ
413 1253 719 1295 Ἰουστινιανοῦ
750 1249 991 1304 κτισμάτων
1017 1253 1175 1306 legendi
1203 1259 1312 1291 sunt.

421 1311 490 1349 Ab
512 1324 631 1350 aerae
650 1310 897 1349 Christianae
915 1308 1096 1363 vulgaris
1113 1308 1228 1346 initio
1252 1307 1304 1346 ad
1316 1305 1622 1346 Constantinum
1642 1317 1757 1348 com·

181 1372 217 1406 Ρ.
232 1372 300 1407 208
313 1371 514 1417 putantur
543 1367 638 1404 anni
653 1364 729 1405 305
765 1371 803 1403 et
828 1366 947 1403 unius
974 1362 1148 1403 semissis
1174 1376 1266 1401 cum
1297 1361 1436 1400 diebus
1463 1360 1631 1415 aliquot.
1661 1375 1758 1411 nam

311 1427 472 1458 mortuo
490 1433 597 1458 anno
618 1419 713 1468 506,
740 1419 830 1458 Iulii
851 1419 918 1457 die
943 1418 1014 1468 25,
1035 1418 1267 1456 Constantio
1285 1415 1454 1465 chloro,
1483 1415 1569 1470 ipse
1594 1415 1756 1471 imperii

306 1474 430 1513 fasces
445 1476 632 1527 suscepit.
653 1488 867 1527 perperam
886 1473 1008 1527 igitur
1021 1479 1159 1511 noster
1177 1486 1197 1510 a
1211 1472 1369 1510 Christo
1382 1470 1432 1510 ad
1448 1471 1759 1511 Constantinum

307 1537 497 1568 numerat
508 1543 635 1568 annos
648 1530 669 1568 5
680 1529 739 1568 18.
754 1532 788 1568 A
804 1529 1073 1568 Constantino
1089 1528 1242 1580 pariter
1255 1526 1307 1566 ad
1319 1526 1584 1565 Iustinianum
1603 1526 1757 1566 erravit

306 1590 484 1623 statuens
504 1598 703 1623 annorum
724 1597 802 1623 210
825 1582 1101 1631 intervallum,
1125 1595 1219 1621 cum
1237 1595 1378 1620 revera
1391 1582 1688 1623 intercesserint
1702 1581 1756 1620 ab

308 1653 415 1678 anuo
445 1638 545 1689 506,
574 1640 664 1678 Iulii
684 1639 751 1688 25,
775 1638 826 1677 ad
854 1652 1006 1678 annum
1023 1639 1117 1690 527,
1136 1635 1400 1689 Kal.April.,
1428 1648 1510 1688 quo
1536 1635 1754 1689 imperium

307 1693 476 1747 adeptus
507 1700 567 1733 est
595 1693 865 1743 lastinianus,
896 1692 992 1732 anni
1026 1706 1101 1738 221
1139 1692 1247 1730 fere:
1277 1697 1451 1744 quatuor
1477 1691 1629 1744 quippe
1656 1704 1754 1744 pro-

307 1749 526 1802 pemodum
555 1762 709 1787 menses
737 1748 898 1787 desunt.
930 1749 1005 1787 ista
1045 1759 1306 1786 numerorum
1333 1744 1587 1798 perturbatio
1613 1747 1755 1785 etjam-

308 1803 404 1842 dum
433 1802 614 1842 cernitur
645 1805 685 1842 in
715 1803 784 1842 illo
811 1803 1005 1856 temporis
1031 1800 1264 1850 intervallo,
1294 1814 1376 1854 quo
1404 1799 1612 1840 Iustiniani
1639 1800 1756 1839 initia

309 1858 463 1897 distant
486 1872 509 1896 a
556 1858 825 1899 Constantino
855 1858 1000 1896 Leonis
1034 1857 1092 1895 lV
1120 1856 1170 1895 F.
1201 1863 1240 1895 et
1266 1855 1386 1901 liuius
1414 1854 1585 1908 coniuge
1611 1855 1752 1905 Irene,

309 1914 422 1966 quod
448 1919 588 1952 noster
620 1913 834 1953 historicus
862 1912 1001 1952 statuit
1030 1925 1227 1951 annorum
1262 1910 1354 1961 260,
1383 1924 1475 1949 cum
1503 1917 1638 1950 tamen
1664 1912 1753 1950 iux-

307 1975 349 2006 ta
394 1968 626 2008 historicam
674 1968 884 2008 veritatem
929 1967 1027 2007 anni
1068 1973 1224 2005 tantum
1257 1966 1334 2005 253
1379 1972 1660 2004 numerentur.
1690 1971 1752 2005 et-

307 2024 415 2062 enim
445 2036 538 2062 cum
569 2024 687 2062 Irene
714 2030 844 2062 matre
875 2025 1007 2076 coepit
1041 2021 1330 2061 Constantinus
1355 2034 1463 2059 anno
1482 2019 1632 2060 Christi
1648 2018 1751 2074 78⁰·

307 2092 329 2115 u
360 2078 625 2117 Constantino
671 2084 713 2117 et
739 2079 857 2118 Irene
901 2078 954 2117 ad
981 2076 1164 2116 Alexium
1191 2076 1443 2115 Comnenum
1467 2081 1651 2115 numerat
1679 2089 1752 2114 an-

308 2147 380 2171 nos
408 2140 545 2172 noster
565 2134 660 2186 295.
690 2133 810 2172 simul
828 2134 964 2186 itaque
990 2131 1171 2172 collectis
1199 2131 1420 2170 intervallis
1447 2144 1551 2184 quae
1577 2144 1602 2169 3
1632 2130 1751 2169 Chri-

306 2195 369 2226 sto
411 2189 461 2227 ad
501 2187 686 2227 Alexium
714 2188 967 2227 Comnenum
1010 2188 1180 2235 statuit,
1224 2186 1481 2238 reperiuntur
1508 2185 1602 2224 anni
1629 2184 1751 2238 elapsi

314 2242 433 2281 1083.
477 2243 569 2281 ideo
614 2243 812 2295 coepisset
856 2243 1018 2282 Alexius
1054 2241 1155 2292 1084.
1195 2242 1372 2280 ineunte.
1404 2242 1514 2280 iuxta
1541 2241 1752 2280 veritatem

306 2310 404 2335 vero
436 2297 759 2351 chronologicam
792 2312 898 2338 anno
930 2297 1080 2336 Christi
1117 2295 1213 2335 1081
1253 2295 1472 2349 imperium
1497 2294 1664 2347 adeptus
1692 2302 1752 2333 est

306 2351 472 2391 Alexius
501 2353 747 2392 Comnenus.
773 2360 991 2407 propterea
1019 2366 1042 2391 a
1072 2351 1336 2396 Constantino
1363 2357 1404 2390 et
1428 2351 1550 2390 Irene
1577 2349 1628 2388 ad
1658 2348 1751 2388 Alc-

307 2405 418 2444 xium
466 2422 604 2446 verum
652 2408 846 2461 temporis
891 2406 1153 2447 intervallum
1189 2409 1384 2445 statuitur
1425 2418 1622 2444 annorum
1652 2403 1748 2443 501.

307 2461 468 2500 videtur
498 2463 684 2515 equidem
724 2463 917 2502 historiae
958 2463 1076 2501 huius
1117 2467 1262 2500 auctor
1291 2461 1364 2506 lias
1392 2467 1624 2514 temporum
1655 2472 1750 2511 epo-

307 2515 402 2553 chas
430 2524 468 2555 et
494 2516 711 2557 intervalla
741 2531 786 2557 ex
815 2519 1009 2557 memoria
1037 2515 1318 2569 descripsisse:
1348 2530 1443 2554 nam
1467 2516 1541 2557 ista
1562 2528 1654 2552 cum
1688 2527 1751 2552 se·

307 2571 524 2623 quentibus
554 2574 752 2612 committi
786 2587 833 2613 ac
859 2573 1093 2612 concinnari
1123 2577 1349 2624 nequeunt.
1379 2584 1472 2609 cum
1500 2570 1609 2609 enim
1629 2582 1749 2607 occu—

306 2632 444 2678 patam
489 2640 511 2664 a
542 2627 695 2667 Latinis
736 2628 880 2667 urbem
910 2626 1072 2681 Cpolim
1113 2640 1219 2665 anno
1250 2625 1394 2670 mundi
1421 2625 1555 2679 6712,
1586 2623 1662 2662 hoc
1689 2630 1750 2662 est

307 2679 457 2719 Christi
507 2682 633 2730 1204,
682 2682 835 2734 Aprilis
875 2683 940 2722 die
975 2696 1045 2730 12,
1083 2688 1260 2729 statuat,
1308 2687 1573 2732 numeretque
1610 2679 1747 2718 Ducae

306 2735 557 2789 Murtzuphli
576 2767 587 2787 ,
617 2736 746 2776 Alexii
775 2738 920 2792 Angcli
951 2737 1117 2790 eiusque
1155 2737 1287 2775 fratris
1315 2737 1435 2776 isaaci
1462 2747 1619 2786 3111105,
1653 2732 1746 2787 qui-
