1890 3204
290 116 292 119 ¹
322 130 465 211 ,574-
894 149 1179 195 numum

433 252 484 295 Ρ.
511 266 653 308 97‚-7.
709 252 810 307 Cap.
839 265 902 292 20.
977 250 1244 293 Leunclavius
1271 252 1385 305 libb„
1403 261 1450 297 ια’
1476 263 1522 297 et
1546 257 1594 307 »5
1618 269 1764 300 eorum

322 320 427 359 quae
458 308 567 348 inter
603 307 835 349 Manueiem
873 309 1161 361 imperatorem
1197 316 1237 349 et
1276 312 1476 365 principes
1515 311 1766 354 Othmaneos

316 368 430 415 gesta
459 370 564 413 sunt,
594 362 698 403 nihil
728 363 876 416 attigit.
1514 387 1519 394 -

431 417 480 459 Ρ.
509 432 579 472 97,
614 419 678 458 25.
734 417 816 456 τῶν
844 412 1103 471 Ἰωαννίνων]
1170 417 1285 460 Urbs
1312 420 1427 474 Epiri
1454 422 1530 463 sub
1559 428 1765 477 metropo-

304 469 390 566 ,ἔξω
416 471 614 536 ῌευρειοῐί
657 470 869 520 Aetoliae,
914 470 1011 511 olim
1051 471 1243 527 Cassiope
1283 475 1510 530 appellata,
1549 491 1659 519 nunc
1698 479 1765 519 lo-

348 540 512 566 annma,
1536 550 1539 553 -
1608 566 1612 571 ,

430 582 480 621 Ρ.
510 581 582 635 98,
612 595 650 633 9.
707 579 874 625 στείλας
904 577 963 626 εἷς
993 576 1064 621 τὸν
1092 575 1204 635 ῥῆγα
1241 579 1438 640 ‘Rana-mg]
1496 586 1562 627 De
1594 585 1658 627 his
1673 599 1766 626 ,nu-

317 637 413 689 ptiis
459 650 583 689 pauca
608 635 812 676 Phranzes
850 634 918 674 lib.
957 647 992 674 ι.
1037 650 1124 690 cap.
1158 636 1225 680 38.
1253 639 1360 679 illius
1392 641 1536 681 Annae
1561 653 1587 680 a
1616 640 1766 682 Rhoda

318 704 389 732 seu
424 690 569 731 Russia
610 689 767 730 obitum
804 689 994 730 accidisse
1033 705 1142 731 anno
1170 691 1306 747 6925,
1345 694 1495 737 Christi
1543 694 1674 751 1417,
1723 702 1766 736 et

317 752 431 799 peste
472 752 749 798 consumptam
781 744 901 785 fuisse
922 745 1084 787 scribit...
1384 776 1387 779 -
1586 777 1590 783 -
1652 754 1654 758 “

429 799 480 841 P.
508 800 577 854 98,
618 814 678 854 ¹9.
745 796 767 838 ὅ
800 798 847 840 δὲ
884 795 1024 854 ἄλλος]
1091 801 1214 842 Hunc
1242 801 1422 843 filiorum
1449 804 1638 845 Baiazitis
1665 810 1764 845 natu

299 854 533 896 vminimum
574 855 848 895 Christianum
890 855 1012 894 fuisse
1035 861 1240 897 testantur
1278 858 1482 898 Laonicus
1514 857 1665 911 libai,
1692 861 1763 913 qui

320 911 453 949 lesum
482 924 574 949 eum
613 909 813 964 appellat,
850 917 889 950 et
927 909 1126 950 Phranzes
1153 910 1224 951 lib.
1261 925 1274 951 ι
1324 926 1414 968 cap.
1445 914 1521 966 3⁰,
1549 913 1668 968 eique
1693 915 1766 956 Iu*

319 964 423 1018 suph
452 979 522 1005 seu
555 966 775 1018 losephum
804 978 952 1004 nomen
987 965 1107 1007 fuisse
1131 967 1273 1010 tradit.
1331 978 1337 986 “
1607 973 1610 976 ’

427 1020 477 1060 Ρ.
513 1034 598 1070 100,
639 1034 674 1063 1.
731 1016 806 1060 καί
832 1019 1000 1067 στείλας
1045 1019 1092 1061 ἐν
1120 1018 1294 1078 Ἰταλίᾳ]
1352 1021 1440 1066 Hae
1465 1021 1665 1064 secundae
1694 1023 1764 1063 10-

316 1073 461 1117 hannis
500 1074 760 1130 imperatoris
796 1076 960 1127 nuptiae
1000 1075 1108 1115 iuxta
1146 1076 1376 1116 Phranzem
1411 1075 1645 1119 celebratae
1670 1085 1767 1118 sunt

316 1143 425 1169 anno
451 1129 558 1185 6927
576 1161 588 1182 ,
629 1130 782 1169 Christi
814 1129 945 1184 1419,
981 1131 1156 1170 Ianuarii
1187 1144 1257 1185 19,
1301 1132 1358 1172 ita
1383 1139 1439 1173 ut.
1459 1131 1669 1173 biennium
1697 1133 1765 1173 in-

315 1184 500 1225 tercedat
527 1191 575 1226 ut
609 1185 833 1239 plurimum
880 1185 990 1224 inter
1019 1193 1194 1226 mortem
1223 1185 1372 1226 Annae
1407 1201 1431 1226 a
1464 1187 1607 1228 Russia
1635 1193 1676 1228 et
1698 1200 1767 1228 se-

315 1240 465 1279 cundas
509 1240 607 1280 istas
643 1242 834 1294 nuptias,
867 1254 1122 1294 nequaquam
1160 1255 1261 1281 vero
1288 1242 1516 1282 triennium
1541 1242 1765 1283 seeundum

314 1294 454 1334 Ducae
479 1295 679 1335 calculum
695 1325 706 1342 ‚
737 1295 810 1349 qui
836 1294 944 1334 hanc
967 1295 1139 1335 alteram
1159 1295 1348 1336 Iohannis
1372 1310 1542 1337 uxorem
1568 1295 1765 1351 Sophiam

315 1349 556 1403 appellatam
585 1350 730 1390 eximia
759 1357 799 1389 et
844 1349 1027 1389 absoluta
1057 1350 1356 1404 pulchritudine
1384 1352 1583 1392 nitentem
1610 1353 1766 1392 ironice

317 1403 530 1455 describit,
564 1407 728 1458 eiusque
767 1412 902 1458 partes
929 1407 1148 1444 anteriores
1176 1406 1540 1460 Quadragesimae,
1565 1408 1763 1460 posterio-

318 1473 385 1498 res
412 1459 627 1511 Paschafi,
673 1459 890 1513 proverbio
927 1473 1009 1498 non
1039 1459 1160 1499 nimis
1187 1460 1384 1508 honesto,
1413 1468 1638 1515 comparat.
1667 1461 1765 1502 hine

181 1513 422 1554 v.182facie
462 1515 675 1554 macilenta
725 1527 802 1554 nec
835 1512 979 1553 florida
1015 1513 1321 1568 deformemque
1360 1515 1482 1555 fuisse
1519 1515 1765 1556 concludere

315 1567 427 1608 licet.
461 1568 511 1609 de
541 1569 611 1609 illa
634 1570 832 1608 Laonicus
861 1569 932 1608 lib.
951 1569 980 1618 4
1019 1583 1099 1608 non
1140 1568 1262 1622 longe
1293 1584 1317 1608 a
1343 1570 1450 1610 fine:
1484 1568 1596 1610 illam
1621 1577 1765 1610 narrat

315 1622 477 1676 ἐπιεικῆ
504 1623 586 1675 μὲν
617 1620 688 1663 τὸν
714 1620 894 1675 τρόπον,
926 1622 1036 1676 αἠδῆ
1062 1622 1109 1662 δὲ
1142 1620 1220 1675 τὴν
1247 1615 1374 1676 ὄψιν,
1405 1625 1580 1665 moribus
1602 1625 1764 1680 quidem

315 1678 493 1718 honestis
507 1708 518 1727 ,
548 1678 622 1718 sed
649 1679 810 1730 ingrata
849 1692 902 1717 ac
928 1679 1107 1729 deformi
1116 1678 1406 1730 faciesuisse.

427 1732 479 1774 P.
511 1747 600 1783 101,
631 1747 669 1772 1.
743 1731 838 1784 ἡδὲ
865 1729 1032 1783 βασιλὶς
1060 1729 1203 1781 ὁρῶσα
1241 1730 1286 1773 τὸ
1316 1731 1587 1787 ἀμετάθετον]
1661 1733 1762 1787 Cap.

317 1785 464 1826 ultimo
505 1787 578 1830 lib.
610 1801 625 1826 1
670 1787 875 1827 Phranzes
909 1800 998 1825 eam
1035 1787 1234 1841 aufugisse
1270 1795 1443 1828 testatur
1478 1801 1588 1829 anno
1628 1787 1765 1842 6934,

319 1841 473 1882 Christi
506 1841 637 1894 1426,
675 1843 857 1895 Augusto
882 1855 1030 1884 mense.

429 1896 479 1937 P.
509 1911 596 1945 101,
623 1897 683 1937 16.
714 1892 735 1935 ὁ
756 1895 801 1936 δὲ
822 1893 1018 1946 βασιλεὺς
1038 1893 1251 1948 Μανουὴλ
1271 1893 1474 1950 ἐκώλυσε]
1503 1894 1707 1935 Phranzes
1725 1902 1767 1935 et

187 1957 222 1992 P.
239 1956 306 2003 240
318 1950 454 1991 Ducas
474 1952 718 1992 dissentiunt
737 1952 779 1990 iu
800 1951 1037 2004 assignando
1068 1958 1250 2004 tempore
1265 1966 1346 2005 quo
1364 1949 1514 2003 Sophia
1538 1950 1581 1988 in
1608 1949 1766 1996 ltaliam

317 2007 487 2060 aufugit.
509 2008 640 2047 Ducas
660 2006 848 2046 Manuale
865 2008 1076 2059 superstite
1093 2006 1135 2045 id
1156 2006 1305 2046 factum
1323 2005 1469 2045 tradit:
1504 2012 1648 2044 contra
1665 2018 1766 2044 vero

316 2061 518 2100 Phranzes
536 2063 616 2101 iam
634 2061 776 2101 obiisse
789 2061 893 2100 diem
909 2061 1139 2100 Manuelem
1152 2061 1340 2110 adstruit,
1355 2061 1438 2099 fato
1455 2058 1654 2112 siquidem
1667 2073 1766 2098 con-

316 2117 434 2156 cessit
448 2116 627 2163 Manuel‚
650 2124 696 2156 ut
713 2118 841 2156 refert
856 2116 1056 2155 Phranzes
1073 2116 1141 2155 lib.
1160 2129 1175 2155 1
1194 2130 1284 2170 cap.
1300 2115 1457 2163 ultimo,
1485 2128 1593 2153 anno
1621 2113 1764 2153 mundi

315 2170 446 2224 6933,
488 2172 638 2211 Christi
674 2171 803 2224 1425,
840 2170 932 2210 Iulii
961 2171 1025 2209 die
1059 2185 1125 2213 21.
1196 2171 1345 2224 Sophia
1386 2183 1485 2209 vero
1515 2182 1624 2209 anno
1654 2167 1766 2221 6934

316 2239 454 2266 mense
483 2227 669 2280 Augusto
696 2226 849 2278 auffugit
866 2255 878 2276 ‚
907 2232 998 2279 post
1026 2233 1199 2266 mortem
1227 2225 1380 2266 scilicet
1409 2221 1625 2265 Manuelis.
1652 2222 1765 2261 aliud

315 2282 439 2319 etiam
467 2281 547 2320 hoc
575 2281 667 2321 loco
696 2282 930 2321 notabimus
961 2281 1066 2319 circa
1094 2281 1282 2333 temporis
1311 2284 1518 2319 momenta
1546 2291 1571 2317 a
1598 2277 1763 2317 Phren-

316 2348 361 2374 ze
390 2335 565 2375 indicata
594 2336 646 2376 de
682 2335 883 2377 Manuelis
918 2335 1034 2374 obitu
1073 2342 1114 2375 et
1142 2335 1336 2374 Iohannis
1362 2332 1498 2375 initiis.
1529 2345 1641 2371 mors
1669 2333 1764 2371 Ma-

316 2389 446 2429 nuelis
483 2392 652 2444 contigit
699 2405 807 2430 anno
836 2390 1044 2444 praedicto
1071 2389 1178 2444 6935
1198 2420 1209 2438 ‚
1247 2389 1339 2428 Iulii
1367 2402 1430 2428 21.
1460 2387 1590 2439 capite
1619 2385 1765 2425 deinde

316 2445 453 2497 primo
481 2445 551 2486 lib.
583 2459 606 2485 2
636 2453 778 2485 narrat
812 2460 920 2484 anno
954 2445 1062 2497 6954
1101 2459 1236 2484 mense
1269 2444 1452 2497 Augusto
1487 2454 1621 2480 rerum
1649 2454 1763 2480 sum-

317 2513 425 2538 mam
453 2500 504 2538 ad
521 2501 744 2540 Iohannem
773 2491 1062 2553 imperatorem
1086 2499 1317 2539 devolutam
1346 2498 1478 2539 fuisse.
1505 2495 1616 2549 quod
1645 2496 1763 2548 equi-

317 2554 409 2593 dem
436 2555 654 2594 verisimile
692 2555 792 2594 mihi
820 2570 901 2593 non
930 2555 1115 2605 videtur,
1153 2554 1372 2593 Iohannem
1411 2553 1490 2590 iam
1519 2556 1764 2590 coronatum

317 2610 602 2662 imperatorem
650 2616 741 2662 post
785 2624 936 2649 annum
980 2625 1004 2648 a
1042 2616 1172 2650 morte
1213 2609 1339 2662 patris
1380 2604 1579 2646 Manuelis
1626 2618 1762 2643 rerum

315 2678 515 2704 summam
556 2664 750 2717 adeptum
779 2679 873 2707 esse.
902 2665 1128 2703 Phranzem
1156 2678 1273 2716 ergo,
1308 2668 1378 2701 aut
1404 2663 1474 2714 qui
1502 2659 1618 2699 illum
1646 2665 1761 2697 tran-

317 2720 498 2774 scripsit,
541 2733 697 2760 errasse
737 2727 866 2772 puto,
902 2719 967 2759 vel
996 2734 1068 2773 pro
1103 2718 1341 2772 Septembre
1368 2728 1505 2756 mense
1531 2715 1761 2769 Augustum
