1916 3210
344 148 460 219 448
665 214 670 220 ,
801 165 988 217 noem:
1035 163 1291 209 msTomA

330 283 417 309 ‘sue
444 266 584 315 lettere
611 265 721 306 dette
751 267 861 307 aviso
893 266 931 306 al
963 265 1095 305 ducha
1123 266 1275 310 Mon-at.
1303 266 1442 309 Inteso
1467 263 1658 322 adunque
1690 267 1784 310 Mo·

345 331 408 365 rat
436 319 474 362 la
517 323 686 362 victoria
726 321 777 362 de
801 321 904 360 Galil
949 320 997 360 e'l
1026 319 1127 360 fuzir
1163 321 1216 361 de
1244 322 1378 361 Zinait
1404 322 1596 361 commise
1621 321 1795 377 ltpro-

344 377 472 419 vintia
497 393 519 416 a
546 376 649 416 Galil
665 406 678 427 ,
720 384 759 416 et
786 375 839 415 ad
866 375 906 415 lo
945 375 1096 415 assedio
1122 375 1173 415 de
1205 375 1241 415 la
1272 383 1385 416 terra
1420 376 1471 416 de
1497 375 1786 430 lpsili-mandb

345 433 383 474 el
408 433 581 473 Camusa
599 461 611 484 ‚
651 437 824 484 cognato
870 430 920 470 de
947 429 1050 469 Galil
1075 437 1116 470 et
1147 430 1274 471 fradel
1308 431 1359 472 de
1387 430 1596 482 Paiasith‚
1626 430 1663 472 el
1718 441 1720 443 ·
1746 432 1787 473 al

345 488 388 528 fo
431 493 614 526 amazato
658 485 710 525 da
738 485 871 524 Zinait
908 485 974 524 nel
1008 491 1145 539 tempo
1188 483 1240 525 de
1270 487 1459 529 Mustafa.
1489 493 1529 526 et
1558 485 1687 527 voden
1717 499 1786 527 une

347 542 483 582 Zinait
514 541 683 581 reducto
730 539 810 578 allo
845 546 1060 591 extrem03
1106 553 1204 593 pose
1249 554 1323 580 suo
1363 540 1555 590 fradeno,
1585 539 1787 582 chiamato

347 596 550 646 Paiasith‚
595 609 668 648 per
697 594 902 648 capitanio
944 595 996 634 de
1025 593 1134 648 Ipsili
1152 624 1164 646 ‚
1193 595 1392 635 fornendo
1422 596 1461 636 la
1484 603 1596 636 terra
1628 595 1786 636 deho-

271 649 334 695 193
348 651 447 692 mini
477 658 517 691 et
543 648 762 701 victualia,
803 661 922 689 come
966 663 1009 689 se
1034 651 1258 690 conveniva
1286 650 1509 704 spectando
1538 650 1581 691 10
1610 651 1783 692 ειεεεάἰσ.

346 707 449 747 Esso
486 709 717 745 veramente
766 705 869 744 usse}
908 704 959 744 de
1003 703 1043 743 la
1082 711 1192 744 terra
1223 705 1274 745 de
1311 705 1446 759 lpsili,
1479 712 1519 745 et
1544 706 1788 746 trovandose

345 761 473 801 haver
498 759 540 798 in
569 766 690 812 porto
719 764 784 798 tre
815 758 922 799 fuste
941 788 952 810 ,
981 758 1124 799 monto
1155 759 1195 799 in
1227 759 1385 814 quelle,
1415 760 1605 800 sulcando
1631 760 1670 801 el
1691 775 1787 801 -mar

344 827 465 855 verso
485 812 713 867 Pamphilia
742 820 783 853 et
803 814 1028 862 Amarion3
1058 814 1166 855 onde
1193 814 1337 855 nuntio
1370 814 1409 854 al
1424 815 1641 865 Car-aman,
1669 816 1787 870 prin-

285 902 288 906 .
346 871 438 923 cipe
464 869 514 908 de
534 868 695 919 Iconio,
728 867 803 908 che
832 869 889 908 lui
910 869 932 908 ὲ
960 877 1110 909 venuto
1138 884 1208 924 per
1237 883 1343 909 esser
1371 883 1396 909 a
1426 868 1677 924 parliamento
1699 884 1787 911 *con

346 939 419 965 sua
448 924 638 978 Signoria
676 937 749 976 per
777 937 870 964 cose
898 924 948 964 de
976 924 1128 978 grande
1155 931 1363 965 momento
1396 925 1441 964 a}
1456 931 1565 965 stato
1591 939 1681 969 suo.
1734 925 1788 966 El

344 979 562 1028 Garamam,
587 977 712 1017 aldito
741 977 778 1018 el
804 979 967 1030 nuntio,
997 979 1027 1018 li
1056 979 1205 1019 mando
1236 979 1380 1019 cavalli
1407 993 1501 1019 200.
1556 980 1690 1020 Zinait
1718 994 1789 1022 ca-

342 1033 463 1074 valcb
502 1047 578 1073 con
611 1041 727 1087 parte
761 1033 803 1072 di
831 1034 893 1073 soi
935 1033 1219 1074 zentilhomeni
1240 1063 1252 1085 ,
1281 1040 1323 1074 et
1355 1034 1582 1074 rimandate
1609 1033 1785 1081 indietro

344 1088 384 1128 le
411 1089 542 1139 fuste,
571 1087 629 1127 lui
658 1087 765 1127 ando
793 1089 843 1127 ad
882 1087 1086 1143 colloquio
1109 1089 1173 1129 col
1194 1089 1407 1131 caraman.
1462 1090 1518 1130 Et
1547 1090 1788 1130 raxonando

345 1143 605 1197 longamente
634 1143 800 1193 inseme‚
821 1143 956 1182 Zinait
983 1144 1184 1183 domando
1211 1143 1251 1183 in
1279 1158 1354 1184 suo
1399 1144 1509 1184 aiuto
1537 1152 1679 1184 contra
1695 1145 1789 1184 Μο-

344 1205 409 1239 rat
437 1199 610 1238 exercito
639 1204 680 1238 et
707 1197 873 1238 theseri.
926 1197 977 1238 El
1006 1199 1205 1238 Car-aman
1242 1213 1325 1238 non
1353 1198 1463 1239 volse
1490 1198 1805 1240 assentire-ana·

345 1267 418 1293 sua
463 1252 651 1292 richiesta
669 1281 682 1301 ,
727 1251 1007 1293 ricordandoli
1047 1253 1076 1293 li
1118 1253 1350 1294 tradimenti
1388 1255 1450 1294 soi
1477 1253 1544 1294 nel
1569 1260 1708 1308 tempo
1735 1254 1788 1295 de

345 1308 576 1348 Musulman
600 1336 612 1357 ‚
662 1321 773 1346 come
801 1308 838 1347 01
878 1322 1040 1347 sermon
1083 1316 1223 1348 nosti-o
1267 1309 1403 1348 avanti
1433 1308 1486 1347 ha
1517 1309 1787 1352 manifestato.

346 1375 428 1415 pur
456 1361 705 1401 nondimeno
743 1376 816 1416 per
849 1362 1118 1402 subventione
1161 1370 1204 1403 et
1232 1363 1411 1403 subsidio
1439 1361 1468 1401 li
1497 1363 1608 1403 dono
1635 1364 1787 1419 grande

348 1430 508 1456 summa
529 1418 580 1456 de
593 1416 724 1455 dinari
751 1424 791 1455 et
818 1416 1003 1456 huomini
1032 1417 1298 1470 zinquecento
1328 1432 1401 1471 per
1429 1432 1502 1457 sua
1530 1418 1785 1472 compagnia.

346 1471 509 1511 Partito
539 1471 731 1524 adunque
756 1472 891 1511 Zinait
921 1485 999 1511 con
1025 1471 1183 1512 homini
1215 1473 1480 1526 zinquecento
1507 1472 1559 1512 da
1590 1473 1748 1514 cavallo
1771 1503 1786 1525 ‚

348 1532 390 1566 et
420 1526 620 1580 passando
651 1525 690 1565 la
715 1524 920 1566 salutaria
938 1556 951 1577 ‚
990 1540 1123 1567 venne
1150 1528 1191 1566 in
1220 1527 1485 1577 Laudichiea,
1520 1528 1625 1567 onde
1653 1542 1788 1568 ascese

346 1580 386 1620 la
411 1582 564 1635 grande
605 1586 822 1634 montagna
850 1580 917 1620 del
949 1580 1102 1621 famoso
1130 1582 1346 1622 Themolo.
1376 1582 1428 1621 da
1455 1581 1589 1636 quella
1616 1585 1686 1637 poi
1714 1583 1788 1623 de·-

347 1636 578 1676 scandendo
605 1649 738 1676 venne
765 1649 790 1675 a
817 1635 982 1687 Sardis;
1012 1643 1054 1676 et
1080 1636 1133 1675 da
1163 1635 1282 1676 Sardi
1311 1636 1353 1676 in
1371 1636 1607 1692 Ninpheon.
1665 1637 1788 1679 Onde

350 1689 540 1730 lassando
568 1692 607 1730 la
652 1692 716 1729 via
758 1689 864 1730 della
904 1696 1022 1744 parte
1050 1691 1211 1741 dextra,
1248 1704 1382 1731 venne
1405 1691 1457 1732 de
1481 1698 1603 1732 nocte
1626 1692 1677 1731 ad
1705 1707 1788 1733 una

337 1744 447 1785 villa
475 1746 681 1785 nominata
720 1744 969 1786 Triaconda.
1008 1752 1052 1785 et
1085 1745 1285 1799 passando
1312 1745 1349 1786 01
1376 1760 1501 1787 zomo
1527 1754 1722 1801 sequente
1748 1747 1788 1788 le

273 1803 335 1851 ¹94
350 1806 570 1854 montagne
596 1799 637 1840 le
664 1799 783 1853 quale
811 1800 954 1840 iaceno
983 1813 1101 1840 verso
1133 1799 1310 1850 Galisio‚
1341 1807 1382 1841 et
1407 1800 1445 1841 le
1469 1808 1686 1854 montague
1713 1801 1790 1842 che

349 1868 449 1895 sono
473 1869 597 1909 sopra
621 1853 659 1894 el
687 1868 797 1894 mare
815 1884 827 1906 ‚
856 1854 908 1894 ad
934 1853 973 1894 la
1005 1857 1136 1908 prima
1164 1854 1299 1909 vigilia
1330 1855 1443 1896 arivb
1471 1855 1513 1895 in
1543 1855 1666 1910 lpsili.
1707 1856 1789 1897 Per

349 1910 389 1950 la
431 1916 581 1950 venata
619 1909 671 1949 de
697 1909 833 1949 Zinait
874 1909 997 1963 quelli
1026 1910 1090 1949 del
1122 1908 1284 1950 castello
1311 1909 1444 1951 fecero
1543 1911 1623 1950 nde
1655 1911 1756 1952 festa
1772 1941 1789 1963 ,

348 1971 392 2004 et
430 1978 505 2004 con
542 1963 683 2018 grandi
723 1964 892 2004 clamori
932 1965 984 2004 de
1017 1964 1195 2019 alegreza
1235 1964 1264 2004 li
1301 1979 1437 2019 aperse
1494 1979 1516 2005 e
1538 1971 1670 2019 porte.
1729 1967 1789 2006 La

349 2021 501 2059 matina
544 2025 737 2073 sequente
784 2019 872 2059 usc'i
920 2019 1005 2059 fora
1035 2032 1111 2059 con
1156 2019 1193 2059 la
1223 2033 1296 2059 sua
1333 2022 1572 2074 compagnia
1599 2028 1639 2060 et
1666 2021 1788 2074 quelli

349 2073 416 2114 del
443 2073 623 2115 castello.
663 2073 778 2114 molti
819 2074 958 2114 amazb
994 2073 1090 2114 delli
1118 2074 1265 2114 nemici
1283 2104 1296 2124 ‚
1340 2074 1368 2114 li
1395 2074 1505 2129 quali
1532 2076 1602 2129 pii]
1631 2089 1789 2129 apresso

345 2129 428 2168 alla
471 2136 579 2169 terra
615 2131 884 2173 stativavano.
951 2129 1149 2169 Vedendo
1177 2129 1366 2183 adunque
1393 2132 1608 2180 Camnsas,
1636 2130 1792 2184 capita-

349 2185 421 2223 nio
463 2184 514 2223 de
560 2184 602 2223 lu
645 2185 820 2224 exercito
865 2184 916 2223 de
941 2184 1100 2235 Morat,
1131 2185 1167 2233 el
1204 2183 1300 2238 qual
1327 2198 1393 2224 era
1435 2185 1684 2224 stamandato
1709 2199 1789 2224 con

349 2239 419 2291 pih
466 2239 517 2278 de
561 2239 595 2277 L
629 2238 739 2278 milia
776 2238 931 2278 homini
975 2253 999 2278 a
1038 2239 1288 2279 combattere
1329 2238 1468 2291 lpsili‚
1501 2239 1600 2279 ch'el
1625 2238 1786 2279 castello

349 2306 472 2332 verso
502 2292 539 2332 10
589 2301 805 2348 montagne
842 2308 910 2333 era
936 2291 1017 2332 alto
1057 2300 1098 2333 et
1129 2293 1429 2347 inespugnabile
1450 2323 1462 2344 ,
1495 2301 1535 2333 et
1565 2293 1638 2332 che
1671 2295 1787 2347 quasi

350 2353 455 2386 tutta
483 2347 522 2386 la
552 2362 621 2387 sua
660 2349 783 2388 faccia
811 2348 939 2388 havea
975 2362 1092 2388 verso
1123 2347 1159 2388 la
1191 2348 1347 2387 marina
1365 2378 1378 2397 ,
1402 2356 1443 2387 et
1471 2348 1545 2387 che
1576 2348 1627 2387 da
1656 2348 1787 2402 quella

350 2409 469 2454 parte
514 2402 549 2441 el
599 2403 719 2442 castel
766 2417 833 2443 era
882 2410 1066 2443 scoverto
1096 2410 1136 2442 et
1159 2402 1268 2442 nudo
1298 2416 1413 2441 senza
1441 2401 1584 2442 alcuna
1613 2403 1785 2451 sortem,

353 2456 497 2495 nuntio
537 2456 588 2495 ad
616 2458 752 2497 Morat
779 2458 854 2497 che
895 2458 1101 2497 mandasse
1133 2472 1258 2507 nave,
1318 2458 1436 2496 erche
1460 2458 1551 2496 dala
1578 2464 1694 2510 parte
1722 2457 1788 2496 del

353 2525 466 2551 mare
496 2518 628 2564 presto
665 2512 906 2566 prenderase
932 2513 967 2552 el
997 2511 1189 2552 castello:
1221 2512 1284 2551 dal
1304 2526 1326 2551 a
1358 2519 1475 2565 parte
1495 2512 1545 2551 de
1572 2519 1681 2551 terra
1707 2526 1788 2551 non

353 2580 420 2605 era
467 2580 655 2618 speranza
692 2567 865 2619 poderlo
906 2567 1147 2621 acquistare.
1216 2568 1262 2606 In
1306 2567 1398 2620 quel
1435 2574 1570 2620 tempo
1600 2565 1625 2605 li
1654 2567 1786 2619 capiti)

345 2634 437 2662 uno
462 2621 642 2660 Zenuese
671 2622 798 2661 amico
824 2622 873 2661 de
902 2624 1040 2661 Morat
1057 2652 1068 2673 ‚
1097 2621 1133 2660 01
1162 2622 1280 2675 quale
1302 2636 1343 2661 se
1370 2621 1575 2661 cbiamava
1604 2621 1788 2660 Percival

355 2675 607 2718 Palavicino.
668 2676 722 2716 Et
763 2691 837 2729 per
882 2691 989 2716 esser
1035 2683 1167 2715 morto
1205 2675 1245 2715 lu
1277 2677 1466 2722 Adorno,
1498 2676 1554 2714 lui
1582 2690 1790 2715 convenne

355 2743 435 2770 con
467 2731 609 2771 Murat
638 2730 688 2772 de
717 2732 841 2771 and-„u-
864 2742 890 2771 ·a
916 2732 1110 2785 prendere
1139 2731 1174 2772 el
1208 2731 1388 2772 castello.
1419 2738 1568 2772 venuto
1600 2731 1788 2786 adunque
