1890 3204
576 146 655 189 An
695 145 818 187 CAP.
858 143 1226 203 xvii-NOTAE.
1306 112 1308 114 ¹
1525 119 1635 205 ‘567'v

283 248 346 298 P.
362 262 427 306 7¹,
442 249 483 295 3.
503 245 639 304 εὖρών
660 240 738 288 οὖν
761 244 955 301 τεχνίτὰς
969 240 1167 303 σ’ρυκτᾶς]
1194 247 1398 289 Laonicus
1411 247 1483 289 lib.
1500 249 1524 289 5
1544 263 1642 304 pro-

183 302 291 346 didit
310 318 334 344 a
350 304 535 346 Baiazitis
561 303 733 344 ducibus
747 334 759 356 ‚
790 319 877 345 non
895 318 917 344 a
935 304 1161 344 Mehemete
1186 305 1274 344 eius
1292 303 1376 344 filio
1391 335 1404 357 ‚
1435 310 1642 345 tentatum

181 360 307 401 fuisse
327 390 341 413 ,
367 368 413 412 ut
438 361 486 401 in·
511 359 740 401 libertatem
771 358 839 399 ille
869 367 1140 408 assereretur,
1171 361 1383 414 corruptis*
1400 360 1541 414 grandi
1567 375 1643 414 pe-

185 415 308 456 cunia
345 415 539 471 Tentyris
574 415 819 466 fossoribus,
862 416 932 470 qui
959 415 1193 455 cuniculum
1222 414 1266 455 in
1299 429 1387 456 eam
1416 423 1576 470 partem
1602 417 1643 455 in

182 484 267 526 qua
297 470 494 512 Baiazites
529 478 618 510 erat
646 477 845 524 egerunt,
874 471 1124 525 demumque
1154 471 1194 510 in
1225 475 1315 525 ipso
1343 484 1466 524 opere
1494 471 1644 525 depre-

182 525 304 568 hensi
343 527 450 583 capti
483 533 596 568 sunt.
671 525 946 566 Leunclavius
991 532 1034 566 et
1060 526 1263 567 Phranzes
1300 526 1644 567 huius'facinoris

182 580 339 638 egregii
365 589 408 623 et
429 581 602 623 ‘audacis
628 579 784 621 nullam
813 582 1062 621 mentionem
1092 581 1265 622 faciunt.

254 643 257 645 ’
295 636 346 678 Ρ.
359 641 426 694 71,
444 636 505 681 15.
521 635 684 691 πρωΐας
699 635 746 676 δὲ
763 633 986 690 παραστάς
1001 636 1059 692 τῷ
1074 634 1234 692 Tepido]
1251 637 1399 679 Nescio
1418 651 1544 692 quare
1555 636 1644 677 Du·

182 705 250 737 ms
275 692 441 734 caveam
455 693 573 741 illam
593 692 770 732 ferream
799 693 852 731 ita
873 693 1053 741 reticeat,
1072 692 1297 733 utnullum
1314 693 1372 733 de*
1393 708 1441 734 ea
1469 693 1645 734 verbum

183 748 272 804 ipse
298 748 475 798 fecerit,
516 761 612 789 cum
649 755 837 788 accurate
875 749 973 787 satis
1015 755 1146 787 cetera
1182 756 1397 789 recenseat.
1431 748 1644 802 equidem,

185 811 232 845 ut
256 803 371 859 quod
393 804 526 845 sentio
558 804 739 858 aperiam
783 817 878 842 cum
905 803 1016 843 hona
1042 803 1365 844 dissentientium
1392 806 1541 852 venia,
1577 814 1648 844 ca-b

183 871 310 902 veum
333 859 479 914 ¹illam,
524 857 577 900 ad
619 860 917 898 immanitatem
963 865 1006 899 et
1041 858 1248 899 saevitiam
1289 859 1648 916 Temyris·chani

186 913 536 971 exaggerandam,
583 921 837 955 commentos
889 928 975 954 esse
1007 916 1199 968 temporis
1228 914 1337 955 illius
1370 916 1553 955 homines
1583 916 1648 955 in-

185 985 320 1024 genue
351 969 515 1022 dicam3
556 971 621 1010 vel
649 970 820 1010 fortasse
863 970 1039 1009 manicas
1066 969 1318 1025 pedicasque
1349 971 1528 1022 ferreas,
1555 971 1648 1024 qui·

187 1026 268 1067 bus
287 1031 416 1068 noctu
444 1025 702 1067 vinciebatur
728 1025 943 1078 Baiazites,
970 1039 1136 1066 caveam
1164 1026 1340 1067 ferream
1370 1028 1482 1081 ipsos
1511 1026 1649 1080 appel-

184 1081 343 1126 lavisse.

298 1135 574 1179 Lennclavius
603 1134 676 1180 lib.
706 1149 729 1191 7
760 1136 1044 1175 narrationem
1077 1137 1217 1176 Ducae
1243 1138 1394 1191 partim
1423 1137 1652 1188 confirmat,

187 1206 294 1247 quae
337 1191 390 1244 ad
419 1191 754 1232 Chotziaferuzen
802 1205 870 1231 seu
906 1191 1439 1247 Hozzapherizem-Begum
1469 1199 1650 1247 spectat,

186 1249 322 1303 ipsum
362 1261 507 1301 nempe
547 1248 607 1287 in*
635 1261 774 1301 pugna
823 1253 992 1301 captum
1032 1248 1168 1290 fuisse.
1200 1255 1244 1288 at
1271 1250 1347 1302 ipsi
1378 1255 1502 1302 caput
1531 1248 1654 1288 fuisse

189 1303 415 1345 ahsciss'um
443 1302 582 1344 omisit
602 1332 615 1355 ,
646 1302 761 1356 quod
791 1308 933 1342 noster
961 1303 1116 1342 sactum
1143 1303 1267 1343 fuisse
1294 1311 1449 1343 narrat.

299 1359 349 1403 P.
365 1373 433 1414 71,
455 1372 520 1399 22.
543 1358 642 1412 Cap.
663 1371 726 1413 ¹7·
747 1357 836 1397 Hoc
861 1359 997 1412 capite
1018 1372 1081 1398 res
1097 1366 1228 1412 gestas
1244 1373 1266 1398 a
1286 1359 1469 1412 Temyre
1484 1373 1654 1398 accura-

189 1413 274 1455 tius
292 1414 431 1454 Ducas
456 1427 580 1468 quam
606 1411 877 1454 Leunclavius
897 1419 970 1452 aut
997 1414 1200 1454 Laonicus
1214 1445 1226 1465 ‚
1258 1422 1428 1454 narrat:
1455 1413 1654 1469 Smyrnae

189 1471 414 1526 praecipue
442 1469 786 1524 expugnationem
812 1467 1024 1520 describit,
1055 1483 1177 1522 quam
1206 1472 1362 1522 optime
1380 1471 1435 1510 ob
1465 1469 1653 1510 locorum

188 1525 408 1576 viciniam·,
433 1524 551 1566 bidui
579 1523 781 1579 siquidem
808 1525 954 1564 itinere
982 1525 1136 1564 Lesbos
1163 1539 1186 1564 a
1217 1527 1391 1580 Smyrna
1415 1525 1552 1565 dissita
1576 1533 1650 1574 est,

188 1594 312 1621 nosse
337 1579 503 1635 potuit3
552 1586 677 1634 atque
703 1579 827 1619 etiam
876 1594 921 1618 ex
950 1579 1148 1634 principis
1186 1581 1310 1620 Lesbi
1334 1595 1404 1621 seu
1439 1581 1655 1636 Mitylenes

161 1632 499 1683 'monumentis‚
542 1637 614 1690 qui
659 1636 824 1689 Temyri
870 1634 1068 1675 honorem
1096 1635 1333 1690 cultumque
1362 1637 1414 1676 ad
1444 1638 1657 1677 saevitiam

176 1690 279 1732 'eius
307 1691 645 1746 iracundiamque
684 1690 943 1730 devitandam
991 1690 1192 1731 exhibuit.
1252 1693 1387 1731 Ducas
1416 1706 1519 1733 vero
1550 1692 1658 1732 illius

176 1746 539 1800 Lesbiprincipis
579 1746 793 1786 successori
823 1746 862 1785 in
891 1746 1120 1799 praecipuis
1151 1747 1319 1800 negotiis
1350 1761 1515 1800 operam
1543 1761 1658 1787 suam

192 1802 384 1854 navavit,
411 1808 454 1842 et
483 1801 591 1841 inter
617 1801 703 1840 eius
731 1803 904 1840 maxime
934 1800 1151 1841 familiares
1173 1816 1222 1840 ac
1250 1801 1505 1842 consiliarios
1538 1802 1659 1842 habi-

190 1865 258 1898 tus
287 1863 362 1898 cst.
428 1856 599 1897 lacobus
625 1857 764 1895 Rosius
803 1857 844 1895 in
874 1856 967 1895 hist.
998 1856 1086 1895 ord;
1119 1856 1286 1896 militiae
1313 1857 1658 1912 Hierosolymita..

191 1927 269 1954 nae
297 1914 517 1968 Smyrnam
557 1926 581 1952 a
619 1911 796 1966 Temyre
823 1918 1094 1965 expugnatam
1140 1912 1263 1951 fuisse
1293 1912 1480 1966 prodidit
1499 1943 1510 1962 ,
1541 1921 1587 1953 ut
1618 1919 1660 1953 et

192 1968 399 2009 Laonicus
429 1967 502 2010 lib.
533 1969 558 2008 3
579 1997 592 2018 ,
633 1969 703 2021 qui
732 1967 915 2007 breviter
952 1967 1252 2020 expeditionem
1280 1968 1391 2008 illam
1420 1969 1591 2022 explicat
1619 1972 1788 2010 etP.235

193 2024 431 2075 machinas,
480 2023 629 2076 quibus
660 2022 712 2061 ad
757 2022 925 2062 urbium
985 2024 1325 2076 expugnationem
1356 2024 1548 2063 utebatur
1573 2024 1659 2064 Te.

193 2093 316 2134 myr,
351 2079 566 2121 describit.
596 2076 870 2118 Leunclavius
888 2078 1107 2132 Smyrnam
1127 2085 1397 2133 expugnatam
1426 2080 1549 2120 fuisse
1577 2087 1660 2120 non

192 2135 329 2176 docet.

307 2190 360 2234 P.
375 2204 441 2245 72,
456 2205 493 2246 7.
523 2187 599 2228 καί
614 2184 692 2228 σὺν
722 2181 876 2235 adfare·
892 2184 968 2241 τήν
985 2188 1202 2240 θυγατέρα
1220 2186 1443 2243 Λαζάρου]
1459 2188 1662 2229 Leuncla-

194 2246 286 2287 vius
309 2245 414 2301 lih.7
429 2246 575 2286 Lazari
597 2244 715 2284 filiam
735 2275 747 2295 ,
772 2258 877 2298 quac
902 2244 941 2283 in
964 2244 1248 2298 superioribus
1262 2245 1393 2284 Maria
1414 2244 1661 2298 appellatur,

195 2301 248 2342 ad
278 2301 515 2342 convivium
556 2300 746 2354 Temyris
786 2299 978 2339 mandato
1020 2302 1159 2340 venire
1202 2302 1354 2339 iussam
1383 2301 1535 2340 tradit:
1566 2315 1662 2339 cum

197 2357 306 2412 apud
334 2358 548 2412 Zagataios
577 2356 745 2409 Scythas
775 2355 816 2394 id
855 2357 956 2394 vitio
983 2362 1055 2394 aut
1084 2355 1273 2395 dedecori
1304 2370 1387 2395 non
1417 2362 1662 2399 verteretur.

196 2412 394 2454 Iniuriam
432 2412 696 2452 nihilominus
738 2410 816 2450 sibi
863 2411 951 2450 fieri
992 2411 1186 2450 Baiazites
1219 2412 1438 2452 Gildcrum
1472 2427 1517 2451 ex
1548 2425 1665 2451 more

225 2469 328 2509 entis
377 2483 475 2509 suae
517 2475 714 2521 reputans
733 2497 744 2515 ‚
795 2467 834 2505 id
879 2469 1100 2521 aegerrimo
1131 2467 1240 2510 tulit.
1298 2467 1515 2507 videndus
1543 2468 1665 2506 etiam

195 2483 273 2564 {ac
305 2523 357 2564 de
386 2537 432 2564 re
461 2524 666 2563 Laonicus
695 2522 768 2561 lib.
803 2523 843 2561 3.

312 2579 363 2619 P.
379 2593 467 2634 7²›¹
482 2593 514 2622 1.
537 2573 870 2630 Ἀδραμύντιον]
888 2577 1003 2617 Urbs
1023 2577 1225 2617 maritima
1239 2577 1442 2632 Phrygiae
1458 2577 1663 2617 inferioris

199 2634 265 2676 vel
285 2635 441 2689 Lydiae
460 2634 563 2674 Asso
589 2634 740 2681 vicina,
765 2633 887 2673 hodIc
910 2634 1143 2687 appellatur
1158 2633 1433 2688 Laudi-imyti,
1453 2633 1665 2686 Eplicsino

203 2689 302 2731 olim
330 2689 615 2744 metropolitae
648 2689 826 2728 subdita.

314 2746 367 2789 P.
399 2760 473 2800 72,
514 2759 574 2799 ¹9·
627 2740 837 2799 ’Λττάλῳ]
871 2744 1025 2784 Notitia
1058 2743 1356 2798 patriarchatus
1378 2743 1549 2797 Cpolcos
1589 2742 1666 2783 sub
