1890 3204
309 141 422 194 602
718 160 723 165 ·
811 160 813 162 ’
888 155 1182 196 vBULLIALDI

311 258 597 299 adventantem
621 257 824 296 Polonum
855 270 946 295 cum
976 255 1207 295 Elizabetha
1241 256 1443 307 sensisset,
1474 254 1513 294 in
1535 253 1756 308 Austrihm,
1814 289 1820 294 .

313 315 393 353 filio
423 327 556 353 secum
606 313 782 351 abducto
819 319 859 350 et
901 312 935 351 H
944 314 1135 363 ungariae
1181 324 1332 350 corona
1362 310 1464 349 clam
1493 309 1686 363 subrepta
1710 309 1758 353 ac

313 375 534 423 asportata,
564 367 616 407 ad
644 366 896 406 Fridericum
923 367 979 405 111
1007 367 1299 419 imperatorem
1327 365 1495 418 aufugit.
1551 364 1759 407 Ladiklaus

180 428 214 459 P·
234 425 494 466 260P010nus
522 423 588 462 die
619 435 662 476 ¹7
696 421 789 460 1u1i1
810 419 1043 472 Hungariae
1073 434 1141 460 rex
1171 427 1420 469 coronatur,
1446 419 1760 473 eique'corona,

216 488 218 491 '
312 494 392 534 qua
422 480 462 518 S.
491 476 686 530 Stephani
718 477 822 529 regis
851 475 1046 528 reliquiae
1087 481 1302 515 coronatae
1330 482 1476 524 erant,
1507 475 1758 528 imponitur;

312 535 421 588 quod
452 535 571 574 aliam
603 532 754 585 Regina
779 530 976 570 suffurata
1013 537 1112 569 esset
1138 544 1350 584 secumque
1380 530 1620 580 abstulisseti
1675 529 1760 569 Po..

312 589 432 632 lonus
476 586 729 639 Hungariam
767 599 898 639 usque
935 585 987 624 ad
1017 585 1171 625 cladem
1208 586 1455 624 Varnensem
1482 585 1604 624 rexit.
1631 597 1761 638 eoque

315 644 526 686 interfecto
583 640 788 680 Ladislaus
833 641 1100 694 posthumus,
1131 639 1248 680 cuius
1275 648 1405 680 mater
1431 637 1666 680 Elizabetha
1696 653 1762 679 re-

313 701 410 753 gina
450 710 558 738 anuo
602 695 699 747 1441
744 695 925 744 obierat,
969 695 1204 749 Hungariae
1243 709 1311 736 rex
1340 696 1486 736 iterum
1515 708 1624 743 anno
1657 691 1760 747 1445

312 753 613 809 proclamatur3
643 750 846 804 simulque
874 750 1074 790 Iohannes
1096 749 1334 790 Hunniades
1362 751 1562 801 *Corvinus
1586 751 1760 795 interrex

314 816 356 849 et
396 809 510 862 regni
559 806 806 859 gubernator
839 806 1026 859 eligitur,
1065 806 1182 858 eique
1221 805 1467 859 reipublicae
1505 799 1762 857 Hungaricae

313 877 471 903 summa
501 861 708 911 traditur3
752 875 876 915 quam
907 860 959 899 ad
985 875 1139 900 annum
1169 874 1296 913 usque
1330 859 1456 911 1453,
1491 874 1587 903 cum
1613 857 1760 900 Ludis.

314 919 402 960 laus
432 917 672 972 posthumus
703 930 747 955 ex
767 915 929 955 Austria
959 915 1000 955 in
1024 916 1278 967 Hungariam
1309 928 1498 954 reversus
1525 920 1613 964 est,
1627 912 1759 954 ffexit.

315 973 516 1026 Georgius
552 971 719 1011 Serviae
755 971 927 1025 despota
947 1000 958 1017 ‚
1000 978 1089 1024 post
1116 966 1364 1023 Sigismundi
1393 968 1762 1019 obitumetffsme-f·

315 1028 494 1068 drovum
523 1042 546 1066 a
565 1028 727 1066 Morate
757 1033 1020 1080 occupatum,
1051 1033 1135 1065 tota
1163 1026 1301 1066 Servia
1330 1024 1529 1078 spoliatus
1556 1037 1651 1063 cum
1678 1022 1764 1062 filio

312 1098 387 1123 suo
406 1084 559 1123 Lazaro
575 1081 856 1129 Antibarium,
890 1080 1013 1133 vulgo
1040 1081 1261 1131 Antivari,
1292 1094 1334 1120 se
1364 1080 1530 1133 recepit.
1559 1093 1655 1118 eum
1671 1078 1762 1121 Mo·

312 1146 418 1178 rates
460 1138 514 1178 ab
547 1136 670 1176 huius
713 1136 827 1176 urbis
875 1135 1018 1175 incolis
1043 1136 1212 1189 repetit,
1255 1143 1292 1175 et
1321 1136 1549 1187 Ragusium-
1566 1133 1763 1186 aufugere

312 1194 436 1247 cogit.
478 1205 656 1246 cumque
697 1191 923 1245 Ragusaeos
961 1192 1162 1241 Morates,
1206 1196 1253 1230 ut
1282 1189 1511 1242 Georgium
1537 1186 1613 1228 sibi
1640 1187 1763 1236 dede-

310 1255 419 1300 rent,
449 1248 700 1297 sollicitaret,
730 1246 951 1286 molestiam
983 1253 1023 1285 et
1049 1245 1355 1286 incommodum
1376 1244 1594 1296 Ragusaeis
1621 1241 1761 1292 creare

312 1304 484 1356 despota
527 1301 701 1351 verum,
740 1303 782 1341 in
812 1302 1063 1354 Hungariam
1101 1301 1153 1340 ad
1198 1315 1334 1354 regem
1380 1297 1651 1338 Wladislaum
1678 1298 1767 1351 siue

313 1358 547 1398 Ladislaum
570 1356 793 1397 'Polonum
829 1356 1014 1410 confugit
1035 1386 1047 1402 ,
1089 1370 1266 1409 eumque
1300 1361 1412 1407 rogat
1438 1362 1484 1393 ut
1511 1354 1586 1399 sihi
1615 1360 1764 1394 contra

312 1414 481 1453 Turcos
515 1426 637 1466 opem
678 1411 793 1451 ferat.
850 1410 1060 1462 Ladislaus
1087 1410 1257 1464 Georgii
1288 1410 1493 1450 aerumnis
1521 1422 1569 1450 ac
1595 1405 1764 1449 calami-'2

312 1475 396 1508 tate
424 1475 585 1516 motus,
631 1465 752 1506 simul
788 1470 836 1505 ut
877 1465 1115 1505 Turcorum
1161 1464 1370 1504 audaciam
1407 1463 1676 1512 retunderet,
1720 1460 1765 1510 in

312 1523 477 1563 Turcos
512 1535 679 1561 movere
706 1520 903 1570 destinat,
942 1520 1174 1573 bellumque
1204 1519 1254 1558 ad
1280 1533 1434 1558 annum
1467 1517 1566 1569 1445
1596 1523 1762 1571 protra-

311 1583 528 1628 ctumbest.
560 1576 715 1616 veritus
741 1577 918 1615 Morates
944 1574 1052 1615 illius
1082 1574 1176 1614 belli
1205 1574 1373 1624 exitum,
1402 1572 1584 1612 inducias
1614 1571 1762 1612 decen-

311 1632 419 1672 nales
447 1646 541 1672 cum
570 1631 761 1670 Ladislao
791 1637 831 1670 et
860 1631 1026 1682 despota
1050 1630 1232 1683 pepigit,
1267 1628 1444 1681 huicque
1471 1627 1649 1667 ditiones
1671 1640 1766 1666 suas

311 1688 523 1741 ipsamque
534 1686 814 1726 Semendriam
847 1685 1033 1724 restituit.
1064 1687 1128 1724 vix
1158 1684 1392 1736 compositis
1415 1682 1590 1722 induciis
1614 1681 1668 1721 ad
1695 1695 1765 1720 ar-

311 1756 379 1781 ma
407 1742 583 1781 reditum
611 1749 698 1790 est;
745 1740 988 1794 Iulianoque
1019 1738 1235 1778 Cardinale
1267 1738 1482 1777 Caesarino
1511 1743 1677 1777 auctore
1702 1743 1766 1774 at..

312 1812 393 1851 que
425 1796 644 1850 impulsore
672 1794 884 1834 Ladislaus
911 1794 1097 1834 inducias
1129 1800 1171 1835 et
1199 1793 1482 1832 iusiurandum
1517 1790 1648 1831 violat
1675 1792 1764 1832 foe-

314 1852 495 1905 deraque
535 1850 765 1892 confundit.
802 1850 939 1889 denuo
985 1851 1124 1903 itaque
1153 1850 1386 1901 conscripto
1415 1848 1594 1887 exercitu
1623 1845 1767 1886 Ludis-

312 1906 402 1947 laus
432 1922 540 1947 anno
578 1905 683 1958 1444
710 1906 858 1945 Morati
886 1905 1036 1944 bellum
1072 1905 1205 1945 insert.
1245 1917 1398 1956 poenas
1424 1916 1524 1942 vero
1557 1907 1769 1954 repetente

313 1962 475 2002 Nemesi
517 1976 541 2002 a
587 1960 804 2001 foederum
843 1958 1157 2012 corruptoribus
1200 1956 1545 2010 iurisqueiurandi
1577 1962 1766 1996 contem-

314 2017 531 2071 ptoribus,
577 2016 627 2055 ad
667 2017 882 2066 Varnam,
928 2013 1225 2067 Tiberiopolim
1270 2013 1367 2052 olim
1407 2010 1673 2065 appellatam,
1715 2010 1766 2050 ad

317 2079 492 2127 pontum
518 2072 725 2111 Euxinum
754 2073 896 2120 sitam,
943 2069 1147 2123 praelium
1178 2068 1478 2117 committitur3
1506 2066 1549 2105 in
1577 2080 1660 2119 quo
1685 2066 1766 2105 La·-

318 2127 466 2167 distans
495 2134 535 2166 et
579 2125 762 2166 Iulianus
791 2124 1020 2165 Cardinalis
1061 2123 1369 2173 occubuerunt,
1399 2135 1627 2174 magnaque
1654 2120 1771 2160 clade

317 2182 548 2221 Christiana
577 2181 801 2235 respublica
831 2182 975 2219 afflicta
1005 2187 1073 2219 est.
1131 2179 1335 2218 Bonfiuius
1363 2178 1414 2220 D,
1447 2178 1472 2215 5
1498 2175 1598 2215 libb.
1615 2174 1655 2226 4,
1686 2175 1709 2214 5
1728 2181 1769 2213 et

315 2237 364 2287 6,
394 2238 657 2276 Thwroczius
699 2238 742 2275 in
786 2235 996 2274 Chronicis
1034 2233 1303 2288 Hungaricis‚
1350 2230 1554 2271 Gerardus
1600 2231 1652 2270 de
1676 2231 1768 2269 Rou

317 2293 420 2331 Hist.
443 2292 682 2331 Austriacae
710 2291 780 2331 lib.
806 2293 846 2341 5,
876 2297 917 2329 et
931 2291 1097 2330 Maurus
1115 2289 1301 2329 Orbinus
1330 2288 1368 2326 in
1384 2286 1600 2326 Slavomm
1631 2298 1768 2338 regno.
1813 2324 1815 2326 .

319 2402 345 2440 S
405 2347 474 2439 hP.
505 2361 611 2401 217,
658 2346 717 2396 14.
774 2346 848 2398 τῆς
887 2342 1143 2397 καλουμένης
1189 2340 1373 2397 σοφίας]
1444 2339 1556 2379 Urbs
1597 2339 1765 2380 Sex-viae

349 2415 372 2440 o
436 2416 484 2442 ia.

374 2415 402 2454 P
430 2456 480 2495 P.
513 2470 605 2509 2¹7,
646 2470 708 2508 ¹7·
765 2453 788 2494 ὅ
817 2453 864 2494 δὲ
895 2450 1087 2507 Μωράτ]
1118 2453 1232 2491 quta
1263 2450 1413 2491 Annal.
1442 2450 1566 2491 Ture.
1593 2463 1629 2489 a.
1658 2447 1762 2501 Heg-

318 2511 424 2564 847,
455 2512 525 2563 qui
554 2511 689 2564 coepit
715 2525 749 2550 a.
783 2510 831 2552 C.
869 2508 969 2559 1443
1006 2508 1101 2547 Kal.
1129 2507 1227 2546 Maii
1255 2506 1328 2550 fer,
1358 2505 1401 2555 4.

432 2565 483 2605 Ρ.
513 2579 604 2619 217,
636 2580 701 2606 21.
750 2558 929 2617 Ἰζλάτη]
977 2563 1098 2603 Hunc
1120 2561 1259 2603 locum
1287 2559 1486 2615 angustias
1515 2557 1638 2597 saltus
1667 2557 1767 2597 Isla-

319 2620 405 2659 dini
426 2620 695 2659 Leunclavius
718 2619 905 2674 appellat.

432 2675 485 2718 P.
509 2672 604 2725 218,
639 2675 697 2714 16.
774 2668 924 2726 μηνύει
973 2672 1018 2711 ἑν
1053 2665 1241 2722 Οὕγγρία
1270 2667 1437 2724 ᾄηγένῃ]
1492 2668 1602 2709 Fieri
1630 2666 1770 2718 nequit

321 2729 446 2782 istud,
479 2737 525 2769 ut
554 2745 599 2769 ex
630 2728 908 2783 superioribus
939 2727 1080 2780 liquet,
1109 2725 1320 2779 aufugerat
1347 2738 1456 2765 anno
1487 2722 1590 2774 1440
1611 2723 1765 2775 regina,
