1890 3204
557 173 631 214 An
681 172 947 215 manu.
975 170 1185 214 NOTAE.
1351 141 1354 144 ’
1488 152 1598 230 577

181 274 307 327 „P-
343 285 448 329 ¹⁰9⁷
482 273 545 314 18-
623 273 1067 328 Ἀδριανοῦκόλπου]
1146 273 1381 327 improprie·
1426 274 1604 327 appellat
1619 286 1657 320 v,
1681 290 1741 324 ,33

142 322 318 374 Adriani
349 332 496 374 sinum.
520 343 634 379 mare
658 330 942 372 Hadriaticum
969 329 1023 370 ab
1049 327 1152 369 urbe
1168 328 1322 368 Hadria
1349 341 1497 369 nomen
1530 330 1606 370 ha-

101 432 107 438 ,
143 385 232 439 bet,
261 399 344 426 non
374 385 428 426 ab
456 383 659 425 Adriano.
690 386 915 426 notandum
941 399 1065 439 porro
1092 398 1167 438 per
1194 385 1330 423 sinum
1345 383 1605 425 Adriaticum

143 440 214 488 bie
255 438 433 496 intelligi
475 453 590 480 mare
628 441 786 480 lonium
807 471 819 493 ,
850 440 965 495 quod
995 438 1176 480 Siciliam
1203 446 1244 480 et
1271 437 1607 492 Peloponnesum

143 494 371 546 interfluit,
400 503 443 537 et
464 495 594 536 hodie
621 511 646 535 a
674 499 807 536 nautis
837 498 871 536 il
905 495 1027 548 Goffl)
1060 495 1194 535 adhue
1222 493 1473 549 appellatur.

211 582 214 587 -
256 550 310 592 P.
351 564 440 602 ιιι,
472 564 543 591 22.
599 550 647 590 ἐν
675 550 722 591 δὲ
751 556 842 599 ταῖς
871 549 1054 605 ἡμέραις
1081 549 1281 605 ἐκείναις]
1309 550 1424 590 Hanc
1453 551 1504 591 de
1533 566 1606 590 no·

143 613 335 647 vni-secta
361 604 578 655 historiam
605 610 864 661 persequitur
892 606 1160 646 Leunclavius
1187 605 1258 645 hb.
1294 619 1340 645 ια
1370 613 1409 646 et
1437 607 1478 645 in
1515 606 1606 646 An-

143 659 224 703 nal.
256 660 384 703 Ture.
433 661 670 703 Bedredinis
709 663 949 703 Semavinac
989 662 1039 700 F.
1072 675 1220 701 nomen
1249 668 1390 701 nostro
1419 661 1608 715 ignotum

141 721 229 763 est.
257 715 363 760 siout
386 717 513 758 etiam
540 717 765 759 monachus
794 719 996 758 Cretensis
1036 716 1283 756 Leunclavio
1313 717 1487 770 ignotus.
1519 732 1609 758 ma-

147 783 231 826 gna
273 772 553 827 singularique
593 773 807 827 prudentia
845 772 1004 812 Sultani
1033 772 1272 812 Mehemetis
1301 771 1401 812 huic
1431 775 1609 814 nascenti

148 834 279 879 sectae
312 828 420 868 itum
462 828 652 879 obviam,
695 843 800 883 quae
827 829 1042 868 seditiones
1070 833 1112 867 et
1139 826 1337 867 tumultus
1375 829 1658 882 excitasset31³g
1682 840 1748 886 242

147 881 288 936 quales
318 891 459 937 postea
503 885 764 938 contigerunt
801 884 878 924 sub
912 884 1142 923 Solcimane
1172 882 1282 923 anne
1317 883 1421 924 1526
1450 885 1490 923 in
1513 885 1612 925 Asia

145 938 304 985 minore
340 939 532 990 excitati,
568 946 614 979 ut
645 941 713 979 lib.
751 939 799 979 18
830 939 1100 979 Leunclavius
1134 945 1266 978 notat.
1353 948 1355 951 ’

254 989 302 1032 Ρ.
343 1007 434 1042 ¹12,
471 1008 505 1033 ι.
579 991 600 1034 ὃ
629 995 775 1041 κοινοῖς
802 993 974 1034 καλοῦσι
1003 989 1262 1047 στυλάριον]
1341 993 1494 1034 Nautae
1522 995 1614 1035 Itali

146 1047 197 1091 in,
223 1048 376 1089 tabulis
403 1051 489 1093 suis
515 1051 687 1090 nauticis
717 1050 798 1089 loci
828 1049 936 1089 illius
968 1064 1118 1089 nomen
1139 1051 1253 1103 Cape
1271 1047 1415 1088 Stilari
1443 1050 1613 1104 habent;

148 1117 330 1159 eumque
362 1119 386 1144 a
413 1106 590 1159 Smyrna
618 1104 858 1145 milliaribus
877 1106 945 1155 4ο,
982 1103 1169 1144 Phocaea
1202 1105 1329 1143 veteri
1356 1106 1475 1154 (Foia
1506 1106 1616 1146 Vec-

144 1160 251 1210 clu'a)
272 1159 527 1203 ‚milliaribus
558 1175 628 1213 20,
654 1176 682 1201 av
698 1161 790 1200 Chii
821 1168 958 1200 sancta
990 1161 1169 1213 Panagia
1198 1159 1441 1200 milliaribus
1475 1176 1522 1201 10
1551 1163 1615 1202 di-

146 1221 258 1255 stare
302 1222 502 1256 asserunt.
544 1217 783 1256 Dominicus
815 1217 972 1255 Marius
1003 1216 1126 1269 Niger
1154 1217 1196 1255 in
1228 1216 1462 1257 Comment.
1494 1217 1615 1258 Asiae

70 1301 78 1308 .
143 1270 309 1323 prium,
348 1271 548 1311 disserens
585 1273 637 1312 de
677 1272 930 1312 Chersoneso
975 1270 1223 1320 Chalcitide,
1263 1269 1361 1310 talia
1391 1271 1544 1312 scribit.
1572 1273 1617 1313 in

143 1325 251 1366 cuius
278 1325 404 1366 altero
448 1341 571 1367 cornu
609 1328 931 1384 promontorium
971 1336 1032 1365 est
1060 1326 1270 1366 Numanti-s
1300 1328 1522 1377 (Mimantis
1552 1327 1617 1367 di-

144 1379 322 1436 cendum
361 1386 495 1433 erat),
537 1383 647 1437 quod
671 1383 906 1422 recentiores
935 1391 1055 1437 caput
1081 1381 1228 1420 Stilari
1255 1383 1482 1436 appellant.-
1510 1399 1530 1422 a
1538 1385 1618 1423 nti-—

147 1435 240 1490 quis
259 1437 513 1491 temporibus
529 1438 725 1489 μέλαινα,
758 1445 805 1477 ut
821 1437 971 1477 Strabo
992 1437 1065 1477 lib.
1086 1436 1132 1490 14
1154 1436 1291 1487 refert,
1315 1437 1614 1490 appellabatur,

146 1491 276 1547 inque
298 1507 350 1533 eo
368 1494 656 1547 promontorio
680 1493 870 1532 latomiae
892 1491 1320 1545 ‘molarium‘lapidum
1351 1500 1483 1532 erant.
1513 1507 1619 1548 quae

144 1546 371 1602 appellatio
409 1549 578 1602 antiqua
614 1548 838 1589 hodiernae
871 1548 1071 1587 Turcicae
1119 1547 1352 1600 respondet:
1386 1549 1617 1601 appellatur

145 1603 258 1646 enim
275 1602 405 1645 hodie
426 1604 729 1653 Rara-'borru‚
754 1603 1048 1643 Kara-bornu
1078 1603 1202 1656 vulgo
1235 1606 1553 1656 pronunciatur,
1573 1605 1615 1646 id

125 1657 128 1662 ’
147 1665 212 1698 est
230 1659 346 1713 niger
365 1673 486 1700 nasus
505 1674 576 1699 seu
593 1660 760 1714 nigrum
780 1661 1132 1714 promontorium.
1155 1657 1312 1698 fallitur
1339 1658 1614 1702 Leunelavius

146 1712 218 1754 lib.
256 1727 304 1754 ια
341 1716 441 1766 eit„
477 1717 549 1769 qui
577 1715 790 1755 Garaboru
833 1714 899 1755 vel
930 1714 1186 1753 Caraburum
1220 1714 1369 1767 Lyciae
1396 1715 1633 1768 oppidum,

145 1766 444 1823 Turcicemque
472 1770 787 1824 appellationem
815 1769 912 1809 inde
939 1768 1169 1808 derivatam
1194 1776 1324 1821 putat.
1341 1769 1613 1820 Caraborum,

148 1823 233 1863 ubi·
248 1831 358 1866 secta
386 1825 456 1864 illa
481 1826 737 1876 increverat,
775 1827 815 1864 in
846 1825 1057 1863 Aidinensi
1091 1825 1242 1863 ditione
1276 1825 1397 1863 situm
1428 1833 1516 1876 est,
1546 1827 1613 1866 cui

146 1877 261 1920 Adin
291 1894 366 1920 seu
394 1882 490 1920 Atin
517 1881 812 1934 imperaverat,
840 1881 954 1919 cuius
981 1894 1077 1932 pars
1100 1880 1215 1918 Ionia
1246 1878 1336 1918 fuit.
1393 1879 1612 1921 Cara-»bo-

150 1947 247 1975 rum
279 1934 381 1976 illud
409 1950 480 1976 seu
510 1936 720 1975 Caraboru
751 1934 1078 1988 promontorium
1110 1943 1168 1974 est
1196 1933 1460 1982 altissimum,
1496 1938 1611 1990 quod

148 1989 306 2039 sinum,
336 1990 400 2031 cui
434 1993 610 2044 Smyrna
642 1992 797 2030 adiacet
818 2022 828 2037 ‚
862 1991 1108 2030 intrantibus
1138 1990 1190 2029 ad
1220 1989 1405 2028 dextram
1434 1990 1611 2032 obiacet.

261 2045 315 2086 P.
354 2048 446 2097 115,
476 2047 514 2086 8.
573 2045 593 2084 ὁ
627 2045 703 2085 τοῦ
723 2045 975 2096 Σουσμανοῦ
995 2042 1102 2098 υἱός]
1165 2046 1365 2084 Historiae
1392 2046 1608 2097 Turcicae,

148 2115 248 2154 ques
278 2101 406 2141 edidit
438 2102 736 2149 Leunclavius‚
767 2101 1072 2155 expeditionum
1099 2101 1151 2139 ab
1180 2099 1415 2140 Alexandro
1444 2103 1610 2142 Susma-

147 2170 202 2195 no
231 2164 272 2196 et
303 2157 546 2212 Hali-bego
593 2158 632 2195 in
663 2163 798 2197 sectae
827 2171 960 2195 novae
992 2163 1199 2195 auctorem
1221 2155 1384 2208 eiusque
1414 2171 1610 2211 sequaces

147 2220 426 2266 susceptarum
452 2227 539 2252 uon
566 2214 867 2252 meminerunt:
902 2211 1084 2261 ultimae,
1118 2213 1233 2250 cuius
1266 2213 1439 2251 Morates
1471 2214 1611 2252 Melic-

149 2270 266 2308 metis
303 2268 409 2309 filius
450 2276 490 2308 et
518 2269 714 2308 Baiazites
746 2269 932 2306 Mesazon
963 2267 1085 2306 duces
1113 2267 1301 2314 fuerunt,
1352 2267 1609 2309 solummodo

147 2323 389 2364 meminere.
421 2323 640 2364 illubenter
670 2324 779 2364 enim
797 2324 922 2362 Turei
950 2337 992 2362 se
1019 2323 1144 2361 victos
1173 2323 1368 2374 fatentur,
1402 2337 1476 2363 nec
1504 2324 1608 2364 hac..

145 2385 268 2419 tenus
308 2382 384 2419 nisi
428 2379 551 2420 semel
581 2388 705 2434 atque
736 2381 885 2418 iterum
904 2377 1059 2432 praelio
1082 2379 1227 2417 fractos
1257 2378 1379 2418 fuisse
1410 2393 1452 2418 se
1481 2393 1608 2433 agno-

146 2442 290 2483 scunt,
331 2434 441 2475 bello
483 2450 629 2489 nempe
656 2435 908 2488 Tomyriano
951 2440 992 2473 et
1019 2434 1153 2473 navali
1192 2434 1243 2472 ad
1274 2433 1491 2487 Naupacti,
1526 2437 1607 2474 Le-

139 2499 265 2543 panto
296 2491 432 2544 vulgo,
461 2492 609 2541 sinum,
646 2506 667 2530 a
696 2490 915 2530 foederatis
945 2504 1038 2528 cum
1069 2491 1221 2529 Veneta
1251 2488 1460 2542 republica
1491 2493 1607 2544 prin-

146 2543 304 2598 cipibus
344 2546 588 2587 Christianis
628 2546 819 2598 superati.
859 2560 981 2599 quem
1022 2560 1145 2598 porro
1186 2546 1324 2584 Ducas
1362 2545 1608 2599 Bercligiam

145 2601 432 2654 Mustapham‚
466 2601 739 2642 Leunclavius
767 2601 1049 2655 Burugluscm‘
1067 2601 1327 2654 Mustapham
1359 2601 1548 2654 appellat.

260 2655 310 2695 P.
346 2656 438 2708 114,
476 2672 538 2712 ¹9·
597 2657 703 2710 τετέ]
762 2658 1070 2696 pronunciatur
1099 2657 1214 2705 dede,
1249 2671 1326 2710 qua
1358 2656 1605 2710 appellatio..

146 2724 199 2750 ne
239 2712 338 2751 viris
372 2714 583 2763 sanctitate
622 2727 667 2751 ae
713 2715 914 2765 gravitate
956 2712 1253 2764 praestantibus
1296 2713 1607 2750 venerationem

147 2765 350 2806 exhibent.
378 2767 485 2809 dede
510 2767 685 2808 Turcice
715 2782 837 2808 tivum
869 2767 1078 2822 significat.
1138 2769 1369 2807 Dervisium
1398 2766 1608 2820 quendam

295 2846 428 2881 Duces.
1306 2845 1347 2888 37
