1904 3198
333 146 405 204 80
651 152 833 207 ‘DUCAE
858 163 1156 206 inermus
1205 164 1429 206 NEPOTIS
1477 207 1479 211 ,

288 262 483 307 Βὲαυτόν
523 261 757 318 ἐποιήσατο.
830 263 853 304 6
893 258 1045 318 Ὀρχάν
1088 261 1162 304 καὶ
1206 264 1261 304 οῖ.
1288 266 1362 305 τοῦ
1402 263 1531 320 ’Attin
1565 261 1643 305 δύο
1684 262 1774 307 οἱοὶ

322 328 480 386 Ὁμοῦρ
523 329 595 372 καί
615 329 730 379 Ἐσὲς
769 331 842 371 κατ’
867 329 992 370 αὐτοὶ
1017 326 1089 382 τὴν
1122 324 1281 372 Ἰωνίαν
1306 331 1446 371 πᾶσαν
1472 326 1770 385 ἐκληρώσαντο.

327 398 399 437 καί
423 394 445 437 6
473 397 550 437 τοῦ
587 397 825 449 Μανταχία
860 394 991 444 Ἐλιὲζ
1021 396 1094 445 καί
1137 393 1266 446 αὐτὸς
1307 396 1478 450 Καρίαν
1505 395 1578 437 καὶ
1595 395 1773 451 ,Λυδίαν

326 458 593 516 επεκτήσατο.
647 460 687 502 οἱ
733 461 782 502 δὲ
811 461 1159 514 καταλειφθέντες
1184 461 1229 502 ἐν
1259 463 1308 518 τῇ
1335 457 1419 517 &Aa
1446 461 1520 502 τοῦ
1547 458 1773 514 Παγιαζὴτ

325 525 435 579 υἱοί,
463 525 485 568 6
510 527 590 579 μὲν
619 525 821 579 Μεχεμὲτ
853 525 898 565 ἐν
929 521 1118 582 Ἀγκύρα
1143 519 1195 578 ἧν
1221 525 1293 581 τῆς
1324 525 1548 579 Γαλατίας,
1578 525 1671 568 ἐπεὶ
1695 524 1810 570 οὖκὸ

326 586 438 645 ειχεν
463 591 736 646 κληρονόμιον
766 584 793 644 ἢ
821 587 1058 643 ἐπαρχίαν·
1107 583 1159 644 ἦν
1188 591 1234 632 δὲ
1262 592 1335 632 καί
1366 590 1389 632 6
1420 588 1604 647 α’δελφός
1641 589 1774 633 azizos,

214 662 313 700 v.35
326 658 492 711 Μωσῆς
517 659 611 709 μετ’
630 651 757 697 αὖτὸν
774 651 836 695 ἔτι
863 651 1192 710 παιδαρίσκος”
1157 672 1227 700 ων.
1261 653 1282 696 6
1306 656 1354 698 δὲ
1379 654 1524 706 Ἐσὲςὸ
1555 657 1696 711 ε’τερος
1721 648 1774 711 ἦν

324 721 590 775 πλανώμενος
627 719 750 763 ἔνθεν
797 719 1015 774 κάκεῖθεν,
1056 719 1117 775 μή
1145 721 1269 775 ἔχων
1308 717 1550 767 αὔθεντίαν.
1619 720 1775 776 ὁμοίως

275 784 283 787 ’
323 789 406 829 καὶ
423 787 707 842 Μουσταφᾶς.
775 782 877 827 ὅθεν
918 787 1081 835 στείλας
1111 785 1133 828 6
1171 790 1378 841 Μεχεμέτ
1406 804 1500 830 τινα
1537 789 1619 840 τῶν
1654 802 1773 842 μεγι-

324 855 489 896 στάνων
531 854 609 893 τοῦ
648 850 806 907 πατρὸς
845 852 1002 904 αὕτοῦ,
1055 853 1265 907 Τεμηρτὲς
1302 851 1693 909 ἐπονομαζόμενον,
1720 856 1838 904 ’ἑξιο

324 916 537 972 Ἀγκύρας
561 916 756 971 διάγοντα
786 917 877 959 τότε
906 916 1103 960 τόνἘσὲν
1139 919 1185 960 ἐν
1210 923 1294 969 τοῖς
1311 910 1458 976 μέρεσι
1483 919 1689 975 ἐκείνοις,-
1704 924 1778 963 καί

210 990 245 1024 P.
266 989 311 1035 44
324 982 523 1037 συνάψας
561 982 742 1036 πόλεμον
778 984 868 1036 μετ’
918 983 1052 1025 αϋτοῦ
1078 982 1262 1037 ἀπέτεμε
1299 982 1375 1040 τὴν
1413 984 1600 1042 κεφαλὴν
1628 987 1776 1029 αὐτοῦ

322 1049 345 1090 6
376 1050 421 1090 δὲ
452 1049 654 1102 Μεχεμὲτ
682 1042 734 1103 ἦν
759 1046 1093 1102 μεγαλυνόμενος
1113 1050 1159 1092 ἐν
1179 1051 1221 1092 Γ
1218 1052 1385 1093 αλατια
1415 1051 1489 1092 έν
1508 1052 1556 1094 δὲ
1584 1053 1646 1110 τῷ
1669 1050 1776 1107 πρὸς

316 1115 477 1158 Ἰωνίαν
504 1114 623 1168 μέρει
650 1115 726 1155 τοῦ
746 1110 882 1170 Ἀτῆν
907 1113 1069 1169 ἠγέρθη
1100 1130 1164 1164 τις
1190 1109 1325 1168 ὄνομα
1359 1115 1548 1172 Τζινεήτ,
1577 1115 1672 1167 υἱὸς
1699 1118 1778 1160 τοῦ

321 1180 560 1257 λεγομένου
574 1176 925 1235 Καρασουπαση,
954 1178 1060 1234 ἀνὴρ
1088 1186 1274 1233 γενναῖος
1301 1182 1374 1223 καί
1398 1183 1458 1231 εἰς
1485 1181 1536 1224 τὰ
1571 1181 1774 1236 πολεμικοὶ
1793 1180 1840 1221 1'5

319 1245 503 1298 ἔνδοξος,
533 1243 642 1299 ἔχων
671 1243 868 1299 πρόνοιαν
898 1243 974 1299 τήν
1008 1243 1203 1322 Σμυρνην
1229 1245 1251 1286 6
1281 1245 1419 1302 πατὴρ
1447 1247 1583 1294 admi?
1609 1248 1655 1290 ἐν
1682 1251 1775 1297 ταῖς

319 1309 496 1366 ἡμέραις
514 1325 589 1352 του
572 1307 841 1365 ’Παγιαζήτ-
876 1326 946 1352 και
975 1309 1047 1352 διὰ
1075 1309 1151 1365 τὴν
1165 1310 1440 1366 πολυχρόνιον
1466 1312 1690 1367 ἡγεμονίαν
1717 1311 1776 1363 ὥς

320 1374 540 1419 καθολικὸν
571 1374 611 1417 οἱ
629 1378 872 1452 Σμυρναῖοι
903 1372 1117 1431 τοπάρχην
1145 1376 1352 1429 ἐσέβοντο.
1407 1378 1503 1420 τότε
1531 1373 1662 1434 ἤρατο
1689 1378 1779 1434 uti-3

321 1458 404 1496 χην
431 1439 535 1520 πρὸς
564 1456 665 1490 τους
693 1439 814 1489 υἷους
840 1443 916 1482 τοῦ·
955 1439 1111 1496 Ἀτήν
1168 1435 1302 1499 ᾤκουν
1326 1440 1407 1496 γὰρ
1434 1437 1567 1485 αυτοὶ
1585 1445 1631 1484 έν
1657 1442 1775 1500 Ἐφέ-

324 1522 398 1565 σω.
456 1505 479 1548 6
508 1508 554 1549 δὲ
602 1504 773 1560 Τζινεὴτ
814 1501 1018 1560 ἁθροίσας
1060 1506 1326 1562 Σμυρναίους
1361 1510 1434 1550 καί
1471 1509 1518 1550 ἐκ
1545 1508 1629 1550 τῶν
1657 1510 1776 1564 πέριξ
1788 1521 1840 1548 ao

322 1573 495 1628 χωρίων
526 1569 584 1621 ὥς
612 1573 927 1624 πεντακοσίους,
971 1571 1272 1627 κατερχόμενος
1299 1571 1496 1630 ἐλῄστευε
1524 1573 1621 1624 τούς
1648 1574 1694 1616 ἐν
1719 1575 1778 1632 τῷ

286 1650 312 1682 Β
327 1636 478 1694 κάμπῳ
504 1637 694 1694 Ἐφέσου.
752 1638 808 1686 ὥς
837 1639 882 1679 έν
912 1634 1037 1695 ὄλίγῳ
1084 1639 1132 1679 δὲ
1159 1637 1447 1694 συναθροίσας
1475 1640 1666 1682 ἐπέκεινα
1691 1641 1777 1683 τῶν,

325 1702 603 1745 πεντακοσίων
635 1704 695 1751 εἰς
722 1701 853 1758 αὐτήν
879 1701 956 1757 τήν
983 1701 1105 1745 πόλιν
1130 1704 1212 1745 τῶν
1239 1703 1441 1760 Ἐφεσίων
1470 1704 1674 1761 ἄφίκετο·
1705 1703 1779 1748 καὶ

419 1816 452 1850 6.
481 1813 721 1862 κληρονόμον
738 1814 773 1848 Ρ.

327 1908 430 1947 Eses,
450 1907 590 1940 Ioniam
604 1910 715 1940 totam
729 1906 848 1939 sortiti
863 1911 955 1938 sunt.
971 1905 1198 1939 Mantachiae
1213 1905 1308 1939 filius
1319 1905 1414 1939 Elias
1427 1905 1566 1940 Cariam
1581 1911 1618 1939 et
1631 1906 1774 1950 Lyciam

329 1954 499 1987 obtinuit.
526 1953 590 1999 qui
620 1964 704 1986 vero
735 1953 773 1986 in
796 1952 946 1985 Oriente
970 1952 1087 1985 relicti
1112 1957 1215 1985 erant
1234 1952 1401 1986 Baiazitis
1421 1953 1508 1994 filii,
1534 1963 1657 1986 eorum
1681 1963 1774 1987 unus

327 2000 573 2041 Mehemetes‚
612 2011 691 2032 cum
715 1999 938 2053 provinciam
965 1999 1102 2031 nullam
1135 1999 1341 2040 obtineret,
1369 1999 1528 2043 Ancyrae
1559 2000 1598 2032 in
1631 1999 1775 2033 Galatia

329 2047 559 2088 substiterat,
583 2057 663 2079 cum
682 2057 753 2092 quo
774 2046 885 2078 frater
907 2046 983 2078 eius
1002 2045 1120 2078 minor
1149 2051 1236 2079 natu
1249 2046 1367 2079 Moses
1389 2046 1574 2080 etiamtum
1595 2057 1686 2090 puer
1711 2043 1774 2079 de—

329 2094 446 2138 gebat.
496 2093 581 2126 Eses
606 2104 690 2126 vero
713 2093 805 2125 alter
826 2103 947 2125 eorum
973 2091 1044 2125 huc
1067 2097 1104 2125 et
1125 2093 1213 2125 illuc
1229 2091 1460 2137 vagabundus
1479 2092 1693 2134 oberrabat,
1718 2093 1774 2126 di-

329 2141 467 2185 gnitate
490 2150 530 2172 ac
551 2139 702 2184 imperio
728 2139 942 2182 destitutus3
969 2138 1202 2183 eiusdemque
1224 2139 1443 2172 conditionis
1466 2145 1542 2172 erat
1555 2139 1775 2186 Mustaphas;

330 2198 442 2232 quare
461 2186 681 2220 Mehemetes
711 2185 891 2231 quendam
915 2197 933 2218 e
955 2185 1179 2230 magnatibus
1209 2186 1271 2230 qui
1292 2190 1429 2230 patrem
1447 2186 1523 2219 eius
1552 2184 1775 2220 comitaban-

330 2239 408 2273 tur,
434 2232 631 2266 Temirtem
668 2233 981 2277 cognominatum,
1018 2233 1155 2275 Ancyra
1176 2231 1342 2265 adversus
1366 2232 1480 2272 Esen,
1508 2232 1571 2276 qui
1590 2232 1635 2264 in
1659 2233 1777 2280 regio-

331 2280 438 2313 nibus
465 2279 538 2312 illis
578 2285 665 2313 tunc
698 2279 848 2323 agebat,
886 2278 1052 2324 progredi
1086 2278 1210 2311 iussit:
1245 2277 1383 2323 praelio
1413 2289 1493 2311 cum
1522 2289 1564 2310 eo
1587 2280 1774 2312 commisso

332 2326 512 2359 'remittes
540 2326 655 2359 victor
687 2326 822 2366 evasit,
859 2326 1035 2370 Esemque
1065 2325 1182 2370 capite
1212 2325 1408 2379 truncavitj
1434 2323 1530 2357 unde
1553 2325 1774 2359 Mehemetes

332 2374 371 2406 in
399 2372 543 2406 Galatia
579 2383 712 2406 nomen
738 2373 939 2417 famamque
967 2372 1038 2405 sibi
1076 2371 1171 2404 fecit.
1208 2371 1352 2403 interim
1387 2370 1426 2403 in
1457 2371 1582 2404 Ioniae
1612 2372 1774 2417 partibus

333 2430 422 2464 quas
445 2418 656 2463 possederat
678 2419 782 2460 Atin,
811 2419 958 2464 quidam
977 2418 1134 2451 Cineites
1157 2418 1370 2462 appellatus,
1387 2417 1464 2450 eius
1490 2418 1552 2463 qui
1571 2417 1775 2464 Karasupa-

334 2466 363 2499 si
391 2465 588 2499 vocabatur
612 2466 727 2506 filius,
755 2466 940 2507 innotuit,
964 2465 1019 2498 vir
1046 2465 1148 2498 sortis
1175 2463 1338 2509 bellique
1361 2464 1491 2508 peritia
1515 2465 1640 2497 clarus.
1665 2464 1774 2499 huius

332 2523 467 2566 parens
479 2512 637 2545 Baiazite
663 2518 832 2555 regnante
845 2513 1015 2556 Smyrnae
1034 2511 1249 2556 praefuerat,
1272 2516 1309 2543 et
1324 2509 1422 2555 quod
1443 2510 1655 2545 diuturnum
1680 2513 1774 2556 regi-

331 2570 414 2592 men
436 2559 514 2592 eius
532 2558 680 2599 fuisset,
707 2559 891 2601 Smyrnaei
918 2565 1089 2603 tanquam
1123 2557 1323 2601 generalem
1347 2557 1553 2600 toparcham
1577 2563 1613 2590 et
1632 2559 1773 2603 praefe-

333 2611 429 2639 ctum
456 2605 730 2638 venerabantur.
765 2605 833 2637 hoc
870 2606 979 2649 igitur
1000 2611 1159 2650 tempore
1191 2603 1326 2636 bellum
1352 2603 1519 2636 adversus
1542 2605 1658 2637 Atinis
1678 2605 1772 2637 filios

334 2652 507 2696 capessit,
534 2653 597 2697 qui
622 2651 753 2696 Ephesi
782 2651 902 2684 sedem
942 2651 1146 2692 l1abebant3
1181 2650 1414 2694 collectisque
1438 2651 1644 2694 Smyrnaeis
1666 2656 1704 2684 et
1730 2662 1773 2684 ex

334 2698 669 2732 circumiacentibus
695 2698 877 2743 oppidulis
904 2698 1110 2743 quingentis
1141 2697 1251 2730 ferme
1278 2697 1383 2737 viris,
1419 2697 1457 2730 in
1479 2708 1598 2742 agrum
1622 2697 1772 2742 Ephesi-

333 2757 394 2780 um
417 2746 538 2788 venit,
569 2746 788 2791 colonosque
831 2744 1080 2791 depraedatur.
1108 2744 1208 2779 brevi
1228 2754 1311 2779 vero
1337 2754 1416 2776 cum
1435 2749 1578 2790 praeter
1596 2744 1771 2790 quingen-
