1904 3198
324 126 397 200 78
554 189 559 195 ,
625 182 632 188 .
670 143 851 186 nucis
883 141 1171 187 memus
1210 144 1434 188 NEPO‘HS

320 243 448 288 αὔτόν
477 245 522 287 ἕν
540 243 798 303 τῇᾙρούσῃ,
826 246 900 287 καί
910 242 1083 297 ἔθαψαν
1107 245 1152 287 ἐν
1179 247 1236 302 τῷ
1259 245 1446 304 μνημείῳ
1473 243 1500 287 ὃ
1520 246 1763 306 αὐτᾶς-ᾠκο-

320 309 514 366 δόμησεν.
570 309 594 351 ὅ
620 311 668 351 δὲ
688 308 829 366 Τεμύρ
860 307 1027 364 α’πάρας
1058 310 1225 357 ἐκεῖθεν
1247 310 1351 365 πρὸς
1383 315 1629 355 Λυκαονίαν
1657 310 1763 370 οἶφε·-

318 391 409 418 κετο
425 408 438 430 ,
464 378 659 418 κάκεῖθεν
686 377 746 426 εἰς
776 374 1058 429 Καισάρειαν,
1087 370 1175 418 εἶτα
1207 378 1266 426 εἰς
1287 374 1515 432 Ἀρμενίαν
1538 374 1697 432 μικράν
1713 392 1760 426 ,τε

320 445 393 485 καί
416 439 613 496 μεγάλην.
682 440 904 496 πληρώσας
940 437 1134 483 ἐνιαυτὸν
1169 444 1241 484 ἕνα
1283 441 1401 492 ἐκτὸς
1447 444 1522 498 τῆς
1547 445 1762 499 Περσίας,

321 510 395 549 καί
418 505 523 560 μετὰ
561 505 633 550 τὸν
667 504 820 563 χρόνον
849 507 1042 560 εἰσῆλθεν
1077 505 1243 562 νικητής
1288 510 1590 563 τροπαιοῦχος,
1618 509 1801 565 mdo-mas

322 573 497 629 λάφυρα
526 573 600 615 καί
625 574 741 614 λειάν
768 572 826 620 ὥς
854 567 991 620 οὐδεὶς
1019 573 1100 614 τῶν
1129 570 1290 615 πώποτε
1318 571 1533 629 τυράννων
1560 574 1764 631 Περσῶν.

284 641 311 674 C
433 639 542 682 Ἀλλ’
577 639 810 690 ἑπανίωμεν
847 635 971 678 πάλιν
997 638 1057 686 εἷς
1094 636 1190 687 τοὺς
1217 642 1588 694 μεταγενεστέρους
1615 639 1769 695 ἡγεμό-

323 719 397 753 νας
432 706 514 746 τῶν
550 703 771 756 Ὀθμάνων
791 734 804 753 ,
844 701 918 744 καὶ
943 702 1098 757 ἴδωμεν
1135 706 1209 746 καί
1248 706 1351 762 ποίῳ
1377 703 1515 764 τρόπῳ
1542 706 1770 758 μετέπεσον

322 771 382 819 εἷς
410 766 566 818 αὐτούς
591 766 641 810 τὰ
669 768 742 821 τῆς
768 765 988 822 ἡγεμονίας
1017 764 1300 824 εὐτυχήματα.

214 839 313 885 V.34
440 837 501 877 18.
556 832 606 875 ‘O
641 832 722 888 γὰρ
758 831 960 887 βασιλευς
997 833 1210 888 ,Μανουήλ
1253 836 1496 886 ἑνωτισθείς
1535 834 1613 892 τὴν
1643 831 1834 894 {namo

279 903 406 944 Βτῶν
443 900 641 955 Τούρκων
666 901 740 941 καί
769 897 846 955 τὴν
872 901 950 941 τοῦ
973 898 1198 955 Παγιαζὴτ
1227 899 1389 955 α’θρόαν
1413 900 1649 957 ’μεταβολήν
1684 916 1772 954 πως

327 964 401 1008 ἄπ’
430 966 616 1020 ου’ρανοῦ
644 964 701 1015 ὥς
729 963 951 1020 α’στραπὴν
977 963 1180 1019 πεσόντα,
1207 965 1402 1022 παρευθύ
1433 964 1538 1020 πρὸς
1562 968 1774 1019 Βυζαντί-

327 1048 374 1075 ον
401 1029 555 1074 avam.
612 1030 685 1074 καὶ
711 1029 735 1072 ὅ
764 1029 938 1084 οἷνεψιὸς
966 1030 1102 1074 αὕτοῦ
1138 1037 1393 1087 παραχωρεῖ
1415 1034 1498 1075 τῶν
1526 1032 1677 1076 οἰάκων
1702 1033 1776 1088 τῆς

214 1106 248 1140 Ρ.
271 1106 313 1150 43
327 1099 567 1154 βασιλείας,
609 1097 683 1139 καὶ
729 1093 860 1147 αὖτὸς
896 1099 942 1141 ἐν
985 1099 1038 1155 τῇ
1064 1094 1174 1156 νήσῳ
1203 1095 1364 1157 Λήμνῳ
1391 1099 1622 1152 πέμπεται,
1650 1097 1725 1144 καὶ
1749 1097 1774 1139 ὅ

328 1163 543 1219 Μανουὴλ
571 1163 696 1217 μόνος
721 1162 926 1218 βασιλεῦς
951 1161 1066 1218 παρὰ
1097 1164 1173 1205 τοῦ
1199 1166 1404 1206 παλατίου
1433 1167 1507 1207 καί
1531 1167 1610 1206 τοῦ
1635 1162 1774 1221 δήμου,
1790 1163 1840 1206 15

328 1231 645 1287 εὖφημιζεται.’
680 1228 702 1270 ὅ
727 1231 775 1272 δὲ
802 1227 1100 1283 Μουσουλμάν
1126 1227 1314 1284 περάσας
1341 1231 1385 1272 ἐν
1409 1231 1462 1287 τῇ
1490 1231 1608 1273 δύσει
1634 1230 1776 1286 εἰσῆλ-

329 1300 407 1338 θεν
441 1294 555 1344 ἐντὸς
597 1297 670 1350 τῆς
707 1293 887 1350 πόλεως,
933 1294 1006 1337 καί
1031 1298 1170 1338 πίπτει
1195 1296 1242 1337 ἐν
1269 1301 1355 1345 τοῖς
1381 1299 1481 1339 ποσὶ
1504 1299 1583 1338 τοῦ
1607 1298 1777 1350 βασιλέ-

332 1377 410 1414 ως,
439 1362 512 1403 καί
536 1363 676 1404 δέεται
704 1359 856 1403 τούτου
888 1363 1016 1416 λέγων
1046 1357 1111 1402 ὅτι
1138 1359 1246 1415 ,,ε’γώ
1284 1358 1440 1415 ἔσομαι’
1463 1377 1532 1405 σοι
1565 1364 1626 1411 εἰς
1655 1359 1776 1415 vibat,

331 1426 383 1470 σύ
415 1429 462 1469 δὲ
491 1425 625 1483 πατὴρ
655 1426 756 1480 ἐμὸς
786 1426 884 1484 ἔσῃ·
941 1425 1014 1469 καί
1051 1426 1133 1468 ἀπὸ
1162 1430 1238 1469 τοῦ
1263 1429 1340 1470 νῦν
1368 1429 1413 1470 ἐν
1438 1430 1553 1487 μέσῳ
1580 1426 1700 1484 ἡμῶν
1725 1427 1778 1470 οὕ

333 1491 436 1550 φύει
468 1490 674 1550 ζιζάνιον,
702 1493 792 1535 ἀλλ’
821 1488 917 1535 οὔτε
944 1492 1157 1535 σκάνδαλα
1186 1490 1364 1535 ἔσονται.
1388 1491 1520 1546 μόνον
1549 1493 1777 1549 α’ναγόρευ-
1792 1512 1843 1538 20

331 1557 409 1602 σόν
435 1574 488 1613 με
518 1556 702 1613 ἧγεμόνα
734 1557 923 1615 Θρᾴκης,
954 1555 1056 1614 ὅσην
1083 1560 1158 1600 καὶ
1183 1554 1310 1613 ἄλλην
1325 1561 1400 1615 γῆν
1430 1558 1500 1600 διὰ
1526 1559 1608 1602 τῶν
1622 1561 1778 1614 γονέων

331 1623 656 1680 ἑπεκτησάμην.”
721 1623 823 1674 δούς
870 1620 984 1682 αὐτῷ
1026 1626 1098 1666 καί
1143 1622 1329 1680 ὁμήρους
1374 1626 1447 1667 ἕνα
1473 1627 1557 1668 τῶν
1583 1626 1778 1682 ἀδελφῶν

333 1792 563 1826 abduxerunt
590 1796 627 1826 et
650 1792 690 1825 in
714 1791 904 1836 sepulchro
920 1817 930 1833 ‚
966 1792 1065 1837 quod
1088 1793 1188 1826 vivus
1215 1793 1286 1826 sibi
1309 1797 1502 1839 posuerat,
1526 1793 1779 1838 sepeliverunt,

333 1841 466 1883 Temyr
491 1840 531 1872 in
556 1838 772 1883 Lycaoniam
804 1838 889 1872 inde
914 1840 1050 1880 movit,
1090 1840 1334 1885 deincepsque
1359 1841 1568 1874 Caesaream
1592 1841 1779 1885 pervenit,

332 1886 553 1931 tandemque
580 1886 620 1919 in
646 1886 850 1919 Armeniam
879 1885 1055 1918 minorem
1079 1898 1120 1919 ac
1152 1887 1323 1920 maiorem
1346 1897 1507 1922 reversus
1532 1891 1596 1920 est.
1623 1898 1718 1921 anno
1742 1886 1781 1919 in

336 1932 569 1978 expeditione
595 1937 695 1965 extra
719 1933 871 1965 Persium
900 1937 1024 1965 exacto
1048 1933 1163 1966 victor
1189 1944 1231 1966 ac
1262 1934 1502 1979 triumphator
1525 1933 1654 1974 rediit,
1677 1943 1782 1978 prae-

334 1980 381 2012 da
405 1991 446 2012 ac
470 1979 597 2024 spoliis
624 1984 796 2020 onustus,
825 1983 961 2024 quanta
985 1979 1110 2023 *nullus
1138 1991 1295 2026 unquam
1313 1982 1496 2015 Persarum
1522 1986 1695 2026 tyrannus
1724 1990 1782 2012 re-

334 2027 501 2072 portavit.
1242 2061 1244 2064 ,

427 2073 499 2106 Sed
524 2072 711 2106 redeamus
737 2071 783 2104 ad
807 2072 1050 2115 Othmanicae
1067 2074 1226 2107 familiae
1250 2073 1445 2118 principes,
1465 2073 1529 2119 qui
1552 2078 1677 2119 postea
1701 2083 1782 2106 suc-

333 2124 537 2160 cesserunt,
577 2124 615 2153 et
645 2118 875 2153 attendamus
907 2119 1089 2166 quomodo
1130 2121 1168 2154 iu
1200 2131 1261 2153 eos
1296 2120 1486 2165 imperium
1517 2121 1672 2154 feliciter
1695 2130 1782 2152 con-

333 2167 492 2200 cesserit.

433 2214 484 2246 18.
532 2212 732 2256 Imperator
757 2212 907 2246 Manuel
940 2225 1019 2246 cum
1045 2212 1182 2245 cladem
1206 2213 1404 2246 Turcorum
1441 2212 1656 2253 audivisset,
1681 2211 1782 2245 subi-

334 2264 483 2303 tamque
510 2259 700 2300 Baiazitis‚
723 2270 816 2303 quae
840 2261 942 2294 velut
968 2260 1086 2304 fulgur
1113 2270 1132 2291 e
1158 2260 1258 2292 coelo
1285 2259 1487 2300 deciderat,
1512 2259 1678 2292 fortunae
1701 2270 1782 2292 mn-

335 2306 535 2345 tationem‚
573 2306 783 2348 Byzantium
814 2307 1001 2340 confestim
1028 2305 1154 2346 rediit,
1198 2311 1235 2339 et
1257 2306 1395 2339 clavum
1419 2306 1562 2350 imperii
1588 2305 1780 2350 regendum

337 2363 358 2384 a
382 2358 528 2396 nepote,
553 2363 660 2397 quem
674 2353 713 2385 in
727 2353 899 2386 Lemnum
928 2354 1072 2397 relegat,
1098 2353 1245 2397 recepit.
1269 2353 1365 2386 solus
1390 2353 1498 2396 igitur
1511 2352 1659 2385 Manuel
1686 2363 1783 2397 apa-

338 2399 463 2432 latinis
477 2398 689 2432 officialibus
704 2404 741 2432 et
760 2401 895 2444 populo
909 2401 1101 2445 imperator
1124 2399 1309 2433 salutatur.
1334 2405 1371 2433 at
1380 2399 1627 2433 Musulmanus
1651 2399 1782 2432 fretum

340 2450 564 2480 transvectus
589 2445 627 2478 in
654 2445 897 2480 occidentales
935 2448 1097 2491 regiones
1120 2458 1157 2479 se
1184 2445 1576 2491 contulit‚Cpolimque
1604 2446 1783 2489 ingressus

338 2492 566 2537 imperatoris
595 2491 751 2537 pedibus
776 2493 928 2535 accidit,
956 2500 993 2527 et
1017 2493 1113 2538 apud
1138 2504 1218 2526 eum
1242 2493 1335 2525 hanc
1359 2493 1556 2538 supplicem
1583 2492 1783 2535 orationem

340 2539 462 2572 habet.
495 2550 583 2584 „ego
617 2538 686 2572 tibi
723 2539 817 2572 filius
853 2552 933 2581 ero,
964 2546 1005 2574 tu
1030 2540 1119 2573 mihi
1142 2545 1244 2585 pater
1268 2540 1361 2581 eris3
1389 2545 1424 2572 et
1458 2540 1502 2572 ab
1527 2539 1596 2572 hoc
1620 2545 1783 2583 tempore

341 2586 444 2619 nulla
470 2587 566 2620 inter
589 2596 653 2619 nos
679 2585 880 2620 discordiae
903 2588 1038 2620 zizania
1073 2585 1386 2627 disseminabitur,
1423 2587 1545 2620 nullae
1569 2586 1783 2618 offensiones

343 2634 588 2666 intercedent:
611 2634 860 2666 tantummodo
889 2634 1064 2667 Thraciae
1090 2635 1308 2679 praesectum
1333 2644 1388 2666 me
1414 2633 1610 2673 constitue,
1635 2637 1672 2665 et
1694 2643 1782 2676 quas

345 2680 434 2712 alias
464 2680 626 2725 regiones
660 2680 814 2713 maiores
848 2681 918 2714 mei
936 2681 1184 2726 possederunt..
1222 2679 1365 2712 obsides
1391 2691 1537 2724 quoque
1562 2677 1714 2712 tradidit
1740 2689 1783 2711 ex

345 2726 515 2761 fratribus
551 2726 624 2762 suis
660 2727 909 2773 impuberibus
938 2739 1073 2770 unum,
1103 2738 1331 2772 sororemque
1361 2738 1468 2760 unam
1493 2726 1783 2761 Phauna-catun
