1916 3210
325 593 716 661 DUCAE
795 591 1382 679 HISTORIA

614 717 1077 768 ITALICE

475 829 892 881 INTERPRETE
935 829 1004 879 ΙΝ
1007 827 1238 879 CERTO.

128 1152 214 1216 Da
243 1172 377 1216 Adam
422 1172 561 1229 primo
600 1174 754 1226 homo,
795 1173 970 1215 formato
1011 1173 1064 1214 da
1101 1173 1195 1222 dio,
1231 1171 1357 1213 infine
1383 1171 1423 1212 al
1456 1178 1592 1226 tempo
1605 1181 1793 1220 EdAEonn.

130 1230 185 1271 de
214 1229 329 1283 Noe,
357 1229 425 1271 nel
458 1229 557 1284 qual
585 1230 626 1270 fo
649 1230 689 1270 el
716 1229 890 1278 diluvio,
919 1243 1021 1269 sono
1047 1235 1155 1269 state
1182 1229 1280 1269 dece
1313 1229 1590 1283 generatione.
1603 1245 1639 1281 p.
1659 1243 1699 1268 ιο

130 1284 171 1326 18
199 1285 333 1340 prima
363 1285 415 1326 de
442 1285 608 1337 Adam3
636 1285 677 1326 18
705 1283 802 1340 qual
832 1284 997 1325 descese
1026 1284 1078 1325 da
1106 1284 1191 1328 dio.
1248 1284 1314 1323 Da
1342 1283 1410 1338 poi
1442 1283 1597 1322 docen-

131 1346 177 1381 to
207 1347 340 1381 trenta
367 1341 466 1381 anni
490 1341 533 1381 fo
559 1340 599 1380 la
627 1341 807 1381 secunda
835 1341 1072 1395 generation
1100 1338 1153 1379 de
1183 1338 1284 1379 Seth
1299 1367 1312 1390 ‚
1347 1338 1510 1378 descesa
1543 1339 1598 1378 da

131 1394 280 1437 Adam.
351 1396 486 1449 Dapoi
534 1395 711 1437 doxento
747 1397 897 1450 zinque
930 1397 1029 1436 anni
1059 1394 1100 1434 fo
1128 1393 1167 1435 la
1195 1401 1308 1435 terza
1333 1394 1600 1448 generatione

133 1451 188 1491 de
214 1451 352 1499 Enos,
393 1450 445 1491 (18
473 1450 588 1494 Seth.
641 1452 775 1505 Dapoi
813 1457 934 1491 cento
961 1457 1144 1491 nonanta
1185 1450 1285 1489 anni
1310 1449 1353 1489 fo
1382 1448 1424 1488 la
1450 1455 1601 1503 quarta

135 1507 372 1560 generation
401 1505 455 1545 de
478 1506 646 1560 Caynan
662 1536 675 1557 ‚
708 1506 760 1546 da
788 1506 912 1546 Enos.
979 1507 1113 1560 Dapoi
1144 1513 1264 1546 cento
1293 1511 1468 1545 settanta
1501 1503 1602 1544 anni

135 1561 178 1601 so
221 1559 263 1601 la
295 1561 438 1614 quinta
471 1561 707 1614 generation
747 1560 800 1601 de
825 1559 1044 1601 Malalehel
1061 1590 1074 1614 ,
1110 1560 1162 1601 da
1207 1561 1393 1615 Caynan.
1467 1559 1603 1614 Dapoi

135 1621 255 1656 cento
294 1621 459 1656 sexanta
498 1615 646 1670 cinque
671 1616 833 1656 anniso
862 1614 903 1656 18
931 1622 1042 1656 sexta
1070 1616 1334 1669 generatione
1368 1616 1421 1656 de
1452 1615 1570 1655 Iared
1589 1644 1602 1664 ‚

135 1670 190 1711 da
220 1669 454 1711 Maialebel.
521 1671 657 1725 Dapoi
703 1677 823 1711 cento
863 1678 1029 1712 sexanta
1070 1671 1138 1711 doi
1166 1672 1264 1711 anni
1293 1671 1334 1712 fo
1364 1669 1405 1711 la
1432 1671 1606 1726 septima

138 1727 403 1779 generatione
430 1724 483 1766 de
501 1725 663 1777 Enoch,
694 1726 747 1766 da
774 1727 913 1771 Iared.
970 1727 1102 1780 Dapoi
1129 1733 1247 1767 cento
1274 1734 1436 1766 sexanta
1457 1727 1606 1780 zinque

142 1781 243 1821 anni
269 1780 313 1820 fo
339 1779 380 1820 la
407 1787 551 1821 octava
580 1783 823 1836 generation
851 1782 902 1821 de
931 1781 1219 1831 Mathusalem,
1250 1781 1302 1822 da
1335 1782 1495 1824 Enoch.
1520 1783 1607 1822 Da·-

139 1837 208 1890 poi
247 1842 367 1876 cento
406 1842 571 1876 sexanta
605 1844 719 1890 septe
763 1838 861 1876 anni
893 1837 934 1876 so
962 1836 1001 1876 la
1025 1851 1131 1877 nona
1161 1840 1421 1892 generatione
1450 1837 1502 1877 de
1525 1837 1608 1877 La-

141 1889 284 1941 mech,
320 1890 374 1931 da
401 1889 687 1931 Mathusalem.
744 1892 876 1946 Dapoi
906 1899 1024 1932 cento
1050 1899 1213 1932 octanta
1242 1900 1335 1933 octo
1364 1894 1463 1932 anni
1495 1891 1538 1932 fo
1567 1891 1608 1932 la

141 1945 300 1986 decima
324 1947 592 2000 generatione
618 1946 672 1987 de
698 1946 790 1987 Noe
807 1977 820 1998 ‚
855 1947 1018 1987 descesa
1048 1947 1101 1987 da
1132 1947 1328 1988 Lamech.
1356 1948 1413 1988 Et
1438 1947 1608 1988 essendo

141 1999 233 2042 Noe
259 2000 313 2042 de
340 2000 440 2041 anni
465 2009 666 2052 sexcento,
697 2001 739 2041 fo
767 2000 806 2042 el
835 2001 999 2042 deluvio
1028 2002 1080 2043 de
1107 2002 1240 2056 l'aqua
1267 2017 1386 2057 sopra
1413 2002 1453 2042 18
1481 2010 1610 2043 terra.

141 2055 188 2096 si
223 2055 300 2097 che
335 2070 379 2097 se
421 2070 595 2097 numera
630 2058 683 2097 da
702 2057 834 2097 Adam
861 2058 985 2097 infine
1016 2058 1055 2098 al
1083 2057 1240 2098 diluvio
1268 2058 1367 2111 ¹anni
1399 2057 1467 2097 doi
1496 2057 1610 2098 milia

143 2111 319 2152 docento
353 2119 555 2166 quaranta
594 2111 677 2154 doi.
741 2113 798 2153 Et
834 2111 1075 2153 similmente
1102 2114 1168 2154 dal
1209 2112 1365 2153 diluvio
1395 2113 1518 2153 infine
1555 2113 1609 2154 ad

143 2166 307 2208 Abram
362 2167 507 2208 son-ono
557 2166 658 2209 dexe
716 2168 999 2223 generatione,
1065 2169 1163 2209 anni
1201 2169 1312 2209 mille
1358 2169 1610 2209 centovinti-

145 2235 244 2266 uno.
301 2221 516 2263 Abraham
553 2237 622 2264 era
648 2223 701 2264 de
740 2226 837 2264 anni
879 2229 1065 2277 septanta
1095 2224 1263 2278 zinque‚
1291 2224 1458 2278 quando
1498 2224 1610 2278 parti

146 2278 200 2318 da
230 2278 546 2332 Moesopotamia
581 2286 621 2319 et
651 2278 759 2319 ando
788 2278 842 2319 ad
866 2278 1059 2320 habitare
1088 2282 1131 2320 in
1161 2279 1200 2319 la
1224 2288 1339 2321 terra
1368 2278 1608 2330 Cauaham3

146 2340 189 2374 et
213 2331 244 2372 n
269 2333 520 2374 demorando
558 2335 655 2374 anni
697 2335 799 2375 vinti
841 2337 1013 2388 zinque,
1057 2335 1087 2375 11
1116 2349 1275 2390 nacque
1318 2335 1356 2376 81
1382 2350 1456 2376 suo
1484 2335 1610 2390 figliol

147 2388 304 2431 Isahac.
358 2388 508 2443 Elqual
539 2389 674 2430 habbe
715 2390 782 2430 doi
811 2389 895 2430 fioli
923 2392 1034 2430 Esau
1062 2397 1103 2431 et
1145 2391 1284 2435 Iacob.
1339 2391 1399 2431 Et
1439 2391 1610 2432 essendo

147 2444 273 2485 Iacob
301 2443 352 2484 de
377 2444 496 2485 etade
524 2444 576 2484 de
603 2445 702 2485 anni
729 2452 849 2486 cento
866 2451 908 2486 et
934 2453 1083 2494 trenta,
1115 2445 1276 2487 descese
1301 2460 1378 2487 con
1403 2447 1418 2486 i
1448 2448 1508 2487 soi
1533 2447 1608 2487 do-
1625 2466 1661 2491 ιι

149 2498 250 2540 dexe
288 2499 372 2539 floli
418 2501 460 2539 in
498 2500 679 2555 Egiptu,
717 2508 759 2541 et
792 2515 871 2541 con
919 2508 1093 2542 settanta
1127 2504 1274 2557 zinque
1315 2503 1472 2543 nevoti.
1539 2504 1610 2543 Ma

149 2554 363 2597 Abraham
401 2568 478 2595 con
515 2555 555 2595 18
587 2571 660 2596 sua
696 2557 888 2610 progenie
931 2570 1045 2597 come
1075 2557 1285 2598 forestiero
1328 2557 1470 2598 habito
1499 2557 1541 2598 in
1570 2557 1611 2598 18

149 2615 266 2650 terra
284 2609 479 2650 Canahan
512 2613 610 2651 anni
642 2619 911 2666 quatrocento
939 2618 1079 2652 trenta
1111 2614 1190 2657 tre.
1244 2613 1302 2653 Et
1332 2612 1610 2668 multiplican-

151 2663 207 2703 do
232 2664 272 2705 18
300 2667 559 2719 generatione
587 2666 638 2707 de
667 2668 860 2721 progenie
898 2668 937 2706 in
970 2669 1195 2722 progenie,
1224 2675 1340 2708 tanto
1367 2668 1405 2709 el
1436 2683 1609 2708 numero

154 2719 326 2771 erebbe,
352 2720 428 2761 che
455 2721 563 2761 sacto
591 2722 628 2762 el
658 2737 778 2763 censo
795 2750 807 2773 ‚
848 2722 996 2762 forono
1025 2723 1272 2764 dinumerati
1298 2725 1355 2764 sei
1384 2731 1504 2764 cento
1533 2725 1609 2763 mi-

155 2771 211 2812 lia
250 2775 300 2816 de
339 2775 475 2816 dodici
511 2777 622 2817 tribu
661 2778 712 2818 de
747 2778 888 2818 dode-ci
933 2778 1016 2819 {ioli
1047 2779 1098 2819 de
1135 2779 1282 2835 Iacob3
1322 2780 1362 2819 di
1392 2778 1502 2834 quali
1528 2780 1606 2819 ΧΠ
