1890 3204
275 187 388 244 628
519 204 801 247 BULmAtm
841 203 914 245 AD
956 201 1075 244 CAP.
1113 203 1236 243 xnv.
1275 199 1471 243 NOTAE.

273 309 412 362 pidum
444 307 498 347 ibi
519 309 637 348 situm
665 315 737 348 est.
767 308 808 346 in
842 305 1064 345 Ptolomaei
1093 303 1263 344 Tabulis
1292 303 1418 357 Arpis
1446 303 1498 343 ad
1527 303 1708 344 Pontum

272 364 475 403 Euxinum
506 362 626 416 paulo
651 362 854 402 borealior
885 368 945 399 est
965 362 1069 399 ostio
1102 361 1191 398 Istri
1219 357 1543 412 Septentrionali.
1630 390 1633 395 .

382 419 432 461 Ρ.
464 418 560 469 542,
594 432 625 457 ι.
680 414 754 468 τὴν
786 413 974 467 Σινώπην
1000 410 1226 468 βούλομαι]
1253 415 1452 454 Laonicus
1479 413 1548 453 lib.
1574 427 1614 467 9.
1632 415 1710 465 Le-

226 486 228 489 ·
271 474 481 512 nnclavins
511 473 582 512 lib.
621 471 689 520 15,
722 470 923 510 Phranzes
950 468 1019 508 lib.
1050 469 1072 508 3
1103 483 1190 523 cap.
1218 483 1282 523 27.
1339 469 1488 521 Sinope
1515 469 1611 508 urbs
1625 469 1710 508 He-

270 529 480 581 lenoponti
521 527 572 566 ad
608 527 784 566 Pontum
820 524 1023 563 Euxinum
1051 523 1150 573 sita,
1200 523 1389 564 Amasiae
1429 524 1711 577 metropolitae

270 584 367 623 olim
397 581 572 624 subdita,
1495 583 1498 586 ’

382 637 434 676 Ρ.
462 636 560 688 542,
590 649 654 676 2ο.
712 631 903 686 maioma]
961 633 1100 672 Phasis
1126 633 1275 674 fluvius
1301 632 1520 674 Colchidis.

380 692 427 730 P.
460 691 554 742 542,
592 691 658 729 23.
729 689 788 734 εἰς
840 686 1165 742 Τραπεζοῦντα]
1222 689 1523 728 Comnenorum
1552 689 1710 742 Trape-

270 747 451 786 zuntium
476 747 694 799 imperium
723 757 853 783 annos
883 744 960 797 257
993 742 1179 792 duravit,
1215 743 1267 782 ab
1296 744 1438 782 Alexio
1457 772 1469 794 ,
1499 745 1570 798 qui
1600 754 1709 783 anno

276 803 378 852 1204
405 801 508 839 urbe
537 815 560 839 a
589 800 742 841 Latinis
770 803 889 850 capta
903 797 1148 850 Trapezunti
1170 798 1336 851 Regiam
1368 798 1505 839 sedem
1535 797 1711 838 colloca-

270 856 355 906 vit,
386 856 434 894 ad
465 854 663 894 Davidem
682 882 694 904 ,
724 853 794 906 qui
827 866 937 891 anno
973 851 1069 902 1461
1104 868 1128 892 a
1159 853 1386 893 Mehemete
1414 853 1586 907 imperio
1612 867 1711 907 spo-

271 911 389 950 liatus
419 917 490 956 est.
546 911 751 961 Trapezus
797 907 894 946 urbs
918 906 1086 947 Lazicae
1114 907 1375 960 metropolis,
1406 907 1514 948 illius
1538 907 1712 962 regionis

271 964 428 1004 incolae
457 965 549 1004 Lazi
579 964 689 1005 dicti.
745 961 943 1001 Caucasus
973 976 1088 1001 mons
1114 961 1343 1001 notissimus
1369 969 1427 1002 est
1456 964 1497 1002 in
1527 970 1713 1003 veterum

270 1019 414 1059 libris:
463 1021 569 1060 inter
594 1018 799 1058 Euxinum
835 1017 1017 1056 Pontum
1045 1019 1224 1056 et'mare
1253 1017 1444 1070 Caspium
1470 1022 1712 1068 excurrens,

270 1075 509 1115 Sarmatiam
530 1075 748 1114 Asiaticam
775 1071 826 1111 ab
856 1070 1034 1110 Albania
1062 1071 1195 1112 Iberia
1224 1077 1265 1110 et
1294 1071 1489 1111 Colchide
1513 1071 1714 1112 distermi-

271 1135 356 1168 nat.
423 1129 565 1169 Colchi
599 1127 722 1168 hodie
762 1127 884 1178 Lazi,
926 1125 1032 1166 Iberi
1070 1132 1112 1166 et
1151 1125 1305 1167 Albani
1341 1127 1553 1181 Mengrelii
1577 1124 1715 1182 appel-‘2

273 1184 422 1223 lantur.
1698 1177 1702 1185 ⁴

384 1239 433 1278 Ρ.
469 1238 563 1288 545,
599 1252 658 1292 19.
714 1233 788 1277 τὸν
816 1234 987 1286 βειβόδα
1003 1233 1211 1329 Βλαχιάςῖ
1269 1235 1306 1276 Is
1333 1241 1421 1275 erat
1447 1234 1628 1277 Draculii
1656 1235 1713 1288 si-

274 1307 325 1333 ve
354 1293 554 1332 Draculae
597 1293 726 1343 filius,
770 1290 926 1331 Vladus
955 1305 1026 1330 seu
1054 1289 1195 1329 Vladis
1214 1305 1285 1330 aus
1314 1290 1552 1344 appellatus,
1606 1290 1716 1333 Lao-

276 1350 390 1387 nicus
420 1348 489 1388 lib.
515 1361 542 1399 9
571 1362 652 1386 non
682 1348 800 1399 longe
829 1360 852 1384 a
885 1345 980 1384 fine.
1013 1344 1283 1387 Leunclavius
1310 1345 1389 1395 lib.>
1421 1345 1485 1385 15.
1575 1392 1579 1396 ι

386 1402 435 1441 P.
466 1401 559 1453 544,
591 1417 629 1456 9.
685 1396 903 1454 Δύστρας]
971 1400 1124 1452 Dystra
1155 1399 1255 1439 olim
1287 1397 1577 1453 Δουρόστολον
1604 1397 1716 1451 λεγέ-

277 1470 356 1508 ων,
383 1458 688 1505 Durostorum,
718 1456 871 1508 Mysiae
913 1454 1110 1493 inferioris
1137 1455 1236 1494 urbs
1261 1455 1312 1494 ad
1339 1454 1573 1502 Danubium
1599 1454 1688 1505 sita.

391 1511 440 1550 P.
471 1509 565 1561 545,
599 1524 636 1550 ι.
692 1507 891 1554 Ἀλάνους
926 1507 998 1546 καί
1028 1503 1244 1561 Οὕννους]
1301 1509 1422 1548 Alani
1449 1510 1490 1547 in
1520 1508 1719 1548 Sarmatia

280 1566 493 1618 Europaea
521 1564 633 1604 sedes
659 1564 917 1603 habuerunt:
946 1561 1116 1602 Podolia
1143 1562 1270 1603 hodie
1298 1562 1527 1616 appellatur
1554 1561 1624 1602 illa
1649 1577 1718 1605 re-

281 1620 359 1673 gio.
419 1613 569 1659 Οὗννοι
597 1625 692 1658 sunt
722 1618 902 1670 Hungari
918 1646 936 1665 ,
964 1617 1034 1670 qui
1065 1617 1232 1657 Daciam
1261 1624 1526 1671 occuparunt.

390 1674 440 1714 P.
471 1673 565 1724 345,
596 1675 664 1713 23.
726 1668 907 1726 ᾐτήσατο
930 1669 1004 1723 τὴν
1039 1671 1188 1725 νῆσον]
1243 1672 1383 1711 Bosius
1409 1671 1515 1712 hane
1543 1670 1720 1719 obsidio-

281 1743 372 1768 nem
402 1728 455 1768 ad
486 1743 636 1767 annum
670 1729 768 1782 1457
800 1727 948 1775 refert,
977 1725 1048 1765 sed
1074 1739 1311 1781 perperam:
1338 1740 1445 1766 anno
1475 1727 1583 1766 enim
1618 1725 1717 1776 ¹462

280 1783 478 1837 Mitylene
505 1789 736 1836 oppugnata
767 1789 809 1821 et
837 1780 972 1820 dedita
1001 1787 1076 1830 est,
1106 1787 1145 1819 et
1172 1788 1255 1820 tota
1282 1777 1434 1820 Lesbos
1465 1782 1508 1820 in
1527 1779 1720 1834 ‘potesta-

281 1845 363 1877 tem
396 1838 630 1877 Mehemetis
659 1837 785 1876 venit.
816 1836 956 1875 Bosius
993 1849 1119 1888 porro
1149 1837 1289 1876 asserit
1316 1835 1583 1875 Mehemetem
1610 1841 1723 1875 terra

282 1907 375 1932 cum
403 1893 486 1932 filio
509 1892 737 1939 accessisse,
769 1897 808 1930 et
828 1890 1001 1930 Luchini
1016 1889 1209 1930 Catalusii
1241 1889 1359 1930 nothi
1384 1890 1719 1944 proditione'Mi-

282 1947 445 2001 tylenen
474 1947 745 2000 occupavisse.
1634 1947 1635 1950 ’

392 2003 442 2042 P.
471 2002 568 2051 346,
600 2016 637 2040 2.
693 1996 938 2054 Δομινίκου]
995 2000 1070 2039 Hic
1097 1998 1335 2039 Dominicus
1359 1999 1527 2040 duxerat
1555 2013 1722 2039 uxorem

282 2057 457 2096 Mariam
483 2057 608 2095 filiam
635 2056 793 2095 Paridis
821 2054 1062 2105 Iustiniani,
1103 2055 1174 2107 qui
1201 2054 1313 2093 inter
1339 2057 1580 2108 praecipuos
1609 2056 1722 2094 insu-

282 2110 346 2150 lae
374 2112 462 2150 Chii
497 2112 642 2164 opibus
675 2110 915 2163 praestabat.
942 2110 1047 2149 hanc
1070 2108 1225 2148 Paridis
1257 2109 1382 2148 filiam
1410 2110 1598 2156 Mariam,
1628 2123 1723 2148 cum

284 2165 328 2204 in
357 2167 510 2219 lepram
553 2166 780 2211 incidisset,
822 2166 990 2205 maritus
1026 2179 1050 2203 a
1078 2177 1119 2202 se
1165 2178 1247 2203 non
1292 2163 1461 2214 dimisit,
1503 2163 1723 2217 eodemque

285 2221 390 2260 lecto
419 2236 464 2260 ac
502 2235 636 2259 mensa
672 2235 764 2259 cum
804 2234 849 2258 ea
898 2234 1056 2273 semper
1085 2232 1182 2257 usus
1210 2225 1282 2260 est.
1312 2225 1471 2271 postea,
1491 2221 1600 2257 'cum
1630 2217 1724 2257 'Do-

285 2275 457 2315 minicus
485 2275 526 2314 in
569 2275 734 2315 insidias
759 2273 1021 2314 inimicorum
1049 2287 1216 2312 suorum
1245 2273 1451 2312 incidisset
1479 2280 1518 2312 et
1545 2287 1590 2312 ex
1619 2286 1724 2311 uxo-

286 2329 342 2368 ris
372 2331 598 2370 carissimae
634 2329 885 2383 amplexibus
932 2331 973 2369 vi
1014 2328 1205 2380 abreptus
1241 2335 1343 2366 esset
1363 2356 1374 2374 ,
1421 2327 1509 2380 ipsa
1534 2329 1724 2366 miserum

285 2398 487 2438 nusquam
527 2385 720 2436 deseruit,
750 2391 890 2423 mutuo
918 2397 1058 2424 amore
1086 2384 1275 2421 maritum
1301 2382 1599 2421 dilectissimum
1629 2394 1726 2434 pro-

286 2446 436 2482 secuta.
467 2440 663 2479 videndus
710 2441 952 2492 Augustinus
983 2438 1227 2478 lastinianus
1263 2437 1303 2475 in
1334 2436 1483 2478 Annal.
1519 2437 1723 2475 Genuens.

254 2504 256 2506 ·
286 2507 431 2532 verum
472 2495 627 2533 silentio
665 2494 886 2534 transmisit
921 2493 1182 2534 Dominicum
1228 2506 1252 2532 a
1288 2491 1410 2532 fratre
1451 2504 1521 2531 suo
1552 2490 1724 2530 Nicolao

287 2547 409 2589 fuisse
431 2550 619 2589 occisum.
