1916 3210
321 155 432 225 544
896 173 1176 216 BULLIALDI

316 278 388 317 nia
413 275 611 332 profhetias
625 305 637 323 ,
675 276 867 330 inglorius
892 275 1196 330 parentibusque
1233 273 1374 314 vilibus
1404 284 1442 316 ee
1478 275 1653 319 obscuris
1681 289 1760 320 na-

317 341 378 372 tus
391 362 403 378 .,
427 333 606 387 primum
633 332 794 386 quidem
827 344 990 385 operam
1020 343 1132 369 suam
1163 330 1339 369 mercede
1363 332 1474 371 tenui
1499 334 1762 387 vectigalium

316 386 633 442 redemptoribus
673 385 736 425 ad
771 386 958 439 scriptum
978 383 1223 435 faciendum
1249 384 1413 426 locavit.
1440 393 1612 428 vocatur
1639 388 1763 429 etiam

316 455 340 480 a
369 449 510 481 nostro
559 436 705 492 α’γενὴς
746 439 817 479 καί
841 434 1067 490 ἄνανδρος.
1107 438 1269 479 fortuna
1302 446 1437 480 tamen
1467 455 1562 482 usus
1587 443 1763 485 secunda

315 495 369 535 ad
397 497 630 552 praecipuas
658 493 796 548 palatii
825 493 1042 547 dignitates
1081 501 1298 547 provectus
1323 502 1403 545 est,
1433 497 1488 536 ita
1516 502 1565 541 ut
1592 511 1764 552 mugnus

315 551 398 590 dux
429 559 587 590 creatus
614 549 681 589 sit.
1204 549 1206 551 ’
1751 572 1754 574 -

425 606 475 644 Ρ.
493 619 560 652 21,
583 605 639 643 13.
667 599 820 654 μαθών
840 599 939 650 τοῦς
953 598 1025 642 τὸν
1042 601 1412 659 Καντακουζηνόν]
1433 604 1579 647 Noster
1600 605 1764 647 histori-

313 674 383 700 cus
397 659 519 699 semel
539 660 578 697 in
593 672 794 697 carcerem
812 665 1042 711 compactos
1057 658 1323 698 Cantacuzeni
1338 660 1487 700 amicos
1502 661 1670 702 indicat:
1692 662 1764 702 sed

315 715 382 754 hic
409 713 600 753 historiae
627 718 723 753 Suae
749 713 854 752 libro
881 713 1001 752 tertio
1032 727 1147 766 capp.
1170 713 1248 762 36,
1277 713 1328 768 87
1360 723 1400 755 et
1432 715 1486 756 88
1516 716 1675 770 saepius
1701 717 1765 758 in-

316 776 544 809 carceratos
586 768 706 807 fuisse
735 769 932 822 queritur.
974 767 1037 807 his
1066 782 1164 807 vero
1195 767 1353 808 duobus
1383 774 1594 824 postremis
1621 772 1766 825 capiti-

318 825 394 864 bus
430 824 482 863 de
522 824 827 863 constructione
867 823 1039 862 istorum
1080 822 1377 876 ergastulorum
1415 824 1619 880 loquitur,
1646 833 1687 866 et
1713 826 1765 866 de

316 893 417 918 nece
443 878 686 931 Apocaucho
712 876 837 919 illata.
875 892 961 932 cap.
983 876 1033 932 87
1054 879 1113 917 sic
1143 885 1307 917 narrate
1339 877 1620 934 δεσμωτήριον
1634 879 1695 920 δὲ
1721 880 1767 922 ἐν

316 937 404 980 τοῖς
432 932 662 984 βασιλείοις
681 932 1005 973 Κωνσταντίνου
1035 931 1110 972 τοῦ
1134 930 1322 984 μεγάλου
1350 931 1496 974 καινὸν
1520 937 1654 975 ποιεῖν
1680 934 1767 976 διε-

318 991 465 1029 νοεῖτο.
522 984 638 1026 οἴκου
669 983 750 1040 γάρ
781 981 896 1033 ὄντος
925 986 1017 1027 ἐκεῖ
1037 985 1222 1038 μεγάλου
1251 986 1581 1029 Ἰουστινιανείου
1608 995 1767 1044 προσομ-

317 1039 612 1095 γορευομένου,
643 1038 718 1095 τήν
744 1042 890 1095 στέγην
919 1037 1002 1081 ὑπὸ
1034 1041 1113 1081 τοῦ
1138 1038 1296 1094 χρόνου
1322 1041 1656 1097 διεφθαρμένου,
1684 1045 1766 1084 nd*

318 1112 399 1137 σαν
435 1093 599 1136 εἴσοδον
630 1094 880 1150 α’ναφράξας
895 1126 907 1149 ,
952 1095 1161 1142 οἰκίσκους
1202 1091 1322 1136 ἔνδον
1361 1096 1520 1138 ἐκείνου
1547 1099 1770 1147 πλείστους

318 1151 470 1191 διελεῖν
497 1150 564 1219 ἐφ’
603 1146 784 1208 ἑκατέρῳ
819 1150 940 1204 μέρει
956 1182 969 1203 ,
995 1147 1069 1190 καί
1093 1145 1253 1197 τούτοις
1280 1154 1548 1193 κατακλεῖσαι
1573 1149 1671 1200 τούς
1701 1152 1771 1193 δε-

318 1201 488 1257 σμώτας
515 1203 676 1246 ἀνωθεν
704 1203 925 1253 καλωδίοις
957 1203 1140 1258 καθιείς,
1179 1201 1286 1245 ὥστε
1315 1204 1464 1255 νυκτὸς
1489 1206 1568 1258 μὲν
1593 1210 1681 1255 τοῖς
1711 1207 1767 1249 οἶ-

318 1259 477 1307 κίσκοις
505 1261 723 1314 χρῆσθαι,
751 1258 913 1313 ἡμέρας
943 1259 990 1300 δὲ
1016 1257 1124 1313 πρὸς
1149 1259 1327 1312 μετρίαν
1353 1255 1498 1302 ἄνεσιν
1528 1262 1589 1318 τῷ
1618 1260 1770 1303 ὑπολε-

319 1317 526 1370 λειμμένοι
555 1314 713 1366 μεταξὺ
743 1314 899 1370 χωρίῳ.
927 1329 1129 1355 carcerem
1159 1329 1305 1355 novum
1332 1316 1376 1354 in
1403 1317 1657 1357 Constantini
1674 1331 1768 1357 ma·

318 1372 391 1422 gni
416 1371 575 1424 palatio
602 1379 787 1409 extruet-e
816 1371 1032 1423 cogitavit,·
1061 1371 1104 1409 in
1132 1384 1210 1425 quo
1236 1368 1374 1410 domus
1403 1372 1546 1428 ampla
1573 1372 1624 1411 de
1647 1371 1770 1412 Iusti-

319 1426 439 1464 niani
461 1427 619 1464 nomine
639 1425 847 1480 appellata
867 1426 1010 1473 stabat,
1034 1426 1142 1463 cuius
1157 1433 1258 1464 tecta
1274 1428 1458 1480 temporis
1483 1427 1605 1482 lapsu
1629 1427 1770 1467 dir-uta

319 1488 447 1522 erant.
477 1480 653 1519 aditibus
669 1479 845 1519 omnibus
862 1480 1100 1533 praeclusis,
1118 1480 1231 1518 intra
1248 1479 1357 1518 illius
1369 1480 1552 1534 parietes
1568 1483 1768 1534 tugtwiola

314 1534 495 1588 plurima
512 1548 540 1573 a
557 1549 596 1573 se
615 1535 790 1574 invicem
808 1543 1001 1588 separata
1018 1548 1073 1572 ex
1090 1542 1259 1587 utraque
1283 1544 1400 1588 parte
1420 1536 1644 1590 aedificare
1657 1537 1771 1575 vole·
1794 1536 1797 1537 ⁷

320 1589 405 1639 bat,
432 1591 474 1628 ιή
489 1603 593 1644 Δ(μιαε
611 1602 688 1643 per
706 1590 885 1643 superius
903 1590 1044 1628 ostium
1060 1589 1257 1628 carcerati
1266 1590 1442 1640 funibus
1458 1590 1771 1642 dementantur,

189 1651 227 1688 Ρ.
242 1651 311 1686 218
322 1644 364 1683 in
387 1644 522 1698 hisque
540 1653 666 1683 totam
682 1653 833 1684 noctem
855 1652 1014 1695 agerent
1019 1657 1034 1692 ,·
1057 1657 1135 1697 per
1147 1643 1255 1682 diem
1272 1657 1368 1684 vero
1384 1644 1430 1683 in
1447 1657 1548 1684 area
1573 1645 1772 1689 levandae

321 1698 592 1751 aegritudinis
604 1711 726 1738 causa
741 1698 996 1737 deambulare
1012 1698 1062 1736 iis
1079 1698 1231 1740 liceret.
1249 1698 1458 1750 quomodo
1474 1713 1572 1739 vero
1589 1701 1773 1740 interem-

321 1760 412 1806 ptus
440 1753 560 1795 fuerit
580 1754 816 1805 Apocaucus
838 1781 850 1802 ‚
884 1753 1064 1806 sequenti
1112 1752 1242 1804 capite
1272 1751 1326 1792 88
1353 1760 1491 1793 narrat
1517 1754 1661 1794 eodem
1691 1755 1774 1795 fere

322 1808 449 1847 modo
481 1822 564 1860 quo
603 1808 739 1848 Ducas
779 1814 925 1849 noster.
965 1807 1043 1846 alia
1092 1820 1187 1846 vero
1215 1806 1333 1860 Cpoli
1365 1816 1474 1861 gesta
1506 1815 1624 1860 sunt,
1668 1823 1774 1864 quae

323 1870 506 1902 recenset
535 1863 836 1903 Cantacuzenus
853 1892 864 1908 ‚
915 1877 961 1902 ex
992 1876 1074 1915 quo
1106 1863 1344 1914 Apocaucus
1372 1863 1674 1916 praefecturam
1701 1878 1774 1904 ur·-

323 1917 387 1958 bis
415 1918 534 1957 inivit
551 1947 562 1969 ‚
608 1917 662 1956 ad
694 1917 820 1970 ipsius
847 1917 1012 1957 caedem
1041 1931 1114 1969 per
1139 1917 1406 1957 incarceratos
1436 1917 1530 1958 illos
1558 1925 1772 1972 patratam.

325 1973 463 2012 statim
491 1987 663 2023 namque
689 1973 917 2026 praefectus
952 1972 1043 2010 urbi
1068 1978 1222 2011 creatus
1237 1971 1475 2025 Apocaucus
1503 1973 1660 2029 aliquos
1672 1976 1775 2014 Can-

327 2029 509 2067 tacuzeni
555 2030 703 2067 amicos
746 2026 968 2077 interfecit,
1015 2027 1173 2079 aliquos
1207 2027 1246 2065 in
1274 2028 1436 2067 vincula
1463 2032 1661 2080 coniecit3
1689 2044 1771 2084 quo

325 2083 459 2122 territi
497 2082 564 2122 alii
599 2083 651 2121 ad
691 2082 799 2121 hunc
830 2082 1102 2135 aufugerunt,
1146 2088 1187 2120 et
1226 2081 1441 2121 hortantur
1487 2098 1538 2123 ne
1567 2084 1775 2137 longiores

327 2152 463 2177 moras
493 2144 629 2177 nectat
640 2168 652 2187 ‚
685 2138 1021 2191 imperatorisque
1051 2150 1199 2175 nomen
1229 2144 1268 2175 et
1297 2138 1463 2191 insignia
1493 2147 1645 2192 quanto
1677 2154 1775 2192 ocy-

328 2207 374 2231 us
402 2200 561 2243 sumat3
592 2206 766 2246 quorum
794 2192 961 2231 monitis
987 2192 1152 2231 tandem
1180 2191 1340 2245 paruit,
1370 2200 1408 2231 et
1432 2201 1668 2234 ornamenta
1694 2196 1773 2233 im.-

327 2249 531 2300 peratoria
561 2248 704 2289 induit·
734 2262 837 2301 quae
859 2261 953 2285 cuin
983 2247 1034 2285 ad
1053 2247 1217 2285 Annam
1247 2252 1288 2284 et
1315 2255 1499 2286 senatum
1518 2249 1774 2302 Cpolitanum

329 2301 450 2341 allata
480 2309 640 2353 essent,
678 2303 727 2341 iis
770 2301 923 2355 placuit
957 2301 1181 2341 Iohannem
1210 2302 1306 2354 imp,
1336 2301 1625 2357 Palacologum
1656 2317 1774 2342 coro-

330 2358 429 2396 nari.
461 2356 703 2410 Apocaucus
724 2372 846 2411 porro
873 2358 1111 2396 auctoritate
1138 2355 1214 2395 sibi
1239 2370 1425 2396 concessa
1448 2371 1519 2411 per
1543 2358 1774 2412 superbiam

329 2426 376 2450 ac
406 2413 656 2465 proterviam
684 2411 893 2452 abutendo
912 2441 923 2459 ‚
964 2410 1232 2451 Cantacuzeni
1258 2418 1424 2451 matrem
1452 2412 1549 2452 diris
1577 2427 1622 2453 ac
1653 2412 1773 2451 inhu-

328 2467 457 2505 manis
484 2467 613 2506 modis
651 2468 693 2506 in
723 2481 880 2507 carcere
912 2474 1056 2517 vexat3
1098 2480 1202 2519 quae
1242 2465 1343 2505 febri
1371 2467 1534 2506 tandem
1562 2474 1772 2520 correpta,

327 2521 578 2560 medicorum
599 2536 677 2575 ope
704 2522 983 2574 alimentisque
1013 2521 1252 2574 'opportunis
1278 2521 1522 2561 immanitate
1547 2522 1774 2562 saevissima

327 2577 363 2615 ei
386 2575 552 2628 negatis,
573 2591 677 2615 anno
690 2577 811 2623 6850,
843 2577 990 2615 Christi
1021 2574 1140 2625 1342,
1173 2577 1345 2614 Ianuarii
1376 2577 1440 2615 die
1463 2579 1485 2617 5
1514 2577 1621 2615 diem
1654 2577 1771 2619 obiit.

326 2631 389 2670 bis
417 2632 588 2684 peractis
630 2632 679 2670 ad
719 2632 882 2671 serviae
921 2646 991 2671 seu
1021 2630 1294 2670 Triballorum
1336 2631 1491 2670 Cralem
1520 2631 1774 2684 Stephanum

328 2688 633 2725 Cantacuzenus
662 2686 769 2735 abit,
818 2693 856 2725 et
883 2686 1029 2726 iunctis
1057 2700 1147 2724 cum
1178 2699 1226 2724 co
1260 2685 1488 2724 foederibus
1517 2687 1662 2725 auxilia
1696 2687 1773 2725 sibi

326 2747 462 2795 parat.
492 2739 561 2780 ubi
602 2740 698 2780 dum
728 2748 914 2795 moratur
933 2771 945 2793 ‚
992 2742 1129 2780 Atinis
1156 2754 1227 2779 seu
1257 2740 1417 2780 Aidinis
1445 2741 1493 2787 F.
1526 2742 1660 2781 Amur
1688 2742 1779 2781 sive·
