1916 3210
445 155 666 201 rrALicss
700 158 1035 202 INTERPRETE
1072 157 1325 202 mCERTO.
1488 140 1602 220 437

156 260 473 308 l⁸ulm.·b0nda.'
518 262 581 303 La
604 270 725 303 nocte
751 270 950 319 sequente
978 263 1090 305 circa
1117 263 1155 304 la
1182 261 1360 304 secunda
1381 260 1517 317 vigilia
1542 279 1605 306 es-

157 319 467 361 sendo-’venum
494 317 717 370 Camusas,
744 321 920 360 secundo
951 319 1131 360 l’ordene
1158 318 1282 368 dato,
1317 317 1355 358 al
1385 317 1458 358 lito
1486 328 1606 361 verso

160 374 199 414 el
226 381 384 429 ponte,
412 381 465 426 ¹et
495 374 638 414 Zenait
674 373 763 414 solo
804 375 991 415 dal'altra
1033 374 1196 425 banda,
1236 381 1276 414 et
1305 371 1381 414 soli
1410 389 1480 428 per
1507 378 1607 416 certi

147 430 272 486 tegni
307 428 421 471 lffuno
440 427 609 470 al'altro
637 430 847 471 essendose
894 431 1168 479 manifestati,
1209 431 1382 470 Camusa
1424 430 1507 470 cosi
1537 445 1608 471 co-

158 483 300 526 minzb
325 500 349 525 a
374 485 483 526 dire.
537 485 603 524 Tu
635 485 695 525 sai
726 485 821 536 ben,
851 487 995 540 signor
1022 486 1105 526 mio
1133 485 1325 534 fratello,
1373 484 1449 524 che
1477 487 1607 528 anche

157 538 202 580 io
236 553 349 581 vsono
368 538 509 594 -figliol
552 540 604 580 de
641 548 717 579 tuo
760 547 903 593 patre,
949 549 989 581 et
1029 548 1074 581 tu
1117 542 1171 580 sei
1196 541 1340 581 «frunto
1365 539 1431 580 del
1462 548 1607 583 ventre

152 595 265 645 ‚della
291 595 550 636 miamatre.
615 596 669 635 Et
695 595 853 636 benche
896 598 935 636 io
963 599 1020 636 sia
1050 597 1161 649 dopo
1190 596 1221 634 ti
1251 595 1458 645 nescium,
1496 606 1607 638 certe

156 651 202 692 io
232 650 380 691 ›vm-ria
417 651 494 691 che
540 658 585 691 tu
628 651 722 691 sossi
751 653 928 705 principe
973 651 1037 691 del
1071 651 1224 691 mundo
1264 658 1304 691 et
1346 651 1607 704 signorezasti

156 712 263 746 tutte
290 705 328 745 le
355 713 476 760 parte
506 705 749 753 habitabile,
781 708 935 760 perche
961 707 1093 746 anche
1117 709 1172 746 mi
1201 708 1302 746 seria
1330 707 1533 761 participe
1563 708 1607 747 di

155 761 217 801 toi
246 759 358 801 beni.
385 775 505 802 come
534 761 728 816 adunque
759 771 901 816 questo
935 777 997 802 me
1022 763 1128 802 seria
1157 761 1277 802 dolce
1306 768 1348 801 et
1375 776 1491 811 caro,
1522 764 1609 803 cosi

155 829 286 856 amne
313 817 336 856 ὲ
363 830 499 857 amara
530 816 668 869 doglia
697 825 823 857 sentir
853 817 928 856 che
953 826 999 857 tu
1036 820 1068 856 si
1099 818 1136 856 in
1165 824 1370 857 strectura
1393 824 1435 857 et
1464 817 1504 856 in
1533 833 1609 872 pe.

159 870 291 911 riculo
320 877 363 911 et
405 872 447 911 in
478 886 611 911 mezzo
656 873 706 912 dc
739 873 864 926 quelli
891 873 966 912 che
995 873 1212 912 nutricano
1240 872 1366 912 hodio
1396 879 1538 912 contra
1567 880 1610 914 te

156 934 197 967 et
227 926 279 967 de
308 925 346 967 le
374 934 444 968 tue
471 927 691 981 disgratie3
735 936 772 967 et
806 928 856 968 de
892 931 987 981 ogni
1012 934 1085 968 tua
1112 927 1219 966 mala
1250 935 1424 967 ventura
1452 928 1610 981 grande

157 981 306 1022 dolore
333 983 506 1037 prendo.
564 984 630 1022 Tu
661 983 752 1022 vedi
781 997 856 1023 con
889 984 954 1023 chi
983 982 1167 1023 cavalchi
1196 989 1237 1022 et
1265 997 1345 1022 con
1377 982 1441 1021 chi
1469 990 1514 1022 tu
1546 984 1612 1023 vi-

156 1038 214 1078 vi.
271 1038 318 1077 ln
344 1038 478 1092 prima
503 1038 603 1078 tutti
632 1039 772 1091 quanti
802 1039 954 1078 dicono
985 1046 1130 1093 questo
1160 1039 1357 1078 Mustafas
1387 1052 1472 1077 non
1502 1053 1610 1078 esser
1636 1072 1638 1075 ,

155 1092 249 1133 dela
273 1093 542 1147 generatione
569 1093 651 1134 deli
683 1095 920 1140 Ostomani,
955 1101 995 1133 ct
1025 1101 1166 1148 questa
1194 1107 1296 1132 voce
1324 1108 1398 1146 per
1427 1100 1537 1133 tutto
1568 1108 1612 1133 se

154 1155 291 1188 cauta.
347 1149 597 1189 Secundario
614 1179 628 1197 ‚r
655 1163 771 1188 come
799 1163 875 1202 per
899 1149 927 1188 li
961 1149 1021 1188 soi
1048 1150 1147 1202 gesti
1173 1162 1214 1188 se
1242 1148 1472 1199 demostra,
1501 1149 1557 1188 lui
1587 1149 1610 1187 ὲ

126 1222 133 1230 ·
158 1202 374 1256 ignorante
397 1205 503 1245 delle
527 1218 623 1245 cose
652 1200 830 1254 militari,
863 1212 905 1244 et
934 1204 958 1242 ὲ
985 1204 1083 1243 dato
1114 1202 1198 1243 allo
1225 1203 1342 1255 ocio,
1373 1204 1412 1242 al
1443 1206 1539 1243 vino
1568 1210 1611 1244 et

156 1259 236 1299 alle
275 1258 455 1312 femiue3
501 1259 578 1300 che
623 1266 734 1300 certe
771 1259 897 1313 quelli
924 1258 1000 1299 che
1036 1273 1139 1299 sono
1177 1259 1325 1298 descesi
1355 1258 1454 1299 dalli
1497 1259 1610 1298 lonbi

155 1313 254 1354 delli
282 1317 413 1355 nostri
448 1315 598 1365 duchi,
627 1315 765 1355 hanno
790 1315 944 1355 havuto
975 1314 1046 1353 alti
1079 1322 1119 1354 et
1147 1314 1292 1367 grandi
1319 1315 1513 1366 pensieri,
1546 1315 1610 1353 in-

157 1368 314 1410 fluente
353 1369 396 1410 in
427 1371 552 1424 quelli
583 1370 620 1409 la
650 1385 722 1410 sua
749 1370 910 1409 virtude
947 1369 996 1408 e’l
1023 1383 1148 1423 segno
1180 1368 1384 1408 horribile
1415 1369 1465 1408 de
1493 1371 1610 1409 Mar·

154 1430 225 1476 te,
248 1438 370 1466 come
396 1438 473 1480 per
501 1426 528 1465 li
556 1426 659 1478 gesti
686 1425 844 1465 militati
871 1426 922 1465 de
945 1425 1134 1465 cadauno
1161 1439 1182 1463 a
1209 1423 1351 1464 tutt’ol
1381 1424 1537 1464 mondo
1566 1438 1610 1463 se

155 1479 373 1525 demostra.
438 1480 611 1531 Tertio,
654 1494 697 1520 se
729 1488 875 1534 questo
919 1488 991 1520 tuo
1019 1480 1214 1520 Mustafas
1255 1480 1336 1520 ben
1369 1479 1610 1519 deventasse

154 1535 399 1584 monarcha,
442 1535 521 1576 ello
561 1536 585 1577 ὲ
616 1536 742 1575 homo
766 1536 1022 1583 effeminato,
1058 1536 1197 1575 dedito
1225 1534 1264 1575 al
1295 1534 1393 1575 vino
1412 1565 1423 1583 ,
1455 1542 1494 1574 et
1521 1549 1614 1575 rus-

151 1589 236 1631 tien
264 1591 459 1635 barbaro.
523 1591 573 1630 Li
603 1591 731 1632 nobili
776 1591 828 1631 de
860 1593 1019 1646 Hystro
1049 1597 1090 1630 et
1117 1591 1222 1630 della
1251 1591 1398 1631 Grecia
1426 1591 1468 1629 lu
1498 1590 1613 1630 chia-

152 1659 281 1686 mauo
309 1645 586 1687 Auranesides
613 1647 890 1686 Turacanides
908 1676 920 1698 ‚
949 1646 1218 1686 descendente
1245 1646 1295 1685 de
1320 1646 1435 1685 bassa
1466 1646 1613 1685 condi-

153 1702 294 1750 tione3
341 1709 386 1742 et
423 1702 500 1742 che
539 1701 570 1742 li
609 1703 767 1756 antiqui
807 1703 902 1742 duci
933 1716 1061 1742 erano
1096 1701 1163 1741 del
1206 1702 1389 1755 germine
1418 1700 1514 1741 delli
1547 1700 1614 1740 dei

155 1756 280 1811 degni
315 1756 547 1811 d'imperio.
624 1759 694 1797 Ma
730 1758 893 1810 quando
923 1759 1000 1796 ben
1049 1756 1087 1796 la
1116 1757 1282 1796 fortuna
1313 1756 1364 1808 (la
1392 1757 1490 1810 qual
1519 1769 1615 1796 cosa

154 1811 228 1852 dio
257 1812 392 1865 voglia
423 1813 499 1852 che
528 1815 607 1853 mai
635 1826 720 1852 non
748 1813 821 1862 sia)
849 1812 1066 1865 guardasse
1092 1826 1170 1851 con
1202 1812 1354 1866 aliegro
1385 1811 1503 1850 volto
1521 1812 1616 1851 Mu-

154 1867 285 1918 stela,
325 1880 410 1907 non
452 1869 688 1922 comprendi
733 1867 809 1907 ohe
846 1882 917 1921 per
948 1867 986 1906 la
1015 1881 1086 1906 sua
1119 1866 1272 1906 inercia
1300 1866 1544 1906 abhraciara
1577 1873 1617 1905 et

155 1923 363 1976 strengera
407 1921 511 1962 colla
558 1938 652 1963 man
691 1922 828 1962 destra
865 1922 962 1962 tutti
1001 1921 1028 1960 li
1067 1922 1243 1974 principi
1271 1921 1323 1960 de
1353 1922 1549 1971 Oriente,
1584 1921 1614 1960 li

155 1977 268 2031 quali
298 1983 346 2017 tu
371 1991 447 2018 con
477 1977 516 2018 la
545 1986 616 2019 tua
646 1979 763 2018 vertii
795 1977 862 2015 hai
892 1976 1107 2015 descaciati
1139 1975 1248 2015 dalle
1275 1976 1387 2015 sedie
1412 1979 1615 2030 paterne?

155 2033 212 2073 Et
237 2033 409 2087 quando.
449 2035 578 2087 questi
619 2034 781 2073 fosseno
825 2032 1001 2072 restituti
1034 2031 1130 2071 nelli
1162 2032 1223 2070 soi
1249 2031 1504 2084 principati,
1539 2030 1616 2071 che

156 2095 316 2142 aspecte
341 2092 421 2128 tu?
448 2103 492 2129 se
519 2104 602 2130 non
637 2090 730 2128 finir
756 2087 796 2127 la
837 2094 906 2127 tua
938 2089 1019 2126 vita
1048 2087 1339 2126 miseramente.
1397 2086 1484 2127 Che
1506 2092 1617 2126 certe

190 2151 307 2184 uesta
345 2144 452 2184 seria
490 2158 572 2185 una
615 2144 772 2197 grande
800 2143 1022 2196 indegnith.
1081 2142 1212 2193 Quale
1242 2142 1264 2180 ὲ
1293 2141 1389 2181 delli
1418 2141 1616 2181 honorati

156 2158 234 2238 elbo
261 2213 345 2239 non
381 2214 578 2252 cognosce
615 2200 654 2239 la
692 2207 763 2239 tua
806 2199 939 2237 anima
974 2204 1012 2236 et
1038 2199 1079 2236 in
1117 2197 1155 2237 le
1185 2210 1277 2235 cose
1304 2196 1448 2236 bellice
1477 2196 1515 2237 el
1541 2203 1616 2236 tuo

156 2252 324 2294 leonico
353 2255 612 2297 ardimento?
670 2255 763 2294 Alla
798 2261 866 2292 tua
900 2252 1065 2293 virtude
1094 2252 1135 2291 lu
1165 2251 1293 2291 bodio
1323 2259 1362 2290 et
1393 2251 1432 2290 la
1462 2251 1618 2291 invidia

157 2308 297 2349 hanno
338 2309 511 2351 dirizato
559 2313 599 2352 el
641 2325 716 2350 suo
757 2309 899 2348 occhio
929 2307 1125 2360 maligno,
1197 2307 1258 2346 La
1289 2306 1441 2346 invidia
1466 2308 1488 2346 ὲ
1516 2314 1619 2347 stata

157 2363 283 2405 multe
322 2365 433 2405 volte
473 2381 624 2406 caxone
654 2366 704 2405 de
735 2378 902 2404 menare
941 2364 967 2402 li
996 2363 1114 2403 heroi
1160 2361 1408 2415 magnanimi
1438 2362 1619 2416 inperdi-

157 2420 283 2464 tione.
353 2421 496 2471 siche,
541 2421 727 2467 fratello,
760 2422 913 2473 partite
945 2418 996 2458 da
1025 2425 1167 2472 questo
1196 2417 1431 2457 abominato
1461 2419 1619 2457 Musta-

158 2474 216 2525 fa‚
245 2482 287 2515 et
311 2475 471 2516 cambia
500 2476 609 2528 loco,
645 2475 792 2529 perche
825 2475 860 2514 el
891 2476 972 2513 mio
997 2474 1135 2527 signor
1166 2474 1323 2522 Mon-at,
1359 2487 1429 2526 per
1456 2471 1494 2511 le
1522 2486 1619 2526 pre..

159 2529 298 2583 ghiere
337 2531 380 2570 di
417 2531 480 2571 soi
521 2532 696 2586 principi
744 2538 783 2570 et
825 2531 934 2579 mie,
977 2535 1019 2568 te
1049 2534 1219 2567 remette
1248 2528 1276 2567 li
1307 2529 1364 2567 toi
1394 2530 1547 2579 errati,
1578 2533 1620 2566 et

160 2590 267 2625 tutta
304 2584 344 2626 la
386 2586 554 2626 fortuna
594 2595 636 2627 et
673 2586 875 2626 adversita
916 2584 993 2624 che
1019 2597 1042 2622 a
1069 2583 1128 2623 lui
1173 2590 1213 2623 et
1241 2598 1265 2622 a
1293 2596 1367 2623 suo
1393 2590 1518 2636 patre
1549 2582 1618 2621 hai

158 2638 291 2691 facta,
318 2647 360 2681 te
386 2643 589 2695 perdone.
649 2642 705 2681 Et
734 2641 784 2680 da
815 2647 956 2693 questa
984 2639 1085 2679 hora
1106 2646 1149 2679 te
1176 2638 1327 2692 guarda
1357 2651 1433 2678 con
1463 2637 1618 2678 hochio

159 2693 357 2750 benigno,
389 2704 431 2737 et
457 2712 534 2751 per
563 2697 599 2737 el
627 2698 711 2736 mio
742 2710 854 2735 mezo
884 2710 907 2734 a
939 2701 980 2734 te
1008 2701 1048 2734 et
1073 2696 1100 2735 li
1134 2695 1195 2733 toi
1224 2693 1367 2734 heredi
1397 2708 1511 2733 come
1538 2706 1617 2746 pa-

161 2750 355 2792 trimonio
383 2758 424 2793 te
452 2753 559 2794 dona
593 2752 630 2793 la
660 2752 869 2807 provintia
899 2750 949 2791 de
973 2750 1071 2800 Ati,
1118 2763 1192 2790 con
1223 2756 1369 2804 questo
1398 2748 1474 2790 che
1503 2755 1547 2789 tu
1581 2749 1617 2789 si

1635 2714 1699 2750 ¹72
