1884 3216
312 131 424 184 216
660 146 840 188 Ductus
874 142 1161 184 nummis
1200 140 1423 185 Nemus

307 249 527 290 σταντίνου
567 244 673 288 κατὰ
711 244 758 286 τὸ
803 244 981 298 σύνηθες
1022 238 1254 296 ἦσπάζοντο
1297 237 1480 290 αὕτοῦς,
1509 237 1746 294 ἐρωτῶκες

306 314 426 365 „nuic
452 309 500 353 τά
539 311 750 366 ὕμέτερας
787 310 875 357 πῶς
913 307 964 349 τὰ
999 309 1071 362 τῆς
1107 304 1310 359 συνόδους
1348 307 1389 348 εἰ
1425 299 1510 361 ἄρα
1547 302 1747 358 ἐτύχομεν

308 377 386 432 τὴν
422 378 602 420 νικῶσαν
614 378 655 426 ;'’
697 373 737 417 οἱ
781 375 827 416 δὲ
870 371 1132 426 οἷπεκρίνοντο
1164 369 1460 426 ,,πεπράκαμεν
1497 367 1575 426 τὴν
1608 368 1748 413 πίστιν

307 443 451 498 ἡμῶν,
495 438 804 495 ἀπηλλάξαμεν
838 440 890 494 τῇ
929 437 1100 494 α’σεβεία
1134 435 1211 492 τὴν
1248 438 1496 490 εϋσέβειαν,
1526 430 1748 488 προδόντες

306 506 383 562 τὴν
410 505 608 561 καθαρὰν
637 505 795 546 θυσίαν
827 503 1026 554 α’ζυμῖται
1066 499 1332 556 γεγόναμεν.”
1384 502 1519 544 ταῦτα
1544 498 1619 543 καὶ
1640 494 1786 548 mag,
1815 527 1818 531 ·

178 577 216 613 Ρ.
236 573 563 627 ιαιαίσχρότερα
604 568 676 610 καὶ
723 565 1021 623 ῥερυπασμένα
1056 567 1190 622 λόγια.
1255 570 1330 609 καί
1367 569 1503 610 ταῦτα
1541 565 1671 617 τίνεςς
1710 561 1750 606 οἱ

309 637 630 693 ὑπογράψαντες
657 636 701 675 ἑν
726 635 780 690 τῷ
809 629 911 691 ὅρῳ,
937 631 958 674 ὅ
975 631 1223 688 *Ηρακλείας
1246 631 1458 682 Ἀντώνιος
1485 633 1557 675 καὶ
1581 629 1622 674 οἱ
1646 629 1753 675 πάν-

309 719 390 752 τες.
445 703 487 745 εἰ
517 700 597 756 γάρ
641 714 707 748 τις
739 697 845 754 πρὸς
885 696 1042 748 αὐτοὺς
1077 695 1198 753 ἤρετο
1220 697 1324 752 ,,και“
1347 697 1419 740 διὰ
1446 698 1494 740 τί
1513 693 1754 752 ὑπεγράφε-

309 785 356 811 τε
369 772 410 822 ,·”
452 765 591 821 ἔλεγον
633 763 916 820 ,,φοβούμενοι
957 762 1056 813 τούς
1083 762 1343 819 Φράγκους.”
1397 762 1471 806 καί
1493 763 1618 806 πάλιν
1646 763 1753 817 ἐρω-

310 836 458 883 τῶντες
486 829 641 880 αὐτοῦς
668 832 707 873 εἰ
733 829 990 884 ἐβασάνισαν
1029 827 1068 871 οἱ
1100 831 1284 884 Φράγκοι
1309 829 1402 872 τινά
1421 861 1436 885 ‚
1461 832 1502 872 εἰ
1525 827 1755 882 έμαστίγω-
1771 844 1819 871 ιο

312 915 410 951 σαν,
439 898 479 939 εἰ
505 899 564 945 εἰς
592 894 785 952 φυλακὴν
813 893 978 949 ἔβαλον,
1008 895 1117 948 ου’χί.
1149 891 1256 936 ἀλλὰ
1284 896 1395 947 πῶςς
1420 893 1476 949 ,,ἦ
1504 891 1618 946 δεξιὰ
1639 889 1754 948 αὕτη

312 963 579 1018 ὖηὲγραψεν”
610 960 751 1016 ἔλεγον
791 960 980 1016 ,,κοπὴτω
998 977 1009 988 ·
1087 960 1113 1015 ἧ
1139 962 1301 1015 γλῶττα
1331 956 1615 1014 ᾧμολὸγησεν,
1639 959 1755 1017 ἐκρι-

314 1025 519 1078 ζούσθω.”
576 1022 652 1068 οὖκ
682 1021 783 1068 ἄλλο
811 1021 926 1080 εἶχον
952 1024 1002 1067 τί
1023 1028 1170 1080 λέγειν·
1197 1026 1271 1067 καὶ
1293 1025 1375 1080 γὰρ
1403 1019 1512 1080 ἦσάν
1540 1038 1649 1072 τινες
1673 1023 1757 1066 τῶν

315 1091 550 1147 ἀρχιερέων
586 1093 631 1134 ἐν
670 1091 729 1149 τῷ
762 1088 1024 1148 ὑπογράφειν
1065 1094 1249 1145 λέγοντες
1289 1092 1400 1144 ,,ου’χ
1432 1086 1755 1147 ὖπογράφομεν,

276 1159 395 1201 Βέοὶν
419 1157 477 1213 μὴ
513 1156 561 1198 τὸ
603 1155 747 1199 ἱκανὸν
793 1157 895 1212 ἡμῖν
933 1160 1007 1212 τῆς
1044 1155 1254 1212 προσόδου
1297 1156 1585 1211 παράσχητε.”
1642 1153 1682 1197 οἱ
1704 1153 1757 1196 »δὲ
1775 1157 1822 1199 15

319 1224 483 1278 ἔδιδον,
523 1224 598 1265 καί
621 1222 820 1276 ἕβάπτετο
852 1219 1051 1276 κάλαμος.
1108 1222 1216 1278 ὑπὲρ
1253 1220 1439 1278 α’ριθμὸν
1461 1219 1542 1276 γὰρ
1570 1214 1677 1276 ἦσαν
1702 1217 1755 1263 τοὶ

320 1291 614 1344 δαπανηθέντα
643 1289 702 1338 εἰς
744 1285 902 1337 αὗτούς
927 1290 1165 1341 νομίσματα
1195 1287 1269 1330 καί
1293 1286 1346 1329 τὰ
1380 1288 1426 1329 ἐν
1452 1285 1579 1342 χερσὶ
1605 1300 1760 1343 μετρη-

319 1357 448 1398 θέντα
479 1352 655 1396 ἑκάστου
698 1356 780 1396 τῶν
805 1355 1012 1409 πατέρων.
1064 1351 1155 1396 εἶτα
1196 1355 1550 1408 μεταμεληθέντες
1576 1351 1677 1393 οὐδὲ
1705 1347 1757 1393 τὰ

322 1419 503 1475 ἀργύρια
539 1420 839 1472 μετέστρεψαν.
911 1417 1018 1474 πρὸς
1046 1417 1119 1474 τὴν
1147 1417 1291 1474 φωνὴν
1318 1412 1394 1459 οὖν
1423 1418 1560 1459 αὐτῶν
1587 1413 1656 1459 ὅτι
1684 1414 1761 1470 τὴν
1794 1454 1797 1457 ,

321 1484 460 1526 πίστιν
484 1485 623 1526 αὕτῶν
645 1485 875 1538 πέπρακαν,
903 1486 978 1526 καί
994 1484 1183 1526 ἐπέκεινα
1201 1485 1278 1525 τοῦ
1301 1483 1439 1526 Ἰούδα
1466 1479 1655 1537 ἥμαρτον
1683 1481 1762 1524 τοῦ
1773 1498 1826 1526 20

324 1551 586 1604 στρέψαντος
612 1548 665 1591 τοὶ
695 1549 890 1606 ἀργύρια.
946 1550 1037 1592 ἀλλ’
1076 1547 1162 1592 οἶδε
1188 1549 1352 1604 κύριος,
1379 1547 1453 1590 καί
1476 1545 1725 1602 ἀνεβάλλετο
1745 1565 1756 1574 ·

324 1614 400 1656 καί
440 1616 526 1671 πῦρ
573 1611 745 1673 α’νήφθη
792 1616 837 1658 ἐν
872 1615 1048 1670 Ἰακώβ,
1088 1616 1161 1659 καί
1190 1611 1293 1672 ὀργῆ
1333 1614 1460 1671 α’νέβη
1491 1615 1564 1657 ἐπὶ
1586 1612 1660 1657 τὸν
1680 1613 1762 1659 Ἰσ-

322 1679 447 1736 ραήλ·
907 1735 909 1737 ,

422 1783 473 1818 15.
493 1774 548 1826 μὴ
573 1779 717 1816 addidit
738 1780 950 1816 Bullialdus.

323 1871 392 1907 bns
410 1872 682 1913 exscenderunt,
708 1872 802 1905 cives
818 1871 984 1917 Cpoleos,
999 1875 1042 1906 ut
1054 1882 1130 1906 mos
1156 1876 1221 1914 est,
1246 1882 1307 1906 eos
1331 1872 1501 1915 salutant,
1524 1873 1763 1918 interrogant-

325 1930 396 1963 que
420 1925 483 1955 „ut
507 1929 544 1951 se
584 1929 638 1951 res
661 1924 799 1951 vestrae
824 1918 988 1953 habmt?
1014 1919 1195 1966 quomodo
1220 1925 1397 1954 transacta
1422 1924 1475 1953 est
1497 1919 1653 1964 synodus
1670 1920 1687 1955 ἲ
1709 1920 1764 1954 vi·-

324 1966 484 1998 cimusne
508 1975 573 1998 nos
585 1965 623 1998 ΞΜ
649 1964 913 2009 responderunt
935 1966 992 1998 illi
1008 1966 1139 2003 „fldem
1155 1971 1312 1999 nostram
1324 1967 1568 2008 vendidimus,
1591 1967 1764 2012 pietatem

324 2012 511 2056 impietate
535 2011 770 2052 mutavimus,
793 2012 990 2055 Azymitae„
1008 2013 1094 2047 facti
1121 2025 1240 2046 sumus
1272 2025 1363 2058 puro
1388 2013 1561 2046 sacrificio
1584 2013 1764 2059 prodito.“

323 2059 391 2091 hos
417 2063 454 2091 et
483 2059 661 2102 turpiores
696 2058 751 2091 his
776 2069 956 2092 sermones
991 2059 1177 2093 habebant
1199 2060 1227 2092 ii
1251 2060 1320 2104 ipsi
1349 2061 1412 2105 qui
1437 2060 1581 2093 decreto
1608 2059 1765 2094 subscri-

323 2110 489 2150 pserant,
528 2105 723 2137 Heracleae.
757 2106 989 2150 metropolita
1025 2107 1203 2140 Antonius
1242 2117 1282 2139 ac
1308 2108 1428 2140 ceteri.
1465 2106 1578 2151 siquis
1602 2117 1686 2140 vero
1712 2106 1764 2139 eis

325 2151 501 2183 obiiceret
526 2157 585 2188 „et
613 2162 723 2195 quare
749 2151 1056 2196 subscripsistisi'“
1081 2152 1348 2197 respondebant
1370 2154 1607 2190 „Francorum
1631 2158 1765 2186 metu.‘¹

325 2198 536 2241 interrogati
561 2197 694 2230 deinde
735 2209 780 2230 an
804 2199 931 2231 Franci
956 2200 1144 2232 tormentis
1167 2200 1263 2244 ipsos
1287 2199 1546 2239 subiecissent,
1572 2210 1617 2232 an
1642 2199 1766 2243 flagel-

324 2244 460 2276 lassent
475 2249 511 2277 et
527 2244 564 2276 in
581 2254 754 2278 carcerem
774 2245 1020 2286 detrusissent,
1045 2246 1235 2289 negabant.
1262 2246 1348 2281 „sed
1364 2245 1545 2290 quomodo
1554 2245 1593 2279 ?“
1617 2245 1765 2286 „haec‚‘·

325 2290 494 2332 aiebant,
530 2290 677 2327 „dextra
701 2291 928 2335 subscripsit:
967 2292 1207 2325 abscindatur.
1234 2292 1356 2336 lingua
1381 2293 1542 2325 confessa
1567 2298 1640 2325 est:
1669 2292 1766 2325 evel-

324 2337 430 2370 latur.
472 2347 538 2369 nec
569 2338 760 2382 quicquam
794 2337 894 2370 aliud
926 2337 1142 2383 respondere
1177 2344 1379 2383 poterant.“
1419 2350 1463 2371 ex
1487 2338 1766 2384 archiepiscopis

325 2394 471 2427 quoque
497 2384 687 2425 nonnulli,
712 2396 792 2416 cum
819 2385 1115 2418 subscribendum
1147 2391 1224 2418 erat
1246 2385 1447 2425 decretum,
1473 2384 1655 2418 dixerunt:
1686 2385 1767 2422 „ni-

324 2430 355 2461 si
380 2429 571 2473 pecunias,
604 2441 696 2475 quae
722 2431 827 2464 nobis
852 2431 1046 2473 sufficiant,
1080 2431 1338 2475 praebueritis,
1370 2443 1443 2464 non
1468 2431 1766 2464 subscribemus.“

325 2486 397 2520 qua
425 2481 610 2508 numerata
646 2477 745 2509 illico
772 2478 947 2510 calamum
979 2478 1184 2522 tingebant:
1209 2478 1333 2522 ingens
1371 2479 1466 2511 enim
1493 2484 1570 2511 erat
1591 2478 1766 2522 pecuniae

323 2522 377 2555 vis
402 2522 439 2555 in
457 2533 517 2555 eos
532 2523 714 2566 impensae
741 2529 778 2556 et
802 2525 999 2570 unicuique
1023 2530 1165 2569 patrum
1190 2524 1228 2557 in
1243 2536 1368 2558 manus
1385 2524 1552 2558 traditae.
1576 2530 1767 2569 postquam

323 2578 408 2602 vero
435 2579 495 2600 eos
528 2570 731 2614 poenituit,
759 2577 946 2614 argenteos
978 2582 1052 2605 non
1077 2571 1287 2604 retulerunt.
1318 2582 1383 2604 sua
1408 2582 1490 2615 ergo
1518 2570 1763 2611 confessione,

352 2625 398 2648 ua
422 2614 529 2648 fidem
560 2626 596 2647 se
622 2615 828 2649 vendidisse
869 2617 1056 2659 dicebant,
1085 2617 1223 2662 gravius
1247 2616 1358 2658 Iuda,
1387 2619 1450 2663 qui
1474 2622 1659 2662 argenteos
1685 2616 1767 2650 red-

326 2660 438 2701 cidit,
464 2662 667 2706 peccavisse
695 2668 902 2706 arguuntur.
940 2664 1027 2702 „sed
1051 2665 1151 2697 novit
1176 2663 1342 2709 dominus
1367 2669 1405 2698 et
1427 2664 1589 2708 ‹listulm
1613 2668 1649 2699 et
1675 2662 1767 2709 ignis

325 2718 495 2744 accensus
521 2714 576 2744 est
603 2709 641 2745 in
665 2708 770 2743 Iacob
784 2735 794 2752 ‚
820 2716 858 2748 et
882 2711 936 2746 ira
966 2710 1130 2747 ascendit
1150 2721 1257 2757 super
1279 2711 1401 2747 Israel.
