1884 3216
308 170 408 237 142
613 214 619 219 -
644 187 826 230 nume
855 185 1143 227 MicuAEms
1179 183 1403 228 NEPOTls

299 287 458 346 πλῆθος
490 286 624 342 ἅπαν,
673 286 769 331 ὅσον
806 287 975 330 ἔνοπλον
1014 285 1086 328 καί
1127 283 1221 330 ὅσον
1249 288 1513 343 θεατρῶδες,
1542 286 1741 346 animove

301 351 529 407 ἀπένειμαν
555 354 629 408 τήν
656 353 960 408 προσκύνησιν,
1006 354 1078 393 καί
1104 351 1253 401 πάντες
1282 351 1501 409 εὐφήμουν
1528 352 1669 396 αύτὸν-
1686 351 1742 405 ὥς

301 417 487 476 α’ρχηγὸν
535 418 609 460 καὶ
640 420 716 460 τοῦ
738 415 904 469 Ὀθμόιν
951 415 1166 471 ἀπόγονον.
1234 421 1307 460 καί
1349 421 1573 475 συνέρρεον
1619 415 1743 475 ἄχρις

302 480 483 539 ἑσπέρας
510 484 553 526 αἱ
585 485 704 538 πέριξ
732 484 886 536 κῶμαι,
918 484 991 523 καί
1014 485 1341 536 προσκυνοῦντες
1366 482 1599 540 εὐφήμουν.
1630 483 1670 527 οἷ
1697 486 1746 529 δὲ

302 550 383 591 τοῦ
409 550 624 603 πολιχνίου
654 546 772 596 ἐντὸς
800 547 876 589 οὐκ
903 548 1138 602 ε’νεδιδουν,
1168 544 1256 590 ἄλλ’
1287 551 1536 591 ἀνθίσταντο
1563 551 1781 605 λέγοντεςὸ

301 617 376 656 καί
413 615 555 671 ὑψηλῇ
596 615 647 670 τῇ
685 614 808 670 φωνῇ
844 608 1146 669 εὖφημίζοντες
1189 615 1246 671 τῷ
1273 613 1458 669 Μουράτ
1488 615 1546 665 ὥς
1576 615 1744 673 ἅρχηγῷ

272 668 277 674 ”
304 681 445 722 αύτῶν
469 681 542 721 καί
566 678 774 734 καθολικῷ
803 675 1004 734 δεσπότῃ,
1041 676 1114 720 τὸν
1145 679 1191 720 δὲ
1225 680 1500 736 Μουσταφᾶν
1523 679 1746 731 ὀνειδίζον-

300 761 381 795 τες.
439 744 527 787 τότε
555 741 578 785 ὅ
594 744 870 799 Moverat—pag
902 741 1070 799 α’πάρας
1096 743 1173 794 τὰς
1201 744 1397 798 δυνάμεις
1426 745 1526 800 πρὸς
1552 744 1609 802 τὸ
1628 742 1747 797 Ἑξα-

301 810 440 863 μιἊιον
466 811 538 864 τῆς
566 806 838 864 Χερρονήσου
866 807 1010 862 ἔξεισι,
1039 807 1111 851 καί
1133 807 1282 860 πάντες
1309 810 1348 852 οἱ
1375 813 1450 865 τῆς
1471 810 1748 867 Χερρονήσου

259 878 376 920 1)καί
398 877 479 918 τῶν
506 874 583 927 ἔξω
612 876 810 917 συνέθεον
835 874 1133 931 εὐφημοῦντες.
1167 875 1190 917 ὁ
1219 877 1265 918 δὲ
1293 875 1532 932 Δημήτριος
1557 875 1750 932 ἐπολιόρ-
1766 893 1812 918 ιο

303 957 366 983 κει
392 940 439 983 τὸ
473 939 677 997 φρούριον
701 942 775 995 τῆς
803 939 1172 991 Καλλιουπόλεως.

410 1005 757 1061 Ἔπαναγάγωμεν
799 1001 874 1047 οὖν
915 1005 990 1048 τόν
1015 1005 1132 1061 λόγον
1162 1009 1222 1057 εἰς
1254 1006 1303 1050 rc}
1335 1009 1412 1049 τοῦ
1441 1007 1650 1062 Μουροίτ,
1679 1009 1749 1064 δη-

303 1072 536 1128 λοποιήσων
577 1072 677 1127 ἡμῖν
721 1074 809 1121 πῶς
851 1074 924 1114 καί
947 1072 1027 1114 τίνι
1065 1071 1202 1131 τρόπῳ
1241 1072 1320 1128 τήν
1346 1069 1485 1129 ἀρχὴν
1524 1071 1648 1127 ἔσχε,
1680 1073 1753 1116 καί

303 1140 393 1188 πῶς
433 1136 485 1180 τὰ
527 1140 612 1180 τῶν
631 1137 853 1190 Ῥωμαίων
880 1137 1148 1191 βουλεύματα
1186 1139 1245 1189 εἷς
1271 1138 1389 1181 κενὸν
1418 1138 1748 1195 mmmmm-v,

304 1203 376 1246 καί
401 1204 502 1261 ποίῳ
539 1203 677 1260 τρόπῳ
715 1201 738 1243 ὁ
776 1204 1049 1258 Μουσταφᾶς
1088 1205 1252 1259 α’πέδρα
1293 1207 1585 1257 θανατωθείς,
1626 1207 1700 1247 καί
1725 1202 1748 1248 ὁ
1767 1205 1815 1247 15
1877 1258 1881 1261 Ι

309 1267 480 1324 Τζινεὴτ
514 1270 602 1316 πῶς
630 1263 759 1310 αὐτὸν
787 1268 1028 1310 καταλιπών
1059 1267 1202 1325 ἔφυγε.
1735 1292 1737 1294 ·

251 1331 253 1333 ’
413 1332 573 1388 Ἐπειδὴ
605 1331 820 1386 διάγοντος
847 1334 891 1375 ἐν
918 1335 968 1390 τῇ
999 1334 1178 1392 Προύσῃ
1207 1337 1283 1378 τοῦ
1303 1335 1509 1392 Μουρὰτ,
1541 1336 1598 1387 ὥς
1624 1335 1648 1379 ὅ
1678 1337 1750 1380 λό-

304 1414 376 1454 γος
408 1398 581 1455 φθάσας
607 1397 812 1453 ἐδήλωσε,
840 1397 914 1440 καί
937 1401 1012 1440 τοῦ
1039 1397 1223 1455 ὑπηκόου
1252 1401 1299 1443 τὸ
1326 1407 1507 1456 κρεῖττον
1523 1404 1624 1444 καθ’
1650 1398 1751 1466 §leoi-

309 1480 408 1519 στην
435 1465 681 1520 συρρέοντος
711 1465 776 1506 ἐπ’
801 1462 932 1506 αὐτὸν
959 1463 1016 1513 ὥς
1036 1466 1164 1520 δῆθεν
1188 1466 1262 1521 τήν
1290 1466 1495 1523 πατρικήν
1511 1467 1646 1523 θανήν
1673 1484 1750 1510 πα-

207 1544 298 1578 P.80
310 1531 560 1585 ραμυθῆσαι
579 1528 826 1582 βουλόμενοι
851 1529 924 1570 καί
947 1528 994 1570 τὸ
1022 1531 1096 1585 τῆς
1122 1532 1327 1587 α’ρχηγίας
1357 1530 1536 1575 εἰσόδιον
1561 1533 1751 1588 χαιρετιῖ-
1765 1549 1816 1576 20

308 1597 472 1648 ζοντες,
519 1591 673 1650 αἴφνης
706 1591 880 1649 μήνυμα
925 1595 971 1635 ἐκ
999 1594 1247 1649 Λαμψάκου
1289 1595 1346 1647 ὥς
1390 1596 1575 1654 τριήρεις
1611 1599 1657 1640 ἐν
1699 1599 1753 1656 τῇ

309 1658 618 1703 Καλλιουπόλει
644 1656 708 1702 ὅτι
736 1663 924 1702 πλεῖσται
952 1659 1025 1702 καί
1053 1665 1194 1717 φωναί
1219 1662 1292 1705 καί
1314 1665 1503 1719 ταραχαί
1527 1665 1601 1705 καί
1625 1660 1752 1718 σ’ργά-

308 1741 391 1768 νων
417 1719 516 1780 ἦχοι
546 1727 622 1768 καί
645 1725 792 1768 κτύποι
822 1726 1030 1776 ἐπάλξεων
1057 1729 1129 1769 καί
1156 1722 1263 1770 ἄλλα
1289 1727 1380 1772 τινὰ
1409 1735 1560 1785 σημεῖα
1586 1729 1753 1783 ἐχθρῶν

310 1870 398 1903 mati
423 1870 635 1915 procedunt.
680 1870 869 1905 confestim
900 1873 1126 1919 plebeiorum
1156 1873 1372 1915 multitudo,
1408 1879 1588 1920 quotquot
1625 1875 1752 1907 armati

311 1922 430 1958 erant,
455 1917 659 1962 ceterique,
683 1917 747 1961 qui
773 1923 944 1964 tanquam
969 1930 1095 1952 scenae
1118 1926 1335 1965 spectatores
1359 1927 1481 1962 erant,
1510 1931 1592 1954 eum
1619 1921 1754 1954 saluta-

311 1969 397 1997 runt
421 1974 462 1996 ac
491 1964 652 1997 venerati
679 1969 786 2006 sunt3
820 1967 1012 2011 cunctique
1036 1972 1163 2012 utpote
1189 1966 1272 2000 duci
1298 1973 1406 2013 atque
1430 1967 1636 2012 imperatori
1661 1967 1753 2000 oth-

310 2010 450 2043 manica
475 2011 588 2056 stirpe
615 2009 714 2043 edito
737 2011 998 2055 acclamarunt3
1023 2018 1059 2046 et
1082 2025 1196 2059 usque
1211 2013 1258 2046 ad
1270 2025 1453 2060 vesperam
1482 2025 1525 2047 ex
1548 2014 1646 2059 pagis
1669 2025 1754 2059 pro-

312 2057 417 2090 ximis
442 2057 599 2090 universi
637 2057 840 2091 confluxere
877 2059 1124 2093 venerabundi
1151 2072 1192 2094 ac
1216 2061 1332 2095 fausta
1358 2066 1556 2106 precantes.
1581 2060 1645 2105 qui
1668 2071 1753 2094 vero

312 2114 429 2136 arcem
453 2104 547 2137 intra
583 2103 709 2137 urbem
749 2104 854 2138 sitam
879 2106 1173 2151 propugnabant,
1198 2118 1271 2140 non
1296 2118 1453 2141 cessere:
1481 2107 1569 2152 quin
1593 2107 1754 2139 animose

313 2150 540 2192 resistentes,
569 2151 642 2184 alta
665 2162 752 2184 voce
770 2153 901 2186 Morati
929 2153 1071 2186 felicem
1096 2159 1262 2187 eventum
1295 2154 1560 2199 augurabantur
1581 2158 1752 2198 tanquam

315 2197 523 2241 imperatori
550 2207 614 2230 suo
638 2197 958 2245 universorumque
984 2199 1151 2241 domino,
1172 2201 1275 2234 iactis
1300 2202 1338 2234 in
1350 2199 1576 2245 Mustapham
1601 2198 1752 2245 probris.

316 2249 403 2276 tunc
424 2253 505 2287 ergo
530 2244 740 2289 Mustaphas
768 2245 924 2279 deducto
953 2246 1038 2279 inde
1064 2247 1221 2280 exercitu
1245 2248 1291 2280 ad
1317 2246 1530 2280 Chersonesi
1557 2245 1754 2278 Hexamili-

316 2301 376 2321 um
404 2289 544 2330 tendit,
577 2291 808 2337 universique
831 2292 1080 2334 Chersonesii‚
1115 2299 1152 2327 et
1175 2293 1238 2339 qui
1265 2299 1363 2327 extra
1389 2293 1616 2327 Peninsulam
1649 2291 1755 2325 habi-

316 2341 415 2376 tant,
442 2347 615 2371 concursu
642 2337 736 2372 facto
762 2350 843 2373 eum
867 2340 1035 2374 salutant.
1060 2340 1197 2374 interea
1222 2340 1408 2374 castellum
1432 2339 1652 2384 callipoleos
1680 2339 1754 2372 De-

316 2382 467 2416 metrius
495 2390 688 2427 oppugnat.

409 2427 481 2461 Sed
516 2428 562 2461 ad
597 2441 651 2463 res
679 2431 828 2465 Moratis
859 2432 1054 2466 narrandas
1090 2432 1296 2473 redeamus,
1334 2437 1376 2466 ut
1413 2430 1520 2464 nobis
1552 2431 1755 2464 innotescat

317 2474 449 2520 quibus
488 2475 604 2509 modis
636 2477 699 2510 ille
737 2478 926 2523 imperium
963 2479 1185 2520 obtinuerit,
1222 2481 1454 2512 Romaeorum
1488 2477 1589 2511 irrita
1618 2478 1755 2511 fuerint

317 2521 486 2562 consilia,
512 2523 692 2566 aufugerit
715 2523 925 2571 Mustaphas
949 2527 1101 2572 necique
1127 2527 1175 2560 sit
1198 2525 1362 2565 deditus,
1403 2523 1603 2557 deseruerit
1636 2525 1754 2570 ipsum

317 2573 459 2613 arrepta
489 2568 571 2613 suga
596 2570 765 2603 Cineites.
1024 2587 1033 2591 „

411 2610 499 2647 Cum
524 2616 652 2649 Prusae
682 2622 802 2660 ageret
822 2618 980 2652 Morates
995 2645 1004 2660 ,
1043 2624 1085 2652 ut
1107 2619 1283 2657 diximus,
1308 2616 1499 2662 potiorque
1522 2627 1602 2661 pars
1627 2613 1752 2648 subdi-

317 2667 436 2695 torum
464 2662 628 2706 quotidie
668 2662 714 2695 ad
747 2664 863 2708 ipsum
889 2666 1100 2699 accederent
1122 2665 1166 2698 de
1189 2669 1302 2696 morte
1326 2663 1438 2707 patris
1460 2662 1677 2696 consolaturi
1701 2661 1755 2694 ei-

319 2718 391 2752 que
416 2707 605 2752 imperium
631 2709 855 2755 adsumptum
881 2711 1138 2757 congratulari,
1164 2710 1284 2743 subito
1310 2710 1458 2743 nuntius
1484 2709 1675 2753 Lampsaco
1701 2707 1756 2739 af·-

320 2754 433 2788 fertur
458 2755 619 2792 triremes
655 2758 934 2803 quamplurimas
961 2758 1128 2803 Callipoli
1162 2758 1199 2791 in
1225 2756 1381 2791 statione
1406 2767 1502 2799 esse3
1525 2753 1753 2791 vociferatio-
