1916 3210
439 164 653 208 mmcn
692 164 1028 219 m'rEnrnm
1076 162 1329 207 mcERTo.
1483 143 1594 222 507

146 266 266 314 insta*
284 267 546 322 expeditione
583 267 804 320 et-graude
831 266 1234 323 apparecchiamento
1262 264 1340 305 che
1366 263 1496 306 havea
1522 280 1599 320 ap·-

147 324 386 380 pareehinto
429 331 576 364 eontra
617 324 834 377 Belgmdo.
909 323 1074 362 Amiano
1100 322 1295 376 adunque
1322 334 1398 361 con
1425 328 1531 361 tutta
1560 321 1599 362 la

147 395 220 425 ,sua
245 379 426 434 potentia
457 387 498 420 et
522 378 758 432 artegliaria
787 378 839 419 ad
871 378 1098 432 Belgrado‚
1143 385 1182 416 et
1202 377 1385 431 spinnat'e
1412 375 1451 416 18
1483 391 1602 416 mure

148 449 228 476 con
269 435 308 474 le
348 449 491 488 grosse
525 434 776 486 bombarde,
815 434 1022 474 habinndo
1061 433 1242 473 anchora
1288 433 1362 472 LX
1397 432 1502 486 galie
1531 433 1600 472 nel

146 490 269 530 fiume
298 489 470 541 d’lstro,
511 497 553 530 et
590 490 823 529 combatuta
868 490 907 528 la
938 497 1049 529 terra
1076 496 1194 529 tanto
1223 495 1498 542 asperamente
1523 487 1600 528 che

147 545 179 587 li
203 545 362 586 Turehi
388 546 434 584 ah
461 559 587 584 erano
617 545 755 584 intrati
787 546 935 584 dentro
965 553 1005 584 et
1030 542 1323 584 cominzavano
1354 559 1377 582 a
1408 543 1601 595 robbare,

144 600 311 656 quando
339 599 490 640 laneho
512 601 672 654 grande
689 601 879 648 vaivoda,
913 599 980 640 del
1002 599 1123 655 quale
1141 599 1278 639 avanti
1293 600 1470 640 havemo
1500 613 1601 652 par..

147 656 234 697 lato
251 681 264 707 ‚>
290 655 369 696 che
395 657 436 695 in
467 655 564 710 quel
592 669 718 696 zorno
750 656 879 696 havea
916 663 1080 708 passato
1109 655 1145 695 81
1173 655 1318 706 fiume,
1349 654 1462 694 intro
1491 654 1534 694 in
1561 655 1603 694 13

146 711 232 753 οἱδὶ
256 710 468 766 tagii-ando
510 719 551 751 et
577 713 801 751 amazando
837 711 878 750 di
908 711 1065 751 Tur-chi
1093 712 1236 765 quanti
1264 725 1315 750 ne
1341 718 1528 750 trovava.
1560 715 1604 750 et

144 761 275 809 {nox-ti
303 772 345 807 et
374 766 539 806 cacciati
565 770 707 821 quanti
739 766 899 807 Turchi
928 782 1054 807 erano
1085 767 1228 806 intrati
1258 767 1298 806 in
1329 765 1370 805 la
1401 766 1504 816 ciffi,
1539 779 1603 806 es·-

142 822 331 863 somna
357 835 430 862 sua
457 823 613 876 grande
643 830 684 864 et
713 823 896 862 valorosa
930 823 1172 877 compagnia
1207 822 1259 862 de
1288 821 1463 862 stratioti
1494 820 1602 861 ussok

0 886 25 1032 ὲ
145 876 257 918 della
278 877 359 917 cita
376 906 388 928 ,
419 879 741 934 persequitando
769 887 808 918 et
842 879 1050 933 tagliando
1075 879 1104 918 li
1131 866 1310 928 Turchi,
1339 884 1402 917 tra
1435 877 1461 916 li
1490 876 1604 931 quali

145 932 192 974 so
224 932 347 974 ferito
394 933 431 973 81
454 933 588 974 ducha
619 933 890 974 Mechemeth.
947 935 1004 974 Et
1033 934 1152 974 for-on
1180 934 1280 973 tolte
1308 932 1347 972 le
1376 932 1605 972 bombarde

146 995 187 1029 et
213 994 323 1029 tutte
349 987 389 1028 le
415 990 642 1030 monitione
672 989 840 1042 bellice3
868 995 910 1029 et
934 988 963 1028 li
993 988 1135 1030 navilii
1164 989 1264 1029 tutti
1293 988 1368 1029 che
1398 988 1431 1028 si
1461 995 1605 1028 trova-

144 1057 250 1084 rono
279 1043 347 1084 nel
388 1044 511 1085 fiume
538 1045 579 1085 di
613 1045 773 1085 Turchi
792 1076 804 1096 ‚
834 1045 982 1084 sorono
1009 1044 1190 1085 bruxati.
1244 1045 1295 1085 El
1322 1048 1498 1099 tyranno
1525 1058 1603 1083 con

145 1099 304 1155 grande
331 1113 535 1155 vergogna
563 1101 688 1141 torno
713 1103 752 1140 in
782 1101 1060 1154 Andrinopoli
1083 1130 1095 1152 ‚
1125 1099 1373 1140 consolando
1400 1099 1430 1139 li
1461 1098 1605 1139 subdi·-

2 1186 11 1200 -,
54 1201 60 1210 ,
143 1156 176 1196 ti
205 1154 282 1195 che
318 1154 455 1195 l’auno
496 1163 690 1211 sequente
731 1171 807 1196 con
851 1170 990 1196 mazor
1036 1163 1240 1211 apparatu
1285 1156 1433 1195 voleva
1459 1162 1607 1195 tornan-

4 1202 19 1237 ²
142 1209 199 1251 ad
227 1223 436 1264 expugnar
460 1211 717 1266 Bessogrado.
785 1213 968 1251 Tornato
1014 1211 1051 1251 el
1094 1219 1273 1267 tyranno
1316 1210 1384 1251 dal
1414 1209 1608 1251 conflicto

0 1260 15 1314 ἦ
53 1300 61 1310 .
144 1265 459 1320 de-Belgrado‚
501 1267 579 1308 del‘
612 1281 723 1308 mese
755 1266 805 1306 de
833 1266 1020 1321 Augusto
1047 1267 1105 1306 fui
1132 1267 1330 1307 mandato
1360 1281 1383 1305 a
1417 1281 1544 1321 pagan·
1571 1267 1619 1307 els

2 1319 15 1344 '³'
144 1320 303 1361 tributo
332 1320 401 1361 dal
432 1323 642 1377 principio
672 1323 723 1363 de
738 1322 873 1362 Lesbo
897 1329 1126 1370 consueto,
1157 1330 1196 1363 et
1226 1322 1461 1362 rechiedere
1482 1322 1511 1360 li
1531 1323 1611 1362 XL

142 1375 302 1417 homini
341 1376 395 1417 de
434 1379 568 1421 Lesbo
595 1379 648 1419 de
673 1378 713 1418 la
739 1393 846 1418 nave
883 1385 923 1418 et
952 1377 1086 1432 galia,
1120 1377 1150 1418 li
1181 1377 1295 1432 quali
1323 1377 1473 1417 fou-ono
1501 1379 1610 1431 presi

142 1446 167 1472 a
203 1433 363 1486 Lymno
380 1461 394 1481 ,
428 1447 544 1474 come
571 1435 707 1474 avanti
735 1433 909 1473 havemo
951 1440 1136 1474 narrato.
1191 1434 1245 1473 El
1273 1433 1434 1473 tributo
1465 1433 1507 1472 so
1541 1447 1611 1473 re·-

142 1494 315 1538 cavum,
341 1501 412 1534 *ma
440 1489 469 1528 li
491 1489 651 1529 homini
681 1490 758 1528 XL
787 1503 869 1528 non
901 1489 1048 1529 forono
1074 1489 1254 1534 renduti.
1285 1489 1372 1529 anzi
1404 1487 1610 1528 comandb

144 1541 185 1585 el
213 1551 392 1597 tyranno
424 1545 500 1584 che
538 1559 561 1584 a
587 1545 686 1584 tutti
715 1545 820 1585 fosse
863 1545 1025 1598 tagliata
1053 1546 1091 1585 la
1120 1552 1225 1585 testa
1247 1560 1259 1597 3
1280 1545 1316 1584 ·1i
1340 1545 1450 1598 quali
1479 1558 1608 1595 erano

143 1599 188 1638 in
212 1612 370 1652 prexon
411 1601 452 1640 in
482 1600 778 1654 Andrinopoli.
832 1601 889 1640 Et
929 1601 1080 1640 menati
1109 1601 1148 1640 al
1176 1602 1267 1640 loco
1295 1601 1402 1640 dove
1431 1599 1610 1639 deviano

146 1667 257 1694 esser
307 1653 558 1710 decapitati‚
606 1655 645 1696 el
684 1662 861 1709 tyranno
905 1659 1060 1709 pentito
1101 1656 1305 1696 comandb
1336 1656 1414 1695 che
1444 1655 1608 1695 fosseno

145 1709 332 1750 venduti.
401 1712 460 1751 Et
502 1711 649 1751 forono
690 1711 895 1765 comprati
922 1712 1059 1751 ducati
1088 1711 1213 1751 mille.
1245 1712 1310 1751 Ali
1338 1709 1446 1766 6965
1477 1724 1608 1751 venne
1620 1716 1690 1752 338

145 1765 198 1804 da
239 1765 367 1806 Roma
395 1767 437 1805 X
463 1766 596 1819 galie3
634 1766 685 1806 de
731 1767 770 1805 le
815 1766 934 1820 quale
981 1768 1023 1807 fo
1069 1766 1201 1821 legato
1252 1765 1541 1820 et'capitaneo
1570 1766 1610 1807 el

145 1820 383 1874 patriarcha
429 1821 691 1876 d’Aquileia‚
739 1823 932 1861 mandato
974 1823 1027 1863 da
1074 1836 1182 1876 papa
1211 1822 1361 1863 calisto
1387 1824 1428 1861 in
1459 1821 1609 1862 auxilio

147 1874 256 1916 delle
285 1875 415 1916 insule
443 1877 577 1917 vicine
605 1876 674 1916 alli
706 1876 816 1916 lochi
846 1878 897 1917 de
925 1877 1108 1927 Tun-chi,
1137 1879 1308 1928 Rhodo,
1341 1878 1445 1917 Chio
1465 1906 1479 1928 ,
1508 1877 1610 1918 Les-

147 1930 229 1978 bo,
263 1932 455 1986 Lyumo,
505 1932 692 1981 Embro,
734 1932 872 1972 Thaso
916 1939 959 1972 et
993 1935 1232 1974 Samotrazi.
1311 1934 1467 1984 Queste
1505 1932 1610 1986 galie

146 1987 362 2027 arivarono
410 2002 435 2027 a
472 1987 596 2028 Rodo
634 2001 707 2041 per
751 2001 855 2027 esser
881 1989 920 2027 la
949 1990 1026 2028 cita
1056 1996 1097 2028 et
1125 1990 1164 2029 la
1197 1989 1330 2029 insula
1357 1989 1538 2028 subiecta
1566 1987 1607 2028 al

146 2056 268 2096 papa,
289 2050 328 2082 et
358 2042 398 2082 la
418 2044 514 2098 qual
540 2043 620 2082 mai
645 2056 726 2082 non
767 2043 882 2083 volse
914 2043 991 2083 dar
1030 2044 1190 2084 tributo
1221 2044 1260 2083 al
1285 2043 1451 2083 Turcho
1477 2044 1528 2083 ne
1552 2045 1607 2085 ad

147 2097 256 2137 altro
271 2100 427 2152 signor-
458 2099 520 2138 Da
536 2098 686 2138 Rhodo
711 2099 918 2151 partendo
946 2114 1132 2139 vennero
1153 2102 1193 2139 in
1221 2099 1338 2141 Chio.
1370 2099 1606 2140 Comanda-

145 2153 176 2192 ti
208 2152 235 2192 li
254 2153 346 2193 Chii
371 2153 437 2193 dal
465 2155 600 2208 legato
631 2153 707 2193 che
737 2168 820 2193 non
850 2169 1072 2208 pagasseno
1093 2155 1270 2195 tributto
1301 2156 1339 2194 al
1352 2155 1534 2205 Tun-cho,
1563 2162 1607 2197 et

146 2209 218 2262 pih
256 2217 391 2262 presto
430 2210 723 2250 decernesseno
764 2209 803 2249 la
850 2224 996 2264 guerra
1040 2211 1115 2250 che
1142 2213 1251 2250 farse
1279 2210 1484 2250 tributarii
1509 2211 1605 2252 dem

148 2263 284 2318 impii.
360 2267 431 2304 Ma
458 2266 488 2305 li
509 2266 625 2316 Chii,
659 2265 736 2304 che
764 2265 950 2305 haveano
975 2273 1155 2319 provata
1184 2268 1221 2306 la
1249 2267 1310 2305 ira
1337 2265 1402 2305 del
1434 2273 1605 2321 potente

146 2327 187 2359 et
213 2320 362 2360 iniusto
397 2328 573 2376 tyranno
596 2351 608 2372 ,
648 2327 688 2360 et
734 2321 1033 2361 considerando
1072 2322 1173 2362 ch'el
1196 2321 1430 2375 patriarcha
1455 2337 1537 2362 con
1567 2324 1607 2364 le

144 2389 217 2415 sue
244 2376 348 2430 galie
376 2377 443 2416 nel
473 2384 613 2431 tempo
646 2376 699 2415 da
725 2380 865 2416 venire
889 2379 1069 2417 ternaria
1100 2378 1141 2417 in
1173 2378 1309 2429 ltalia,
1339 2392 1456 2418 come
1483 2378 1569 2418 fece
1590 2409 1604 2428 ‚

146 2430 435 2472 deliberarono
466 2435 707 2473 continuare
736 2432 772 2471 el
807 2433 969 2472 tributo
1004 2434 1041 2472 31
1066 2434 1252 2474 Turcho.
1306 2433 1360 2473 Et
1388 2434 1518 2474 simile
1547 2434 1607 2475 fe-

145 2500 248 2526 ceno
277 2489 290 2526 i
317 2488 467 2528 Lesbii.
526 2489 577 2528 El
606 2488 838 2541 patriarcha
881 2490 1115 2529 azonzendo
1144 2488 1222 2529 3118
1247 2503 1318 2529 sue
1346 2488 1448 2530 altre
1471 2497 1606 2530 trenta

141 2539 251 2593 'galie
279 2543 473 2596 pirou-ine
498 2544 548 2584 de
579 2543 792 2594 catalani,
833 2558 948 2598 prese
977 2544 1138 2585 l’insula
1167 2545 1219 2585 de
1244 2546 1417 2595 Limno,
1445 2545 1607 2586 l’insula

146 2597 199 2636 de
221 2597 474 2638 samotrachi
522 2607 562 2640 et
590 2599 641 2638 de
669 2599 790 2638 Taso.
866 2599 921 2639 Et
951 2603 1061 2654 posti
1091 2601 1142 2640 ad
1171 2601 1353 2640 cndauna
1384 2601 1435 2641 de
1463 2609 1606 2655 queste

148 2651 277 2692 insule
300 2652 328 2692 li
357 2657 415 2693 soi
444 2653 711 2708 governatori
758 2653 862 2695 colle
890 2656 1116 2696 munitione
1147 2656 1221 2696 che
1247 2671 1289 2697 se
1317 2657 1444 2697 dovea
1467 2685 1480 2706 ‚
1513 2671 1604 2697 esso

146 2707 268 2746 torno
307 2723 330 2748 a
354 2710 517 2750 Rhodo.
598 2709 802 2749 Havendo
849 2712 980 2751 inteso
1010 2713 1047 2752 el
1078 2720 1250 2766 tyranno
1280 2712 1318 2752 13
1344 2712 1470 2766 preda
1497 2711 1604 2751 dene

147 2762 301 2813 insule,
342 2764 593 2821 imponendo
632 2773 739 2806 tutta
788 2765 828 2806 la
853 2766 973 2823 colpe
1018 2768 1055 2809 al
1082 2769 1219 2822 signo:
1254 2768 1307 2809 de
1339 2768 1473 2810 Lesbo
1516 2768 1602 2808 fece
