1916 3210
323 155 440 229 428
635 202 642 210 ,
802 182 984 225 DUCAE
1018 184 1280 226 ffls‘romA

321 279 448 320 veder
473 279 512 321 la
538 279 621 323 nne
644 280 710 322 del
739 295 812 322 suo
832 283 1005 322 nemico.
1035 282 1216 324 Essondo
1243 283 1431 340 adunque
1455 285 1642 329 Patasith-
1666 288 1766 331 001ιό

320 334 448 375 ducto
476 335 516 376 al
543 336 638 377 loco
662 338 767 377 dove
795 338 924 376 dovea
952 351 1142 378 recevere
1170 338 1208 379 la
1235 347 1383 390 morte,
1412 341 1554 392 Zenait
1581 342 1763 399 l'im‘pffis

316 389 425 443 pero
454 390 528 430 che
555 390 613 431 lui
641 406 709 432 era
738 392 929 444 magistro
963 392 1014 431 de
1045 392 1188 447 tagliar
1215 396 1403 448 coglioni.
1431 397 1486 436 Et
1511 405 1653 451 questo
1666 399 1763 440 dis-

319 458 365 484 se
389 459 460 498 per
477 446 641 486 Audula
671 461 745 487 suo
775 460 934 498 zenero,
965 445 1001 486 el
1029 448 1149 500 quale
1166 448 1347 490 Paiasith
1377 451 1416 490 in
1442 451 1607 506 Epheso
1634 453 1764 495 havet

320 498 427 539 sacto
453 501 701 543 eunuchare.
765 501 819 541 Et
848 501 899 541 da
924 502 994 554 poi
1030 503 1138 543 dicte
1165 512 1302 557 queste
1332 505 1500 558 parole,
1529 523 1554 547 a
1581 508 1764 550 Paiasith

321 553 364 593 fo
392 554 553 608 tagliata
589 554 629 595 la
655 562 771 598 testa.
827 556 946 609 Dapo
985 564 1128 610 questo
1158 559 1198 598 so
1224 569 1388 600 menato
1419 562 1615 602 Comesan
1634 592 1647 611 ,
1682 563 1767 604 fra·

321 607 420 648 tello
450 609 502 649 de
527 610 734 662 Paiasith,
765 609 804 651 al
832 611 927 665 qual
959 611 1205 654 similmente
1243 628 1285 654 se
1311 616 1439 656 dovea
1465 618 1610 670 tagliar
1635 617 1673 658 la
1701 624 1767 658 te⁴

319 669 399 702 sta.
454 665 523 703 Ma
554 665 697 705 Zenait
723 666 911 705 vedendo
941 667 1076 720 quello
1108 682 1258 708 zovane
1287 677 1326 710 et
1353 673 1596 722 innocente,
1628 685 1766 714 mosao

320 717 373 757 ad
402 718 670 759 misericordia
698 719 827 760 disse:
857 722 999 761 lassate
1018 730 1179 776 questo,
1205 724 1351 777 perche
1376 739 1460 765 non
1481 727 1504 766 ὲ
1527 740 1645 772 como
1677 727 1765 767 rat-⁷

320 779 385 811 tro
414 773 591 816 crudele.
614 787 692 827 per
719 774 758 815 le
785 789 856 815 sue
897 790 1015 816 mane
1044 791 1128 817 non
1161 778 1182 817 ὲ
1212 779 1371 819 anchor
1397 781 1505 820 facto
1533 781 1649 822 alcun
1670 783 1767 822 'ma-

320 826 370 866 le.
399 827 457 865 sia
483 828 672 883 adunque
701 831 781 869 mio
810 830 1037 886 redempto.
1093 834 1131 871 O
1161 839 1297 873 mente
1324 835 1462 888 ignara
1497 835 1563 876 del
1600 842 1673 876 tuo
1701 837 1767 876 su·

316 888 410 919 turo
438 882 561 923 male!
620 884 713 924 Non
743 899 890 937 sapeva
916 887 953 926 el
987 886 1150 928 dolente
1168 889 1310 928 Zenait
1329 891 1411 930 ‘che
1435 890 1540 930 dona
1569 889 1707 931 l’aiuta
1736 907 1759 932 a

318 935 507 989 Camesa,
537 938 574 978 el
612 940 733 992 quale
779 941 908 980 dovea
945 942 1117 995 perdere
1144 942 1182 982 la
1213 943 1299 982 vita
1327 957 1425 999 sua3
1462 952 1503 984 et
1527 953 1680 998 quanto
1709 947 1767 986 lui

319 990 359 1030 fo
391 991 566 1044 benigno
607 1001 648 1033 et
684 994 774 1047 pio,
804 1001 922 1035 tanto
961 998 998 1036 el
1032 1010 1105 1036 suo
1137 997 1344 1051 redempto
1376 999 1419 1038 fo
1453 999 1576 1053 impio
1607 1007 1647 1040 et
1674 1005 1767 1040 cru·

317 1045 420 1085 dele.
477 1047 529 1087 El
568 1048 733 1089 novello
780 1051 966 1103 principe
1003 1053 1178 1091 Mustafa
1218 1067 1294 1093 con
1322 1053 1474 1107 grande
1506 1055 1697 1109 supet-bia
1726 1062 1768 1106 et

317 1115 466 1155 pompa
492 1102 603 1142 intro
643 1104 685 1143 in
715 1105 982 1158 Andrinopoli
1027 1121 1105 1146 con
1135 1114 1241 1147 tutto
1271 1107 1312 1147 lu
1342 1108 1533 1148 exercito.
1592 1109 1640 1149 Li
1665 1111 1768 1149 cita-

319 1156 404 1195 dini
430 1170 508 1197 con
537 1158 716 1212 alegreza
749 1165 790 1199 et
816 1160 915 1199 festa
937 1162 1143 1201 usscirono
1172 1163 1263 1202 fora
1290 1163 1340 1202 de
1358 1163 1396 1203 la
1429 1163 1585 1216 citade,
1614 1164 1768 1204 andan-

243 1209 401 1251 :Sadoli
443 1213 651 1265 incontra,
689 1214 966 1255 benedicendo
1012 1224 1051 1255 et
1080 1213 1288 1257 laudand6
1324 1217 1361 1257 el
1393 1232 1515 1258 nome
1551 1233 1637 1261 suu.
1713 1218 1767 1259 El

319 1266 534 1306 castellano
575 1275 616 1307 et
662 1269 690 1308 li
716 1270 876 1309 custodi
907 1270 1090 1323 deputati
1132 1271 1194 1311 ala
1223 1273 1391 1325 guardia
1430 1273 1496 1314 del
1523 1273 1688 1314 castello
1716 1274 1769 1314 de

317 1320 520 1374 Galipoli,
561 1321 748 1363 havendo
799 1325 928 1364 inteso
955 1325 997 1365 la
1023 1327 1192 1366 victoria
1225 1326 1275 1366 de
1303 1328 1502 1380 Mustela,
1533 1342 1618 1368 non
1648 1328 1766 1368 habi-

317 1377 424 1415 ando
453 1390 646 1430 speranza
673 1378 803 1431 poder
838 1379 1054 1419 defendere
1089 1381 1127 1420 la
1172 1383 1348 1429 fortene,
1394 1397 1469 1422 con
1499 1384 1603 1435 pacti
1630 1397 1767 1425 sacra·-

318 1431 484 1471 mentali
522 1431 659 1471 hanno
697 1432 792 1472 dato
836 1435 874 1473 el
903 1434 1080 1474 castello.
1148 1436 1359 1475 Demetrio
1386 1437 1584 1477 Leondari
1613 1438 1770 1478 comin-

322 1486 451 1525 zando
490 1486 543 1526 ad
572 1486 703 1526 fornii·
733 1487 769 1527 el
797 1488 962 1529 castello
992 1490 1082 1529 dele
1121 1505 1210 1530 cose
1239 1493 1482 1540 necessarie,
1512 1491 1563 1531 de
1590 1506 1701 1532 arme
1727 1500 1769 1533 et

322 1540 374 1580 de
403 1541 646 1591 munitione,
681 1556 757 1595 per
788 1556 907 1583 nome
937 1544 986 1583 de
1011 1544 1290 1598 l'imperad01·e
1321 1546 1371 1585 de
1399 1546 1764 1600 Constantinopoli,

321 1597 365 1635 in
395 1595 530 1649 quella
558 1597 662 1636 hora
698 1597 813 1637 arivo
856 1599 1019 1646 Zenait3
1055 1607 1094 1638 et
1137 1601 1322 1640 havendo
1349 1602 1452 1640 viste
1478 1602 1517 1641 le
1544 1616 1636 1642 cose
1666 1602 1770 1642 facte

325 1657 366 1690 et
390 1652 429 1691 lo
455 1652 609 1706 populo
637 1651 894 1692 Turchescho
912 1684 923 1703 ,
953 1653 989 1693 el
1016 1654 1134 1707 quale
1159 1669 1225 1694 era
1253 1657 1295 1694 in
1322 1655 1360 1695 la
1387 1663 1493 1696 terra
1521 1657 1571 1697 de
1598 1657 1767 1710 Galipo-

321 1706 366 1757 li,
393 1707 521 1747 molto
547 1706 713 1747 turbato
743 1721 815 1760 per
843 1707 882 1747 la
914 1710 1115 1761 insperata
1147 1712 1387 1762 mutatione,
1414 1712 1598 1751 cominzb
1626 1726 1763 1765 asper—

323 1768 511 1801 ramente
539 1777 562 1800 a
588 1762 831 1813 reprendere
858 1771 898 1803 et
929 1765 1128 1803 inzuriare
1157 1766 1391 1814 Demetrio,
1421 1766 1618 1806 dicendo:
1647 1779 1674 1806 0
1698 1781 1766 1806 ca·-

356 1817 478 1856 itanio
495 1817 683 1866 Dimitri,
713 1818 752 1855 io
777 1817 903 1857 credo
932 1818 1008 1857 che
1035 1826 1081 1857 tu
1112 1820 1223 1872 pensi
1255 1820 1328 1859 che
1353 1819 1383 1858 li
1410 1820 1591 1873 periculi,
1623 1819 1651 1859 li
1669 1835 1769 1875 qua·-

322 1829 355 1910 11
382 1871 557 1911 havemo
577 1872 787 1919 sostenuti,
819 1879 859 1911 et
888 1872 925 1912 la
950 1880 1089 1912 nostra
1109 1874 1323 1914 celeritade
1353 1874 1396 1913 in
1423 1875 1614 1928 expedire
1632 1875 1671 1915 le
1698 1890 1771 1915 co-

323 1939 368 1966 se
395 1934 554 1976 nostre,
585 1927 757 1966 havemo
785 1927 889 1966 facto
918 1942 992 1982 per
1019 1928 1058 1967 la
1085 1931 1339 1982 generatione
1360 1937 1399 1969 et
1428 1945 1502 1984 per
1529 1929 1572 1969 lu
1600 1931 1772 1984 imperio

326 1980 378 2021 de
405 1981 538 2021 Greci.
569 1996 651 2020 non
684 1982 706 2020 ὲ
734 1983 838 2031 cosi,
870 1996 935 2022 ma
974 1983 1038 2022 noi
1069 1983 1239 2023 havemo
1268 1985 1430 2024 faticato
1456 1999 1530 2039 per
1558 1999 1687 2025 essere
1713 1984 1770 2023 ‘li-

323 2034 458 2075 berati
487 2036 660 2076 e'ssendo
680 2038 843 2088 serrati,
875 2044 916 2076 et
942 2052 1018 2091 per
1047 2053 1154 2078 esser
1174 2040 1322 2093 signori
1351 2041 1516 2080 essendo
1544 2041 1662 2082 servi.
1690 2039 1770 2079 No‘i

326 2092 573 2131 existimemo
612 2092 688 2132 che
728 2106 809 2131 non
848 2092 948 2131 siate
990 2094 1085 2132 stati
1131 2108 1282 2133 caxone
1311 2095 1377 2134 voi
1408 2095 1459 2135 de
1485 2103 1626 2148 questo
1651 2094 1770 2137 bene.

326 2146 398 2185 Ma
423 2146 504 2185 ben
533 2147 717 2186 credemo
738 2148 814 2187 che
839 2146 1003 2186 habiate
1024 2149 1189 2188 faticato
1219 2151 1259 2188 in
1280 2157 1419 2202 questa
1444 2151 1668 2189 mutatione
1697 2163 1770 2202 per

327 2200 368 2239 la
411 2200 581 2240 volunta
623 2202 673 2241 de
717 2202 813 2253 (Ιίος
841 2209 880 2240 et
923 2201 1027 2242 delle
1066 2204 1213 2243 fatiche
1241 2204 1315 2243 che
1345 2206 1413 2243 voi
1439 2212 1478 2243 et
1502 2204 1573 2244 noi
1596 2204 1769 2243 havemo

253 2259 317 2295 153
330 2255 472 2294 durato
488 2287 500 2306 ‚
532 2256 718 2295 referimo
748 2258 874 2310 gratie
901 2257 939 2296 al
966 2258 1054 2297 solo
1075 2258 1158 2300 dio.
1189 2258 1259 2298 voi
1287 2273 1336 2298 ve
1363 2259 1505 2298 dovete
1533 2265 1769 2298 contentare

329 2309 437 2349 della
454 2318 593 2350 nostra
607 2312 780 2351 amicitia
797 2318 838 2351 et
855 2311 950 2351 delli
968 2312 1064 2352 doni
1084 2313 1294 2352 sufficienti
1309 2313 1382 2353 che
1403 2313 1547 2352 havete
1575 2313 1767 2352 rezevuti.

328 2366 399 2403 Ma
427 2366 564 2405 volere
591 2366 641 2406 da
681 2369 750 2406 noi
780 2367 910 2406 citade
941 2382 966 2406 0
995 2367 1177 2418 castelle,
1208 2375 1348 2421 questo
1378 2382 1455 2407 non
1487 2375 1654 2420 sperate.
1687 2368 1768 2406 Ba-

327 2426 389 2458 ste
417 2434 440 2457 a
467 2427 507 2459 te
535 2421 609 2459 che
639 2428 758 2461 torne
782 2424 876 2462 vivo
904 2437 927 2460 a
961 2423 1330 2476 Constantinopoli.
1362 2422 1655 2461 Recordandoti
1675 2422 1768 2460 delli

328 2474 424 2513 mali
451 2476 629 2514 recevuti
652 2478 692 2515 in
715 2478 872 2530 Lymno
897 2484 936 2516 et
961 2477 1065 2516 delle
1091 2479 1236 2516 iniurie
1255 2477 1348 2517 delli
1379 2478 1550 2517 Caloieri
1580 2476 1645 2515 uel
1676 2490 1767 2515 mo-

327 2529 504 2569 nasterio
531 2530 581 2569 de
610 2531 927 2571 Pammacaristo
947 2560 959 2581 ‚
998 2538 1044 2571 tu
1072 2532 1139 2571 hai
1166 2533 1272 2571 bona
1302 2533 1426 2586 gratia
1458 2539 1602 2585 portat·
1628 2530 1667 2569 la
1696 2538 1767 2570 tua

327 2589 444 2622 testa.
501 2584 566 2622 Tu
591 2584 660 2624 hai
682 2587 794 2626 Euro
813 2616 825 2637 ,
870 2594 994 2627 vento
1039 2586 1156 2626 dolce
1182 2594 1220 2626 et
1249 2587 1434 2628 secondo.
1493 2587 1599 2626 Vola
1628 2593 1766 2638 presto

328 2653 354 2677 a
383 2638 746 2693 Constantinopoli.
776 2641 916 2681 Saluta
944 2640 984 2681 10
1011 2642 1240 2693 imperudor
1266 2642 1316 2680 da
1342 2649 1456 2695 parte
1480 2648 1628 2681 nostra.
1688 2640 1766 2678 Di-

327 2692 447 2733 ceteli
473 2692 546 2732 che
569 2694 636 2733 dio
664 2695 718 2734 ha
745 2695 897 2736 donato
931 2711 954 2735 a
979 2698 1046 2736 noi
1068 2696 1104 2735 la
1138 2697 1328 2750 signoria.
1367 2698 1433 2736 Sia
1471 2696 1657 2748 adunque
1685 2708 1770 2733 0011

329 2747 397 2788 noi
426 2746 594 2802 la‘pace
620 2764 691 2789 sua
719 2756 758 2790 et
786 2764 862 2791 con
896 2750 952 2791 lui
981 2750 1021 2791 la
1046 2766 1144 2806 pace
1175 2758 1327 2792 nostra.
1386 2750 1611 2790 Domandal
1641 2748 1759 2788 Gali-
