1916 3210
406 149 700 196 ms’romAE
736 149 1074 194 mmmmm-2
1108 149 1234 196 CAP.
1258 154 1363 194 xm.
1535 134 1599 190 31
1620 153 1639 188 ι

196 254 314 307 σθεν,
340 247 405 296 ὅτι
430 251 732 307 ἀπωθούμενος
761 252 920 296 ἀπώσω
945 250 1071 310 ἡμᾶς,-
1098 249 1310 310 αἶργίσθης
1336 254 1403 311 ἐφ’
1433 254 1543 310 ἡμᾶς
1572 257 1651 302 ἕως

197 316 408 376 όφόδρα.”
462 313 587 363 οὗτοι·
611 318 651 362 οἱ
675 321 829 376 θρῆνοι
857 319 931 362 καὶ
964 318 1003 362 οἱ
1031 317 1196 363 κοπετοὶ
1221 321 1298 363 τοῦ
1330 321 1548 375 Ἰερεμίου,
1577 317 1653 368 οὕς

199 382 381 439 ἐκόψατο
409 386 458 429 ἐν
499 387 556 444 τῇ
590 379 748 429 ἁλώσει
791 388 865 442 τῆς
910 388 1096 436 παλαιᾶς
1117 383 1421 442 Ἰερουσαλήμ,
1455 383 1574 440 οἶμαι
1606 386 1654 427 δὲ

200 453 282 494 κατ’Δ
300 451 402 508 περὶ
425 454 501 508 τῆς
525 453 640 506 νέας,
670 454 808 502 καλῶς
835 451 880 496 τὸ
911 455 1077 507 πνεῦμα
1105 453 1163 510 τῷ
1194 451 1390 511 προφήτῃ
1418 453 1651 503 ύπέὸειξεν.
1669 458 1697 491 C

168 514 302 560 §noia
324 519 464 561 τοίνυν
486 520 656 573 γλῶσσα
679 518 898 574 ἐξισχύσει
923 522 998 562 τοῦ
1025 521 1156 562 εἰπεῖν
1181 519 1253 562 καί
1279 521 1461 575 λαλῆσαι
1488 517 1564 575 τήν
1589 535 1656 574 γε-

196 584 373 664 νομένην
411 584 459 627 ἓν
502 585 555 642 τῇ
580 582 701 628 πόλει
727 583 955 668 συμφορὰν
977 588 1051 628 καί
1077 584 1156 641 τήν
1185 584 1325 641 δεινήν
1358 586 1658 640 αιχμαλωσιάν

197 650 280 692 κατ’
293 648 371 704 τὴν
387 648 552 707 πικρὰν
579 653 794 704 μετοικίαν
813 685 826 707 ,
871 650 924 707 ἢν
950 651 1108 707 ὑπέστη
1129 684 1141 707 ,
1171 651 1246 694 οῦκ
1271 649 1354 694 ἀπὸ
1381 649 1658 708 Ἰερουσαλήμ

196 715 266 766 εἰς
281 718 526 769 Βαβυλῶνα
574 734 602 773 η
630 719 692 767 εις
716 714 993 772 Ἀσσυρίους,
1023 716 1113 760 ἀλλ’
1137 716 1221 760 α’πό
1254 713 1658 760 Κωνσταντινουπό-

195 785 303 831 λεως
327 783 388 832 εἰς
414 781 601 838 Συρίαν,
635 784 697 833 εἷς
724 782 967 838 Αἴγυπτον,
998 799 1059 833 εις
1082 782 1331 839 Ἀρμενίαν,
1365 799 1425 833 εις
1453 783 1658 839 Πέρσας,

138 846 260 896 ιοεῖς
297 847 526 903 Ἀραβίαν,
571 849 631 899 εἷς
669 847 899 906 Ἀφρικήν,
939 852 999 899 εἰς
1026 849 1210 894 Ἰταλίαν
1248 847 1490 905 σποράδην,
1536 851 1581 892 ἐν
1605 850 1660 905 τῇ

196 915 315 971 Ἀσίᾳ
335 916 389 971 τῇ
411 917 545 972 μικρᾷ
564 916 638 958 καί
654 916 700 958 ἐν
718 922 813 965 ταῖς
834 921 1001 966 λοιπαῖς
1029 918 1265 972 ἐπαρχίαις.
1293 916 1367 957 καί
1392 916 1527 958 ταῦτα
1545 917 1633 964 πῶς
1645 932 1660 966 ;

196 980 243 1022 ἑν
261 981 315 1036 τῇ
330 983 615 1039 Παφλαγονίᾳ
649 978 670 1022 ὃ
694 980 799 1037 ἀνήρ
817 981 891 1024 καί
908 983 953 1023 ἐν
974 981 1177 1039 Αἰγύπτῳ
1198 981 1221 1037 ἦ
1241 980 1359 1037 γυνή,
1378 980 1451 1023 καὶ
1469 980 1518 1022 τὰ
1539 983 1660 1023 τέκνα

196 1049 244 1089 ἐν
262 1041 406 1099 ἅλλοις
424 1043 570 1098 τόποις
588 1047 805 1103 σποράδην
829 1047 1127 1102 α’λλοιούμενα,
1146 1046 1226 1090 ἀπὸ
1248 1045 1430 1102 γλώττης
1447 1049 1507 1097 εἰς
1527 1048 1662 1102 γλῶτ-

199 1127 276 1155 ταν
313 1115 388 1155 καί
417 1112 488 1155 ἄπ’
527 1113 746 1167 εὐσεβείας
775 1114 836 1163 εἰς
876 1113 1076 1167 α’σέβειαν
1104 1112 1178 1156 καί
1203 1107 1288 1156 dri&
1317 1116 1447 1155 θείων
1475 1114 1706 1168 γραφαῖνῡ

138 1184 187 1226 15
199 1180 260 1229 εἷς
287 1175 494 1222 α’λλόκοτα
523 1180 764 1234 γράμματα.
838 1181 1016 1256 φρῖξον,
1048 1177 1139 1236 ἥλιε
1165 1178 1240 1222 καί
1265 1177 1320 1222 σύ
1347 1180 1418 1234 γῆξ
1468 1182 1662 1229 στέναξον

197 1246 262 1295 εἷς
299 1243 375 1302 τήν
412 1247 594 1300 παντελῆ
622 1242 923 1300 ἐγκατάλειψιν
964 1262 1042 1300 την
1069 1247 1294 1301 γενομένην
1332 1247 1378 1288 ἐν
1399 1247 1452 1302 τῇ
1479 1245 1661 1304 ἡμετέρα

196 1312 318 1371 γενεᾷ
349 1309 466 1367 παρὰ
513 1313 590 1354 τοῦ
616 1312 903 1367 δικαιοκρίτου
936 1312 1043 1352 θεοῦ
1073 1309 1145 1353 διὰ
1175 1311 1254 1361 τάς
1280 1310 1496 1366 ἁμαρτίας
1523 1310 1658 1367 ἡμῶν.

197 1374 276 1420 min
303 1379 432 1432 ἐσμὲν
458 1372 570 1430 αξιοι
601 1378 791 1420 α’τενίσαι
819 1376 863 1420 τό
900 1394 1019 1432 ομμα
1051 1379 1111 1428 εἷς
1139 1376 1345 1432 ουρανόν,
1375 1379 1416 1419 εἰ
1445 1394 1503 1432 μη
1533 1374 1664 1430 μόνον

201 1460 318 1486 κατω
357 1444 598 1493 νενευκότες
641 1461 711 1486 και
759 1445 819 1493 εἰς
846 1446 924 1499 γῆν
963 1442 1014 1486 τοὶ
1044 1443 1253 1500 πρόσωπα
1281 1443 1424 1494 θέντες
1455 1442 1662 1498 κράξομεν

135 1527 188 1556 20
200 1511 360 1560 δίκαιος
386 1505 443 1566 εἶ,
470 1509 604 1567 κύριε,
635 1527 706 1553 και
736 1510 881 1553 δικαία
901 1510 927 1566 ἢ
961 1511 1097 1565 κρίσις
1125 1526 1218 1552 σου.
1265 1509 1530 1565 ἡμάρτομεν,
1549 1508 1662 1564 ἤνο-

198 1575 421 1631 μήσαμεν,
465 1574 726 1633 ἠδικήσαμεν
760 1575 878 1633 παρὰ
932 1574 1070 1619 πάντα
1099 1593 1151 1619 τα
1189 1574 1309 1632 s'Qt‘htq
1366 1592 1437 1618 και
1461 1574 1597 1617 πάντα
1632 1573 1664 1616 οἳ

199 1639 403 1698 ἐπήγαγες
429 1640 562 1698 ἡμῖν,
591 1644 636 1685 ἐν
664 1644 847 1701 ἀληθινῇ
875 1660 944 1685 και
975 1643 1118 1685 δικαία
1140 1644 1275 1699 κρίσει
1307 1641 1520 1697 ἐπήγαγες.
1556 1639 1662 1696 πλην

201 1714 349 1766 φεῖσαι
377 1707 526 1764 ἡμῶν,
553 1708 692 1765 κύριε,
725 1711 931 1764 δεόμεθα.

202 1810 296 1839 atros
320 1805 414 1839 sicut
437 1816 458 1839 a
481 1806 662 1851 principio
678 1831 687 1847 ‚
714 1807 801 1852 quia
826 1806 993 1851 repulsus
1027 1805 1195 1851 repulisti
1218 1817 1306 1846 nos,
1334 1805 1447 1839 iratus
1476 1816 1512 1838 es
1538 1810 1663 1838 contra

201 1863 269 1887 nos
295 1852 539 1886 vehementer
544 1862 563 1877 ‘¹
590 1852 660 1886 hae
677 1859 762 1886 sunt
783 1854 1062 1887 lamentationes
1088 1858 1125 1886 et
1154 1853 1320 1898 planctus
1347 1853 1542 1894 Ieremiae,
1567 1863 1660 1896 quos

203 1898 252 1932 ob
279 1899 513 1945 antiquorum
546 1899 878 1954 Hierosolymorum
913 1900 1219 1945 expugnationem
1253 1899 1395 1940 edidit3
1435 1910 1525 1945 quos
1552 1898 1663 1932 etium

203 1945 252 1979 ob
285 1957 461 1980 novorum
488 1946 628 1980 cladem
667 1947 834 1992 spiritum
866 1947 1067 1993 prophetae
1106 1947 1323 1990 suggessisse
1348 1945 1440 1979 mihi
1466 1946 1664 1979 verisimile

204 1993 256 2027 fit.
279 1993 590 2027 verumenimvero
615 2004 710 2039 quae
742 1993 866 2038 lingua
889 1993 982 2027 adeo
1007 1994 1183 2039 eloquens
1209 1998 1246 2027 et
1274 1992 1409 2026 diserta
1437 1997 1511 2034 est,
1537 1999 1578 2026 ut
1605 2004 1665 2025 ca-

202 2040 430 2083 lamitatem,
465 2051 537 2087 qua
561 2039 646 2074 urbs
671 2041 878 2075 conflictata
908 2047 980 2082 est,
1007 2051 1173 2074 enarrare
1197 2039 1338 2085 possit?
1365 2040 1446 2085 quis
1473 2039 1665 2084 captivita-

203 2087 252 2121 tis
269 2098 457 2122 aerumnas
477 2093 515 2121 et
530 2088 856 2133 transmigrationis
879 2087 1128 2129 acerbitatem,
1153 2087 1287 2133 quibus
1306 2087 1439 2120 iactata
1465 2093 1532 2128 est,
1564 2086 1664 2120 edis-

204 2135 329 2170 seret?
353 2146 427 2169 non
453 2146 474 2168 a
502 2134 762 2180 Hierosolymis
806 2135 843 2168 in
867 2135 1089 2179 Babylonem
1112 2134 1172 2168 vel
1196 2134 1399 2178 Assyriam,
1423 2134 1489 2167 sed
1513 2146 1532 2166 ιι
1558 2134 1664 2178 Cpoli

203 2182 244 2216 in
265 2181 427 2227 Syriam,
451 2182 673 2227 Aegyptum,
699 2183 930 2224 Armeniam,
959 2183 1106 2223 Persas,
1133 2180 1327 2222 Arabiam,
1354 2181 1535 2221 Africam,
1561 2182 1664 2214 Itali-

203 2239 285 2271 am,
311 2228 350 2264 in
387 2229 508 2263 Asiam
532 2230 708 2263 minorem
745 2208 957 2275 ceterasque
981 2229 1185 2284 provincias
1211 2206 1377 2262 translati
1403 2233 1488 2262 sunt
1510 2229 1663 2262 incolae

203 2276 310 2322 atqui
345 2287 418 2323 quo
458 2276 591 2322 pacto?
629 2277 668 2310 in
704 2276 985 2332 Paphlagoniam
1013 2277 1185 2317 maritus,
1220 2275 1259 2308 in
1282 2275 1482 2320 Aegyptum
1506 2275 1664 2315 mulier,

203 2322 315 2357 liberi
340 2324 379 2358 in
402 2323 511 2357 aliam
543 2324 727 2369 regionem
750 2325 884 2370 passim
909 2323 1096 2357 distracti·
1088 2348 1097 2366 ,
1140 2335 1160 2355 ιι
1188 2327 1294 2367 gente
1319 2323 1504 2357 idiomatis
1532 2302 1664 2356 diversi

203 2370 246 2404 in
280 2371 389 2404 aliam
426 2369 671 2412 differentem,
697 2382 718 2404 a
758 2372 896 2417 pietate
921 2371 958 2404 in
989 2371 1239 2416 impietatem,
1272 2381 1292 2403 a
1319 2369 1452 2403 divinis
1477 2369 1665 2403 codicibus

205 2416 254 2451 ad
276 2417 450 2452 absurdas
484 2419 679 2464 scripturas
716 2418 886 2452 traducti.
912 2418 1168 2472 perhorresce,
1209 2417 1326 2451 solet
1349 2422 1389 2450 tu
1416 2417 1528 2451 terra!
1556 2429 1667 2461 genus

204 2469 369 2498 nostrum
393 2465 559 2499 funditus
586 2477 747 2499 eversum
768 2477 808 2499 ac
836 2471 933 2499 recto
961 2465 1019 2498 dei
1039 2463 1176 2498 iudicio
1202 2463 1249 2497 ob
1277 2470 1425 2510 peccata
1452 2470 1575 2498 nostra
1604 2463 1668 2497 de-

206 2516 382 2546 structum
421 2512 616 2557 gemitibus
643 2525 684 2546 ac
720 2513 886 2558 suspiriis
922 2512 1054 2557 lugete.
1089 2512 1154 2557 qui
1184 2511 1223 2545 in
1256 2511 1378 2545 coelos
1406 2513 1530 2545 oculos
1559 2512 1668 2544 tolla-

206 2569 299 2600 mus,
325 2559 467 2604 indigni
495 2571 640 2602 sumus,
668 2559 824 2594 demisso
852 2561 890 2593 in
916 2565 1049 2593 terram
1073 2559 1190 2600 vultu,
1219 2563 1257 2592 et
1280 2558 1320 2591 in
1343 2558 1473 2592 faciem
1498 2571 1669 2604 procum-

206 2604 337 2640 benten
362 2607 576 2649 clamemus,
602 2584 718 2640 itistus
747 2619 795 2649 es,
823 2607 990 2647 domine,
1016 2611 1054 2640 et
1078 2611 1215 2640 rectum
1243 2604 1419 2638 iudicium
1444 2611 1558 2639 tuum.
1584 2617 1667 2649 pte-

209 2653 389 2695 cavimus,
425 2654 552 2699 inique
587 2654 760 2695 fecimus,
799 2660 835 2687 et
863 2665 948 2699 prae
977 2654 1106 2686 ceteris
1135 2652 1346 2686 nationibus
1373 2652 1520 2686 iniuste.
1546 2651 1668 2685 clades

211 2698 344 2743 quibus
368 2711 434 2734 nos
460 2703 607 2735 aisectos
631 2681 804 2741 voluis⁷ti‚
831 2702 1011 2735 sententia
1047 2707 1110 2733 tua
1139 2712 1182 2733 ex
1211 2711 1328 2744 aequo
1353 2705 1389 2734 et
1417 2712 1500 2734 vero
1522 2700 1596 2734 lata
1622 2699 1669 2732 il-

211 2745 307 2781 latae
331 2753 423 2783 sunt.
454 2758 560 2794 parce
587 2753 732 2789 tamen,
762 2747 926 2790 domine,
952 2746 1140 2783 orantibus
1165 2746 1283 2780 nobis
